3392 4320
176 266 771 371 2. Guttings
2025 95 2894 190 een enen een eeeeenennsen
1916 166 2900 244 Theraus, Wienerisch, österreichisch zu sein. Bahr meinte,
1922 199 2903 290 daß Grillparzer und Saar gewiß auch Wiener sind, aber
1913 264 2904 342 doch nicht so bewußt als die junge Schule. Schade nur,
921 253 1379 358 box 38/4
1915 310 2911 387 daß Hermann Bahr Raimund, Nestroy und Anzengruber
1901 345 2899 433 aus dem Spiele gelassen, hat, denen man das richtige,
1925 397 2898 464 bewußte Wienerthum gewiß nicht absprechen kann. Dieses
1011 414 2893 530 — „Concordia“=Vortrag. Am Sonntag sprach Wienerthum nun ist das Gepräge, auf das am meisten
966 484 1930 557 Hermann Bahr über „Jung=Oesterreich“ oder, wie
1921 492 2900 580 Werth gelegt wird, und von diesem Standpunkte aus
950 536 2894 623 der sein Thema näher präcisirte, Junz=Wien. Trotz der wird Manches gelobt und anerkannt, was anderswo
964 589 1919 650 gleichzeitigen großen Veranstaltungen, welche viel Pu¬
1936 598 2898 673 eben wegen dieses besonderen Duftes nicht gewürdigt
956 642 1920 693 blienm anzogen, hatte sich eine sehr zahlreiche Zuhörer¬
1933 648 2903 721 werden kann. Ob nun daran etwas Großes sei, fragt
958 692 1922 750 schaft eingefunden, um den bekannten Schriftsteller per¬
1926 701 2894 772 Bahr, und antwortet selbst: Die „jungen Wiener“ haben
965 743 1917 801 sönlich kennen zu lernen. Und hier gilt das „persönlich“
1929 747 2895 809 es verstanden, das Dichten wieder in die Mode zu
963 792 2903 869 noch in ganz besonderem Sinne. Hermann Bahr ist es bringen; sie verdrängen Niemanden, und wenn sie nicht
964 831 1916 887 nicht nur gelungen, durch seine wirklich geistvollen Essays
1929 840 2903 903 das Große, im alten Style Bedeutende bieten, so geben
964 877 1918 947 und Kritiken, durch seine kühn vorwärts dringende pole¬
1921 896 2895 966 sie doch etwas Achtenswerthes überhaupt. Aus diesem
956 921 1918 989 mische Art die allgemeine Aufmerksamkeit zu erregen,
1926 944 2893 1015 Grunde verlangt er für die Leistungen von Jung=Wien
965 980 1929 1043 sondern — und er gesteht es kokett ganz offen ein — auch
1924 986 2894 1049 etwas Achtung und ein bischen Neigung, Nun, was die
954 1035 2894 1093 durch die äußere Form seines Gehabens das Interesse Achtung und Reigung anlangt, so haben sich die besten!
963 1073 2887 1155 weiter Kreise auf sich zu lenken. Nun, es ist wirklich Köpfe von Jung=Wien über Mangel daran nicht zu be¬
961 1125 1932 1187 etwas Ungewöhnliches, was er in seinem Vortrage bietet.
1924 1124 2893 1198 klagen. Arthur Schnitzler vor Allen hat sich den Boden
962 1171 1926 1233 Seine Darstellung ist ohne Zwang, untermischt mit
1923 1182 2886 1253 vollständig erkämpft, und von Hugo von Hofmannsthal
957 1219 1931 1280 kleinen Künsten, die ihre Wirkung nie verfehlen; sein
1927 1230 2897 1307 spricht man doch überall mit Achtung und wird ihm auch
955 1267 1933 1325 Organ hat einen starken Reiz, den er in allen Modula¬
1923 1278 2892 1355 gern die Neigung zuwenden, Daß Jung=Wien unter der
960 1319 1929 1372 tionen zur Geltung zu bringen weiß; die lässige Art,
1930 1324 2897 1399 Führung Bahr's so bescheiden sei, wie Bahr selbst an¬
962 1370 2890 1458 die speciell das Wienerthum bedeuten soll steht ihm sosgibt, können wir nun nicht empfinden. Aber warum
962 1407 2886 1506 gut, daß man von seiner=Causerte dassilbe Vexgnügen sollen wir nicht auch den Wiener stolz lieben wie den
962 1453 2120 1521 hat, wie von einem feinenGesellngaftslustspille, das von Spanier!
960 1516 1932 1581 den besten Schanspielern des Burgtheaters aufgeführt
2003 1496 2911 1589 Die Proben, die Hermann Bahr las, waren, von !.
957 1566 1931 1629 wird. Was er uns zu sagen hatte, schien fast Nebensache
1925 1560 2899 1622 der ersten abgesehen, nicht gerade geeignet, das Dichter¬
962 1606 1919 1694 gegenüber dem Gesammteindrucke der für Prag neuen
1931 1622 2898 1687 thum Wiens besonders glänzend darzustellen. Wir kennen
970 1654 1358 1726 Form des Vortrags.
1922 1648 2911 1742 viel Besseres von ihnen. Aber da es sich um eine Vo¬¬
1042 1689 1920 1772 Bahr sprach also über Jung=Wien, und wenn wir
1926 1713 2900 1781 lesung handelt, bei der das Merkmal von Jung=Wien:
948 1760 1921 1823 ihm sonst gern das Recht zugestehen wollen, in allen
1932 1767 2879 1844 das Grüblerisch=Sinnende, das Duftig=Unfaßbare nicht
948 1812 1918 1875 Fragen der Kunst mitzusprechen, so hat er, wie man
1923 1821 2880 1863 gut zum Vorschein treten kann, so wollen wir auch
954 1860 1923 1912 weiß, in der Frage Jung=Wiens noch ein ganz beson¬
1919 1860 2884 1934 daraus keinen Vorwurf schmieden. Nur auf etwas möchten
1921 1902 2888 1982 wir noch zu sprechen kommen, auf Hugo von Hofmanns¬
1914 1962 2891 2038 thal. Dieser junge Dichter ist, noch fast Gymnasiast, mit
1918 2000 2892 2086 einem reizenden dramatischen Bilde aus der Renaissance¬
1921 2046 2906 2126 zeit hervorgetreten: „Gestern“. Das kleine Büchlein ist
1923 2103 2890 2172 voll echte Poesie. Seither haben wir etwas so Erquicken¬
1910 2130 2889 2222 des und Ossen=Schönes von Hofmannthal nicht gelesen.
1904 2184 2886 2259 Wir sagen Offen=Schönes, weil die Dichtungen, die Hof¬
1914 2236 2898 2332 mannsthal seitdem veröffentlicht hat, sehr fein und tief;
1907 2286 2877 2365 sind, aber doch keine freie Wirkung üben. Es ist eine
1913 2336 2880 2401 Poesie für die obersten Tausend. Und das hat Hermann
1910 2375 2895 2467 Bahr auf dem Gewissen. Die Jung=Wiener schwören
1908 2434 2885 2511 mit Recht auf die hohe Begabung Hofnlannsthal's, aber
1918 2480 2883 2558 es muß ihm sein wie einem Zauberer, dem man immer¬
1902 2515 2887 2608 fort auf die Finger sieht, oder wie einer Frau, die auf
1905 2578 2876 2649 einem Balle als die voraussichtliche Königin erwartet
1912 2629 2885 2704 wird. Es scheint ihn die Verpflichtung zu drücken, als
1901 2675 2887 2754 Dichter immer etwas absonderlich Neues, etwas aus der
1904 2709 2875 2790 tiefsten Tiefe Geholtes zu bieten, und darüber geht seine
1897 2755 2871 2838 im Inneren frische Kraft für das eigentliche Volk ver¬
1890 2803 2867 2902 toren. Ich habe einige der letzten Gedichte von Hof¬
1896 2857 2871 2948 mannsthal mit Verwunderung gelesen. Man liest und
1898 2916 2882 2993 weiß nicht recht, worauf diese „schönen Adjectiva“ hin¬
1885 2956 2871 3048 zielen, und schließlich bleibt nur ein unbestimmtes
1900 3015 2869 3097 Klingen im Ohre zurück. Wir möchten nur wünschen,
1889 3047 2868 3155 daß Jemand dem Dichter den Muth beibrächte, einmal
1897 3109 2871 3186 nicht originell zu sein und sich zu geben, wie rr ist. Ich
1885 3139 2869 3239 denke, wir bekämen Dinge zu hören, die uns Alle herz¬
1884 3195 2869 3299 lich erfreuen würden. Wir bitten darum, nicht immer
1890 3259 2865 3333 „anders als die Anderen“; denn darin liegt zwar der
1888 3291 2862 3379 Kernpunkt einer neuen Schule, aber nicht der einer Per¬
1888 3341 2868 3424 sönlichkeit. Und vielleicht ersucht Hermann Bahr seinen
1896 3401 2870 3493 Freund, einmal ungenirt er selbst zu sein. Hermann
1885 3450 2862 3518 Bahr las von ihm die bekannte Einleitung zum
1899 3496 2874 3576 „Anatol“ von Schnitzler, und er liest wirklich vortreff¬
1887 3548 2864 3626 lich. Die Skizzen von Felix Salten kann ich nicht be¬
1886 3590 2856 3674 sonders hoch anschlagen. Es sind recht gewöhnliche Dinge,
1885 3641 2864 3714 die Salten als sub specie aeterni gesehen ausgeben
1879 3696 2861 3772 will. Lustig war vie Anekdote von Hermann Bahr: „Die
1877 3732 2851 3805 schöne Frau“. Sie erhebt keinen großen Anspruch und
1883 3793 2855 3868 wurde ungemein lebhaft belacht. Hier bei uns in Prag,
1886 3831 2858 3926 die wir nach einem bekannten Worte zwischen Berlin
1889 3883 2851 3939 und Wien liegen, wollen wir uns an Allem erfreuen,
1886 3919 2864 4004 was uns hier und dort geboten wird. Aber soweit sind
1875 3976 2851 4060 wir doch Oesterreicher, daß wir uns besonders freuen
1874 4028 2851 4108 werden, wenn sich Jung=Wien recht kräftig und voll
1871 4064 2730 4151 entwickelt. An Neigung wird uns niemals fehlen.
2796 4142 2918 4221 See
