3392 4320
900 229 1388 329 box 38/4
164 236 773 358 2. Cuttings
2203 1105 3181 1175 Rivalinnen im Schauspiel nicht allein, sondern
266 1137 2226 1201 Schicksal, und eine Hand, die sie in die Höhe finden vermochten wie das Publikum. Aus all
2206 1153 3188 1217 auch im Singspiel übertreffen, um jeden Preis
1231 1150 2217 1219 den Süßigkeiten wurde auf der ungarischen
274 1164 1249 1239 ziehen, oder eine, die sie in die Tiefe stoßen will,
2199 1187 3188 1263 Erfolge erringen, und; da heißt es denn, das
274 1200 2219 1289 läßt sie nicht mehr los. Atta Troll entfloh bär= Bühne schließlich: Zuckermelone mit Paprika,
2202 1251 3195 1304 unterste zu oberst kehren und den Wahlspruch
276 1261 2206 1342 beißig seinem Treiber; denn der Ring in der  — ein Gericht, das der Ungar wohl zu ver¬
2209 1303 3198 1380 der modernen Operettensängerin beherzigen:
277 1304 2215 1387 Nase beleidigte sein Selbstgefühl. Auch der speisen pflegt, das ihm aber kaum mundet, und
2202 1347 3199 1426 „Lieber dreimal ausziehen, als einmal ab¬
1236 1340 2211 1425 einem anderen schon gar nicht. Die Megyaszay
277 1361 1252 1445 ungarische Bär wird an der Nase geführt; nur
2203 1402 2430 1481 brennen.“
1236 1409 2207 1475 ist zweifellos ein Talent. Sie erinnert an die
289 1412 1249 1480 steckt der schmerzhafte Ring nicht mehr im
135 1440 295 1511 emde
2248 1444 3204 1523 Weder in der Operette noch im Drama muß
294 1458 2220 1527 Riechorgan, sondern am Finger. Dem Trauring Mela Mars und die Yvette Guilbert, nicht nur
145 1484 291 1554 se des
2207 1498 3185 1575 die begabte Künstlerin befürchten, daß sie „ab¬
1238 1489 2213 1569 weil ihre Backenknochen ebenso scharf hervor¬
291 1512 1103 1590 ist eben am allerwenigsten zu trauen.
128 1541 292 1607 chnell
1239 1554 2206 1624 treten, wie bei dieser, und ihre Stimme ebenso
2212 1538 3190 1629 brennen“ könnte, denn selbst in der Rolle des
321 1554 1251 1634 In Ungarn, wo das sogenannte schwache
143 1587 294 1652 besaß
2216 1602 3187 1666 „süßen Mädels“, das ihrem magyarischen
1247 1605 2210 1673 schwach ist, wie die der anderen, sondern auch
287 1618 1258 1684 Geschlecht ganz und gar nicht schwach ist, kann
145 1636 297 1699 likum
2214 1657 3195 1713 Temperament hundert deutsche Meilen fernlag,
1240 1653 2219 1723 weil sie im Vortrag den Reiz und die Pikan¬
282 1667 1257 1747 das „süße Mädel“, dessen Leben eigentlich nur
153 1691 295 1751 Ehe¬
2214 1699 3195 1759 hatte sie Beifall. Freilich, selbst wenn sie muster¬
1251 1705 2211 1766 terie, die Ausdrucksfähigkeit und die Dar¬
291 1708 1255 1785 aus schwachen Stunden besteht, bloß einen
138 1734 296 1795 urige
2217 1731 3196 1827 haft gespielt hätte, würde das ungarische Publi¬
1239 1746 2218 1823 stellungskraft beider vereinigt und die Meister¬
286 1766 1254 1838 fremdartigen, exotischen Eindruck machen.
143 1771 304 1860 iratet
2207 1795 3185 1864 kum ihre „Liebelei" nicht verstanden haben
1250 1803 2214 1878 kunst versteht, mit den kleinsten Mitteln die
290 1802 1253 1883 Selbst die Schauspielerinnen des National¬
156 1835 295 1890 n un¬
2215 1838 3190 1914 Ihre Darstellung goß wohl Wein ins Wasser
1242 1850 2217 1924 größten Wirkungen zu erzielen. Sie ist aber
281 1864 1256 1929 theaters, die dazu berufen sind, alle Geheimnisse
163 1874 301 1946 nsich
2220 1879 3195 1950 aber auch das half der „Liebelei“ nicht, denn
287 1903 2217 1982 des weiblichen Herzens im Osten und Westen! ein unruhiger Geist. Im jüngsten Jahre sah
153 1931 287 1994 . und
2224 1943 3191 2006 im Magyarischen hat die Liebe keinerlei
1248 1944 2223 2019 man sie in einem Sommertheater, dann in
285 1964 1257 2027 der Weltliteratur zu enthüllen, wußten sich
136 1979 293 2050 garn
2222 1978 3208 2057 Diminutiv, sondern bloß einige Superlative.
1245 1999 2217 2067 einem Variété, hierauf im Lustspieltheater,
297 2008 1253 2086 keinen Rat, und so mußte denn eine Dar¬
146 2034 298 2090 frauen
2223 2035 3197 2100 Goethe sagt schon: „Deutsche mögen gern die
1255 2052 2226 2119 später in einem Kabarett, hernach im Königs¬
284 2046 1267 2140 stellerin für die Hauptrolle in Schnitzlers
158 2077 296 2142 von
2225 2082 3200 2146 naiven, ruhigen, nicht die leidenschaftliche
1254 2102 2229 2172 theater und schließlich im Nationaltheater, von
284 2104 1262 2186 „Liebelei“ aus der Nachbarschaft geborgt
149 2127 300 2188 ungen
2214 2128 3204 2204 Frauen“, und wenn einer, so war der Altmeister
1260 2146 2231 2215 wo sie direkt wieder auf eine Brettlbühne
283 2165 1262 2231 werden. Diese nächste Nachbarschaft war selbst¬
135 2172 292 2248 meist
2219 2186 3201 2256 auf diesem Gebiet stets Meister und niemals
1263 2200 2226 2266 sprang. Aehnlich jenen leidenschaftlichen Sport¬
285 2211 1257 2283 verständlich ein Kabarett. Denn in Budapest
152 2221 307 2298 wenn
2215 2228 3201 2293 alt. Aber dem ungarischen Geschmack entspricht
1262 2244 2225 2324 freundinnen, die jede interessante Gegend
138 2256 1264 2347 pielen vermehren sich die Kabaretts jetzt so wild, daß
2231 2276 3198 2340 dieser Ausspruch nicht. Die süßen Mädchen der
1264 2294 2228 2366 mindestens einmal sehen wollen, will sie in
282 2290 1261 2379 sie bereits die Kaffeehäuser überflügelt haben,
148 2325 307 2400 n die
2222 2329 3197 2394 deutschen Literatur sind dem Magyaren zu
1255 2339 2226 2423 jedem Theater wenigstens einmal gewesen sein,
293 2337 1261 2427 und dabei sind die Kaffeehäuser hier zahlreicher
149 2373 304 2433 samt.
2233 2369 3200 2445 süß. Er würde vielleicht die selbstlose Auf¬
1261 2400 2228 2461 aber bei derartigen Kraftleistungen magert
293 2410 1257 2473 als die Häuser überhaupt. Man darf füglich
150 2420 303 2485 ndie
2218 2407 3204 2490 opferung Gretchens und Käthchens — sie waren
1253 2441 2228 2515 selbst die üppigste und eingefleischteste Theater¬
304 2454 1264 2525 sagen: Der magyarische Globus hat ein modernes
161 2465 305 2530 eben
2222 2473 3163 2535 bereits süße Mädel mit klassischen Versfüßen —
1268 2494 2227 2559 fanatikern ab. Wie erst die Megyaszay, die
287 2498 1270 2579 Brettl vor dem Kopf. Die Rolle der butter¬
170 2519 304 2579 t auf
2229 2518 3158 2582 hinnehmen, aber die Ungarin begreift di
1261 2525 2236 2608 immer so schlank war, daß man leicht erraten
304 2550 1272 2624 weichen Christine, dieses süßen Mädels, das
154 2567 299 2633 haben
2221 2564 3188 2638 Opfersehnsucht der alten und neuen, der historis
1259 2595 2230 2661 konnte, warum sie einer überzarten Libelle
290 2583 1268 2675 anfangs Zuckerwasser weint und schließlich
150 2619 301 2680 n ein
2234 2598 3202 2686 schen und der hysterischen süßen Mädel ganz
1264 2639 2235 2715 gleich von Bühne zu Bühne flatterte: sie besaß
304 2646 1268 2722 Feuer speit oder wenigstens schreit, gelangte
2225 2664 3208 2736 und gar nicht; sie goutiert die Musikantentöchter
139 2663 299 2734 keinem
1255 2680 2242 2757 eben kein Sitzfleisch! Und deshalb war sie bald
303 2707 1270 2767 in die Hände der Brettldiva Vilma Megyaszay,
155 2715 295 2783 stand,
2234 2701 3209 2784 Christine Weirig ebensowenig wie die Musi¬
1265 2737 2228 2815 hier und bald dort, spielte heute Naive und
294 2748 1273 2820 die den Leichtsinn mehr leicht als sinnig dar¬
154 2766 300 2828 n an¬
2226 2754 3216 2840 kantentochter Luise Miller, denn diese Limo¬
1261 2786 2236 2860 morgen Heldenmütter, sang einmal im Kaba¬
304 2796 1267 2865 stellte. obwohl er vom Dichter eher sinnig als
139 2812 313 2884 weisen
2226 2823 2864 2889 naden sind ihr zu matt...
1264 2840 2243 2905 rett und mimte ein andermal im Drama. Sie
294 2851 1265 2918 leicht gemeint war. Der Dichter kam, genau
154 2864 317 2929 n hin
2263 2846 3215 2951 Wäre Hamlet ein ungarischer Königssohn
1257 2885 2244 2962 flog vom Kothurn direkt in die Operetten¬
152 2897 1274 2966 geben, genommen, nur selten zu Wort. Uebersetzung
2239 2925 3210 2989 gewesen, er hätte niemals den Ausspruch ge¬
292 2934 2226 3029 und Darstellung vermagyarisierten ihm die trikots hinein, machte sogar die geschmacklosen
154 2943 317 3025 sist
2237 2973 3215 3035 wagt: „Schwachheit, dein Name ist Weib!“, denn
150 2984 2235 3065 #u ver- ganze Liebelei, in deren subtilen Herzensfragen Toilettenwechsel und endlosen Entkleidungs¬
2236 3023 3214 3087 für die Erfahrungen, die er bei seinem süßen
142 3030 2242 3110 weige und heiklen Gemütsproblemen sichder Translatorszenen die den Modedivettes auf den Leib ge¬
159 3067 3218 3174 st ihr und die Schauspieler ebenso wenig zurechtzu= ichrieben werden, mit, denn sie wollte ihre Mädel Ovbelig machte. bringen die Blätter
