3344 4352
16 2955 65 3003 d4
940 217 1412 299 box 38/4
198 216 797 321 2. Cuttings
1934 1286 3155 1365 und wird ein ganzer Erfolg. Den „Zwölf aus der Steiermark“
702 1304 1910 1382 haben. Tief in den arbeitenden Menschen versteckt ist Osterreich.“
1938 1332 3051 1407 folgte vor einigen Monaten der Roman „Die Haindlkinder“.
703 1351 1913 1415 Man muß daran erinnern, daß Bahr es war, der etwa vor zehn
1960 1369 3154 1442 Ein übereinstimmender Jubelruf, so viele der Chorus der deutschen
706 1392 1916 1451 oder zwölf Jahren die österreichische Provinz literarisch entdeckte.
708 1425 1926 1495 Mit seiner flammenden, mitfortreißenden Propagandagabe zog er
1934 1433 3150 1501 Kritik auch umfassen mag, scholl diesen Büchern entgegen. Der
164 1437 477 1522 terfrühling.
713 1475 1923 1539 plötzlich zehn oder zwölf Literaten aus den entlegensten Provinz¬
1942 1475 3144 1534 „Jörn Uhl“ wurde nicht in so hohen Tönen a#sgerufen! Beim
713 1505 1926 1570 nestern. Einige von ihnen waren sogar Dichter. Alle aus alpen¬
1934 1503 3152 1573 Titel „Zwölf aus der Steiermark“ begann das Enczücken; man lobte
170 1509 393 1584 er=Wien.
715 1547 1926 1619 ländischen Gebieten. Die nie unterbrochene Fühlung mit der Natur
1932 1550 3164 1615 seine liedhafte, treuherzige, frische Stimmung. Waren einige Seiten
178 1549 694 1624 in das Leben und die Tat,
713 1587 1923 1657 gab Bahr, dem Häuptling der nervischen Kultur, die Notwendigkeit
1936 1580 3157 1653 gelesen, fühlten sich Kritiker und Publikum herzenswarm und ge¬
168 1606 701 1662 Nacht einen Dichterfrühling in
711 1623 1932 1685 neuer Blutzufuhr ein. Aus den Alpenländern kam damals schon
1934 1628 3158 1692 mütlich angestrahlt, heimatlich und erdtren eingesponnen. Nach¬
172 1636 707 1702 der Fügung, gar etwa tieferer
1935 1663 3154 1736 denklich und doch lebensfrisch nimmt hier einer alle Lebenschwere
706 1658 1920 1721 ein frisches deutsches Dichterleben. Bahr aber, der die Heimat¬
172 1680 702 1743 fülle, eine Höhe literarischen
707 1704 1931 1781 literatur Österreichs nicht schuf, aber in den Kreislauf unseres
1935 1707 3154 1767 auf leichte Achseln und lehrt als jeglicher Weisheit besten Sinn: die
168 1720 707 1776 Bau wirklich ein göttlicher
1942 1741 3158 1805 Tat. Alle die vielen, die dies Buch schon rühmten, schrieben vom inneren
722 1740 1921 1805 Geisteslebens einbezog, muß Hugo von Hofmannsthal nicht um
169 1765 708 1826 Weister geweckt, seine müde
1941 1786 3154 1846 Reichtum seiner menschlichen Charaktere, der Fülle seiner dichterischen
718 1771 1931 1843 Erlaubnis gefragt haben, als er versuchte, Jung=Wien von der
170 1797 700 1862 der einen Genius Austriae?
1941 1827 3159 1883 Gefühle, fühlten sich am Ende von seiner Musik betört. Oder sie
714 1818 1922 1893 Provinz aus zu regenerieren. Es kam auch nicht zu stande. Der
161 1825 711 1901 Kraft wenn es mit Mutter
1943 1864 3162 1925 gerieten in die Gefahr, sich in ein Phantom ernstlich zu verlieben:
724 1868 1928 1929 geistige Hochmut der Wiener Dichter mit den Infantenseelen war
172 1873 708 1931 isch ist aber der rechte Öster¬
1952 1900 3165 1967 in die unsäglich süße, unsäglich weibliche Frau v. Karminell. Ach
717 1916 1003 1980 viel zu groß!
172 1919 710 1972 hein Zeichen, daß der deutsche
1973 1946 3169 1999 — man wird sie einst zur Muse der ganzen literarischen Strömung
759 1934 1931 2012 Bahr, der Provinzler, gab der „Provinzliteratur“ die leider nicht
170 1958 678 2011 d Kraft zum Leben besitzt?
1947 1980 3166 2037 ausrufen! In ihr ruhen alle Sehnsucht, alle Ideale, alle Wonnen
713 1968 1931 2040 durchgedrungene, dichterisch aber wertvolle dramatische Lebens¬
166 1994 710 2073 Blut dieses neuen Frühlings
1942 2015 3163 2080 des nacht der Sonne, nach der Freude, nach der Höhe strebenden
722 2018 1935 2091 geschichte des Dialektdichters Franz Stelzhamer. Aus Bahrs agita¬
183 2056 714 2113 und mag er ästhetisch noch
1952 2066 3167 2119 jungen=Osterreichers; sie ist durchaus ein Symbol. Um die Welt,
718 2062 1928 2133 torischen Auregungen gingen Vorläufer der jetzt ohne „Programm“
163 2090 708 2152 erecht? Vielleicht ist's Über¬
1947 2095 3154 2153 die zwischen der Schnitzlerschen Christine aus der „Liebelei“ und
730 2093 1926 2165 ohne Schlagwort, ohne Führer blühenden Literatur in Österreich
168 2123 720 2189 es Gefühl, in all den letzten
1946 2129 3156 2201 der Frau v. Karminell liegt, sind wir älter ernsthafter, tiefer,
726 2143 1934 2211 hervor. Diese Nachfolger der Bahrschen Entdeckungen, verstärkt
173 2174 714 2236 ßer nationalen Außerung und
1943 2161 3156 2235 reiner, strebender geworden. Sind die „Zwölf aus der Steier¬
728 2181 1930 2240 um Schriftsteller, die damals zwar schon Buch um Buch schrieben,
1946 2214 3150 2270 märk“ gleich nach dem Grillparzerschen „Armen Spielmann“
730 2223 1941 2283 dennoch aber unbekannt blieben, sie bilden heute eine aus dem
1952 2239 3167 2311 das Buch mit der echtesten Seele des armen, von nationalem Un¬
728 2258 1682 2337 Boden und der Seele Österreichs quellende Literatur
168 2253 718 2334 nberg, Schaukgl Salten sind
1947 2288 3165 2359 frieden heimgesuchten Österreichs, so versucht Bartsch' zweiter Roman
203 2297 717 2368 ihre=Kreise und Wertung.
768 2296 1933 2378 Dieses neue literarische Leben fand aber Wiege, Schule und Be¬
1949 2327 3164 2395 „Die Haindlkinder“ die Seele einer Wiener Familie zu symbolisieren.
171 2344 721 2416 Jung=Wien“, sind einge¬
726 2356 1931 2422 tätigung in unseren Bergen. In den Höhen der Alpen gedieh sie;
1946 2369 3172 2422 Denn dies ist ja das Geheimnis seiner Kunst, daß er nicht Be¬
175 2378 722 2452 schichte der modernen Lite¬
740 2384 1938 2458 unbedingt aber — fern von Wien. Dort, wo schon ewiges Eis an
1945 2393 3172 2467 gebnisse oder Geschehnisse erzählt, sondern seelische Komplexe und
167 2418 714 2485 tor nun, der vielgeliebte,
733 2435 1930 2499 den Himmel grenzt, fanden sich die Tiroler Lyriker zusammen, und
1947 2449 3160 2502 Anlagen gestaltet. Er schafft Ausdruckstypen für Treue, Liebe,
172 2456 714 2520 venn man ihn nur einmal erst
724 2463 1943 2536 ein Stündchen von Wien, an den beiden Abhängen des Paraplui¬
1957 2501 3158 2541 Lebenslust, Weisheit, „schildert“ aber nicht Menschen, die treu,
171 2499 726 2568 wenigsten Artist innerhalb der
735 2504 1940 2574 berges bei Petersdorf, schrieb der leider zu jung verstorbene Gustav
1946 2525 3165 2591 lebenslustig, liebreich, weise „sind“. Daher strömte die Intensität
174 2545 715 2599 eten und Dichter Wiens.
735 2549 1943 2616 Macasy den an Zola gemahnenden, grandiosen realistischen Charakter¬
1959 2573 3174 2627 seiner inneren Welt. Und dies führt zum Wesen der alpenländischen
176 2580 714 2645 d das „süße Mädel“. Gewiß:
734 2582 1420 2671 roman, „Die Chronik von Dirnau“.
1959 2615 2127 2672 Dichter.
173 2607 721 2687 grenzter und bestimmter Bezirk
764 2631 1938 2698 Gewiß hätten die schönen zahlreichen Talente Österreichs noch
177 2665 722 2723 Hermann Bahr hat sich seiner
1980 2646 3160 2720 Der Deutsche in Österreich will und braucht eine positive, eine
741 2673 1951 2740 lange nicht die Aufmerksamkeit und Anerkennung des deutschen
177 2701 713 2754 Häutungen und Überwindungen,
2784 2690 3164 2751 ieses Tönen vater¬
1949 2695 2771 2762 erhebende Literatur. Das Heimatsgefühl,
733 2709 1946 2779 Reiches — die für jeden österreichischen Literaten das wertvolle
2756 2745 2804 2771 1111
180 2726 722 2790 cht wienerisch, — ist gut linze¬
1952 2734 3165 2796 landsvoller Seelen, es ist der Drang des jungen Österreichs zu
1479 2740 1953 2814 gefunden, wenn da nicht!
733 2755 1492 2821 und erstrebenswerte Kriterium bildet —
175 2772 733 2836 Dekadenz brachte diese frische
1952 2775 3160 2833 neuem Leben, zu neuem Ruhm. Die „Zwölf aus der Steiermark“ sind
733 2794 1946 2850 ein junger Poet aufgetaucht wäre, der nicht bloß die würdige Kritik,
176 2813 725 2875 kinem letzten Buch — er heißt
1954 2813 3175 2872 ein poetisch=politisches Bekenntnis. Die seelischen Ereignisse zwischen
732 2833 1942 2900 sondern auch das Publikum ja die Masse des deutschen „lieben
179 2849 732 2916 Vorrede: Mich aber quält's,
1962 2861 3175 2911 den zwölf Jünglingen: einem Alldeutschen, Südslaven, indifferenten
733 2876 1943 2924 Lesers“ eroberte, bezwang, bezauberte. Der Sänger war ein kurz¬
175 2883 725 2958 sen Lächeln begegne, das jedem
1952 2899 3173 2955 Zuuftmenschen, Juden, einem nach Erziehung und Beruf unbedingten
737 2910 1948 2976 gewachsener Oberleutnant des k. u. k. Heeres, Herr Rudolf Haus
182 2921 734 2986 bekennt; es wird mir heiß
1961 2932 3171 2990 Schwarzgelben, entrollen die Zerrissenheit, Gegensätzlichkeit des öster¬
732 2945 1951 3025 Bartsch. Ein Roman, nicht zu langatmig und nicht zu schmal, voll
193 2966 742 3035 möchte weinen, daß wir
191 3024 2449 3063 wir sind und was wir! Herzenswärme und zugreifendem Temperamente, war sein Erstling! reichischen Völkergebildes.
