3344 4224
119 193 726 295 2. Cuttings
1656 102 2308 171 ——
1280 111 1517 190 —
872 179 1341 268 box 38/4
1984 1071 2421 1143 Kopf= und Herzensrechner
955 1158 2426 1224 nicht mehr hineingehörig, und überall wittert er in den Mienen einen stillen
953 1207 1942 1273 Vorwurf der unberechtigten, störenden Anwesenheit.
1075 1254 2416 1297 Und in einer — im Theaterstück freilich glatter als in der Lebenswirk¬
942 1314 2413 1360 lichkeit funktionierenden — restlosen Konsequenz erfüllt er seinen „Hinterbliebenen“.
956 1357 2414 1402 einen Teil seines Testamentes, macht unter seine bisherige Existenz einen ener¬
952 1411 2427 1476 gischen Schlußstrich, löst sich aus allen Zusammenhängen und geht auf Reisen,
951 1455 1737 1521 um ein wahres neues Leben anzufangen.
1072 1499 2422 1550 Nicht von den letzten Masken auf der Schwelle des Todes, sondern von
948 1558 2425 1614 Maskenspielen des lebendigen Lebens handelt, freilich nur ganz skizzenhaft, der
958 1607 2420 1647 Auftakt des Abends, „Graf Festenberg“. Salten schwebte dabei die so inter¬
953 1648 2421 1722 essante Psychologie des Hochstaplers vor, deren flüchtige Amrisse man so oft
958 1709 2418 1759 in den vermischten Nachrichten der Zeitungen findet: diese Naturen, die durch¬
955 1760 2421 1817 aus nicht allein aus äußerer Gewinnsucht, sondern auch aus Eitelkeit und einer
945 1804 2427 1844 entschiedenen äußeren und inneren Begabung zur höheren gesellschaftlichen Rolle
955 1838 2423 1890 ihre „Fortune korrigieren“, dabei autosuggestiv an sich glauben und fast immer so
947 1910 2433 1952 vollendet echt auftreten, daß die echten Kreise sie unbedenklich akzeptieren. Hier
957 1960 2428 2014 steckt etwas von jenem Begriff der „Wahrheit der Masken“, etwas Seelen¬
946 2003 2426 2044 wanderisches vielleicht, und ganz gewiß ein dichterisches Thema. Salten hat
952 2048 2425 2101 dies Thema vom genialen Hochstapler, der sich innerlich als Aristokrat fühlt
949 2105 2433 2160 und dem die aus „innerer Berufung“ angenommene Rolle sogar besser sitzt
945 2152 2427 2211 als manchem legitimen Wappenträger, leider nicht zur menschlichen Ausgestal¬
947 2210 2431 2263 tung geführt, sondern nur theoretisch in der Form von Vortrag und Diskussion
956 2242 2426 2300 zur Verhandlung gebracht. Sie wird dadurch veranlaßt, daß der „Graf Festen¬
960 2295 2429 2345 berg“ von dem eifersüchtigen Vetter seiner adligen Frau als Kellner entlarvt
959 2347 2417 2393 und der Polizei übergeben wird. Als Abgangsspeach gibt es den durch Zwischen¬
956 2403 2427 2472 rufe mühsam dramatisch gemischten Monolog über den hochstaplerischen In¬
951 2440 1265 2506 dividualismus.
1080 2489 2434 2544 Auch in diesem Rechenexempel steckt wieder ein Rechenfehler, der das
953 2541 2417 2593 Ganze brüchig macht. Alte Familien würden wohl in einem solchen „Reinfall¬
959 2595 2434 2642 Fall“ immer den Skandal und die unheilvolle Kompromittierung durch Polizei¬
958 2643 2433 2692 aktion und Prozesse vermeiden, sie jedenfalls nicht wie hier freiwillig provo¬
955 2693 2426 2741 zieren. Salten denkt an so etwas gar nicht, er denkt nie weiter als an seine
959 2742 2434 2789 Szene und was er aus ihr für Augenblickswirkung schlagen kann. In die
963 2784 2427 2836 Begriffszusammenhänge und in die Gesamtvorstellungswelt seines Personals
953 2840 2424 2896 versetzt er sich nicht. Es ist für ihn nur eine Spielzeugtruppe, die für einen
957 2886 2381 2932 Augenblick effektvoll aufgestellt, dann wieder eingepackt und vergessen wird.
1092 2948 2135 3001 Wir gehen aus dem Theater und tun desgleichen ...
1081 3021 2426 3093 Wenn zwei dasselbe kun, dann ist es nicht dasselbe . .. Auch Bernard
954 3080 2425 3135 Shaw, der Ire, der Hexenmeister ironischer Lebensspiegelung, den diese Be¬
962 3144 2433 3201 richte oft im exzentrischen Reifensprung zeigten, ist ein Rechner; kein Schöpfe¬
951 3188 2439 3247 rischer, dem seine Dichtung in einer Gestalt leibhaftig aufgeht, sondern ein
965 3234 2433 3274 Denker und Philosoph, bei dem zuerst die „Idee“, der Einfall da ist. Sie
956 3287 2429 3335 wird dann personifiziert und die darstellerischen Vorgänge sind im Grunde
961 3332 2372 3381 Schachzüge des Verfassers, der eine programmatische Partie abspielt ...
1085 3395 2433 3444 Wenn zwei dasselbe tun, ist es nicht dasselbe . .. Bei Salten ging die
959 3438 2430 3484 Rechnerei durchaus auf einen Augenblickseffekt der dramatischen Situation aus,
962 3483 2448 3533 auf etwas qualitativ ziemlich Niedriges, bei Shaw dagegen ist die Mathematik,
961 3531 2438 3592 um im Bilde zu bleiben, sphärisch. Seine Kombination, sein spekulativer Aus¬
