3392 4352
1156 120 1930 210 eeec un  renen hene un
126 170 504 228 räßliche zu begreife
620 177 884 240 Ste lernt es
892 186 1940 257 Sen nentalität haben alle. Anatol gehört der ver¬
125 210 886 280 ht ein, daß des Ende des einen Ver¬
891 230 1933 299 m##nden Bürgerklasse an, dem Stande, in den
130 253 885 307 ihn nur der Anfang des neuen ist und
896 271 1924 339 S##mitzlers Dichtungen zumeist spielen. Man geberdet
117 294 885 370 nicht mehr war als viele andere vor
890 319 1929 383 sich hier oft international, raucht ägyptische Cigaretten,
128 339 889 408 streuung. Datötet sie der Schmere oder
886 354 1935 426 nagt englische Kravatten und schwärmt von Paris.
125 386 849 450 htsinnig. Nach einer kurzen Halbira¬“
885 406 1934 468 Aber diese Buntheit ist nur äußerlich. Im Grunde
126 429 845 486 der so ein lieber Kerkund das Schifer¬
886 453 1928 514 sind die Leute Wiener, wenn auch der Dialekt der
116 478 868 536 on Neuem. Ba# ### der Wman des
878 502 1929 556 Vororte hier nur schüchtern durch die Portieren
159 503 859 591 für das Schnitzler den Namen „Das
879 532 1925 610 dringt, wenn auch die derbe Lustigkeit der unteren
126 527 404 626 esunden jat.
892 579 1927 645 Schichten sich hier nur in einer, durch überfeine
122 591 856 681 ##e#t ist das Vorstadtmädel vielleich“
910 623 1925 688 #ultur stilisierten Art giebt. Aus dieser Gesellschaft
124 661 857 705 icht ganz so. Aber immer findet me
884 671 1919 716 #umt Anatol und ihr steht er auch gegenüber. Der
116 705 863 761 und Züge, die auch die von Schnitzter
875 708 1925 769 Lebemann verletzt ihre Moral, ihre Banalität sein
878 751 1153 816 Künstlertum.
121 727 867 797 r hat. Er hat gleichsam das Besondere
119 789 876 859 ädchen benützt, um eine einzige Figur
937 809 1919 880 Das waren lange Zeit die für Schnitzler charak¬
128 831 225 887 ten.
871 830 1924 910 teristischen Personen. Schon glaubte man Schnitzler
126 858 858 945 rt wurde diese Gestalt zum ersten
871 910 1917 962 zu kennen, wenn man den „Anatol“ gelesen hatte.
124 925 859 975 ktol“. Es ist dies eine Reihe drama¬
868 941 1921 1003 Man fand, daß dieses eine Thema in den übrigen
142 971 855 1033 welche anmutig und geistvoll die
866 983 1896 1047 Werken nur variiert ei. Die Dramen: „Märchen",
126 1011 852 1065 es jungen Lebemannes mit seiner
875 1023 1926 1085 „Liebelei", „Freiwild“, „Das Vermächtnis“, „Die
112 1050 848 1123 deln. Sie findet sich aber auch später
864 1077 1915 1121 Gefährtin“ und die Novellenbücher: „Sterben“, „Die
125 1098 856 1169 in Dramen wie in Novellen. Aber
870 1115 1921 1162 Frau des Weisen“, alles was Schnitzler schrieb, wurde
123 1143 847 1206 uns als ein anderes Wesen entgegen,
865 1161 1920 1222 auf seinen Gehalt an Anatol geprüft und man freute
133 1189 853 1249 ,daß sie einmal Ballerine, das zweite
862 1196 1910 1267 sich stets über das günstige Resultat der Untersuchung.
128 1211 854 1288 erin und dann wieder Probiermam¬
936 1252 1927 1311 Da mit einem Male kam eine überraschung.
149 1276 855 1337 wie wenn Schnitzler in dem Vor¬
862 1293 1912 1340 Mit den Einaktern Die Gefährtin“ und „Paracelsus“
130 1309 852 1371 as entdeckt hätte, was er in jeder
864 1336 1915 1392 wurde am selben Abend im Burgtheater die Groteske
119 1362 845 1414 stalt wiederfindet und ihm anheimelnd
865 1385 1921 1438 „Der grüne Kakadu“ aufgeführt. Sie ist die be¬
129 1414 844 1464 entgegenleuchtet. Dieses Etwas ist
869 1427 1917 1487 deutendste Schöpfung Schnitzlers, ist im Vergleich
121 1445 846 1515 Element und was er uns giebt, ist
863 1478 1910 1531 zu den anderen Dichtungen wie ein Koloß, ein
140 1497 839 1558 dieses Elements in seiner Seele.
864 1514 1912 1576 Felsblock in einer anmutigen Au. Man liebelt hier
119 1535 847 1611 ener Mädels ist bei der Gestaltung
866 1561 1924 1614 nicht, man liebt, haßt und mordet. Keine müden und
114 1577 847 1651 eibes also Voraussetzung, der Kern,
868 1597 1916 1651 halben Regungen. Kunst, Scheinkunst, Rachsucht,
116 1626 843 1698 Einzelheiten gruppiert, die in der Ge¬
859 1633 1916 1695 Liebesraserei, mit Füßen getretene, angespieene
124 1670 490 1733 arakter bedeuten.
858 1685 1921 1752 Autorität, Freiheit, Freiheitswahnsinn, Naivetät,
112 1715 839 1793 er hat Schnitzler eine Frau geschildert,
861 1732 1867 1794 plumpe Spekulation, Dekadenz, Brandstiftung, —
114 1785 843 1832 Inn Lebensinhalt oder deren Ein¬
860 1784 1907 1838 ein Chaos von Affekten, Episoden und Kontrasten,
127 1816 840 1872 benslauf eines Mannes bestimmend
857 1818 1913 1884 die mit der raffiniertesten Technik gegeneinander
131 1861 839 1922 sie nur eine „Episode“ und das ist
853 1863 1904 1917 ausgespielt werden. Auf diesem tosenden Meer
123 1906 844 1968 iger, als die Frau in der modernen
853 1902 1903 1958 schwimmt die unendlich einfache Handlung. Der
134 1952 842 2007 st von außergewöhnlicher Macht ist.
858 1953 1909 2012 Schauspieler Henri entdeckt, daß ihm seine Geliebte
116 2002 838 2054 dberg, wie bei Ibsen und d'Annunzio.
859 1995 1912 2062 mit dem Herzog von Cadignan untreu ist und tötet
122 2039 843 2102 kann und Sudermann liegt in ihrer
849 2036 1904 2091 diesen. Das geschieht in einem kellerartigen Lokal,
148 2079 838 2144 wesentlichste Motiv des Dramas.
859 2086 1916 2155 dem „grünen Kakadu“ in dem das mondaine Paris
847 2109 1907 2183 Ludwigs XVI. dem Laster der Straße Rendezvous giebt.
161 2133 845 2183 „süßen Mädel“ ähnliche Gestalten
123 2172 831 2239 mag man vielleicht an Goethes
852 2167 1907 2235 Von außen dringt der schmetternde Freiheitsjubel
852 2221 1896 2267 der Marseillaise in den Keller, man hört die Schritte
852 2261 1905 2311 der Banden, die gegen die Bastille ziehen und unten
124 2257 833 2339 Infachheit ist das süße Mädel eigent¬
848 2303 1896 2367 wird die Blüte der französischen Aristokratie unter
126 2321 832 2381 et, einen Konflikt herbeizuführen.
850 2350 1897 2412 dem wiehernden Freudengejohle des Pöbels gemordet,
150 2364 829 2426 emeisten männlichen Charaktere
858 2396 1896 2459 während die adeligen Damen dem seltenen Schau¬
131 2407 837 2467 esten Sinne dramatisch. Und wie
856 2436 1900 2508 spiel, einen wirklichen Herzog töten zu sehen, Bei¬
148 2443 829 2514 im süßen Mädel, so ist für seine
853 2474 1135 2548 fall spenden.
125 2493 836 2558 n im Anatol ein Schlüssel zu finden.
148 2542 835 2604 ist hier besonders markant und
925 2530 1898 2624 Das wienerische Mädel ist hier nicht zu finden.
125 2583 835 2644 gt. Anatol ist halb Roué und halb
834 2582 1892 2654 Mit großem psychologischem Können sind alle Cha¬
126 2634 837 2680 risch veranlagter Genußmensch, ein
837 2634 1890 2702 raktere, der Zeit und dem Orte entsprechend, gezeichnet.
130 2678 825 2734 er poetischer Müßiggänger. Ein
833 2693 1884 2740 Das ist das Paris der Revolution, das sind die
126 2719 823 2779 derfließen ist in ihm von Lebens¬
836 2727 1889 2787 Letzten des altfranzösischen Adels, das ist der Mob,
116 2758 828 2826 keit, von Blasiertheit und Liebes¬
833 2775 1884 2823 der im Freiheitstaumel Säulen und Kunstwerke
118 2811 818 2863 rt abgetönt, von Affekten bewegt,
838 2809 1891 2862 zerstörte, Könige schlachtete und sich endlich von
116 2849 831 2919 haften aussehen und von trüben
831 2861 1891 2915 Robespierre und Bonaparte knechten ließ. Nur der
125 2891 313 2948 edämpft.
399 2877 836 2962 Mit diesem Anatol
833 2898 1895 2961 müde, lebenssatte junge Herzog, mit seinen Träumen
132 2922 1968 3026 chen Charaktere der übrigen St## von einem erhabenen Dirnentum, seinem Gei und —
848 2996 1895 3084 seinem Sinn für Schönheit mag ein wenig
1903 3013 2945 3104 sein sollen." Die Schlichtheit dieser, beinahe wie
853 3051 1886 3127 die Erinnerung an Anatol wecken. Eine innige
1906 3082 2946 3148 eine Bitte aussehenden Forderung hat etwas aus¬
846 3098 1893 3169 Harmonie besteht zwischen der Empfindung und dem
1897 3123 2954 3197 nehmend Mildes. — Wir sollen gut sein und ver¬
843 3142 1884 3207 Geist, von welchem die Sprache des Stückes erfüllt
1892 3160 2954 3232 zeihen! So klingt es, wie eine wundersam sanfte
845 3191 1892 3252 wird. Jeder Teil des Dialoges ist interessant, oft
1902 3213 2953 3279 Musik, in allen seinen Werken wieder; und dieses
845 3238 1891 3316 wie ein gutes Apereu, oft wie eine große Wahrheit,
1908 3260 2945 3323 zarte Erklingen ist ein großer Teil des lyrischen
844 3273 1362 3334 neue Ideen offenbarend.
1903 3303 2949 3366 Gehaltes seiner Dichtungen. Bei manchen, wie bei
931 3310 1883 3390 Und sonderbar: Das Gedankliche des Gespräches
1894 3327 2931 3392 den Novellen: „Die Frau des Weisen“ und „Abschied“.
842 3352 1878 3437 wird überhaupt bei Schnitzler nie aufdringlich,
1895 3383 2956 3445 und bei dem Einacter: „Die Gefährtin“ könnte man
844 3404 1873 3470 nimmt nie Tendenz an. Ich nehme nur „Freiwild“
1907 3430 2774 3499 von einer Poesie der Vergebung sprechen. —
847 3463 1877 3526 aus, das nicht als Drama, sondern als eine gute
2006 3470 2943 3551 Zwölf Jahre sind es ungefähr, daß Arthur
834 3507 1878 3570 und interessante Polemik wider das Duell angesehen
1899 3524 2943 3594 Schnitzler in die Oeffentlichkeit trat. Er ist heute
827 3549 1873 3615 werden sollte. Und doch durchzieht beinahe unmerk¬
1897 3568 2939 3631 einer der angesehensten Dichter Oesterreichs und
836 3584 1885 3658 lich eine stille Forderung alle Dichtungen. In den
1906 3605 2942 3676 sein hervorragendster lebender Dramatiker. Auch
828 3636 1879 3696 letzten Worten des gewaltsam und unkünstlerisch
1902 3650 2951 3728 für Deutschland ist ein neues Werk von ihm ein
829 3674 1878 3743 verlängerten dritten Aktes von „Das Vermächtnis“
1900 3697 2311 3766 Ereignis geworden.
830 3717 1898 3805 wird sie ausgesprochen: „— und hätten einfach gut
