<?xml version="1.0" encoding="UTF-8" standalone="yes"?>
<PcGts xmlns="http://schema.primaresearch.org/PAGE/gts/pagecontent/2013-07-15" xmlns:xsi="http://www.w3.org/2001/XMLSchema-instance" xsi:schemaLocation="http://schema.primaresearch.org/PAGE/gts/pagecontent/2013-07-15 http://schema.primaresearch.org/PAGE/gts/pagecontent/2013-07-15/pagecontent.xsd">
    <Metadata>
        <Creator>prov=University of Rostock/Institute of Mathematics/CITlab/Gundram Leifert/gundram.leifert@uni-rostock.de:name=ONB_Newseye_GT_M1+(htr_id=10810)::::v=2.4.2
prov=University of Rostock/Institute of Mathematics/CITlab/Tobias Gruening/tobias.gruening@uni-rostock.de:name=de.uros.citlab.module.baseline2polygon.B2PSeamMultiOriented:v=2.4.2
prov=University of Rostock/Institute of Mathematics/CITlab/Tobias Gruening/tobias.gruening@uni-rostock.de:name=/mnt/transkribus/LA/DEA/URO/LA_news_onb_att.pb:de.uros.citlab.segmentation.CITlab_LA_ML:v=2.4.2
Transkribus</Creator>
        <Created>2019-10-07T15:19:21.681+02:00</Created>
        <LastChange>2019-10-08T16:26:17.779+02:00</LastChange>
        <TranskribusMetadata docId="224264" pageId="9516681" pageNr="119" tsid="16600631" status="IN_PROGRESS" userId="40391" imgUrl="https://files.transkribus.eu/Get?id=LTLLENMIBLEYTUWBAGAWIAZX&amp;fileType=view" xmlUrl="https://files.transkribus.eu/Get?id=UQQYUBPABAMZYPULXPWKKNKF" imageId="6204503"/>
    </Metadata>
    <Page imageFilename="224264_0119.jpeg" imageWidth="3344" imageHeight="4256">
        <ReadingOrder>
            <OrderedGroup id="ro_1711443074049" caption="Regions reading order">
                <RegionRefIndexed index="0" regionRef="r1"/>
                <RegionRefIndexed index="1" regionRef="r2"/>
                <RegionRefIndexed index="2" regionRef="r3"/>
            </OrderedGroup>
        </ReadingOrder>
        <TextRegion orientation="0.0" id="r1" custom="readingOrder {index:0;}">
            <Coords points="117,253 117,3512 2170,3512 2170,253"/>
            <TextLine id="r1l1" custom="readingOrder {index:0;}">
                <Coords points="857,304 1021,299 1047,277 1118,302 1198,303 1315,275 1314,231 1267,217 1239,230 1142,222 1131,234 1112,222 1056,249 1001,226 971,243 900,223 855,233"/>
                <Baseline points="867,287 892,286 918,285 943,285 969,284 995,284 1020,284 1046,284 1072,284 1097,284 1123,284 1149,283 1174,283 1200,282 1226,281 1251,280 1277,279 1303,276"/>
                <TextEquiv>
                    <Unicode>box 38/4</Unicode>
                </TextEquiv>
            </TextLine>
            <TextLine id="r1l2" custom="readingOrder {index:1;}">
                <Coords points="109,311 222,305 276,328 499,344 568,318 709,314 709,281 603,236 523,252 500,235 472,259 392,235 373,251 293,241 234,286 109,243"/>
                <Baseline points="122,299 150,302 179,305 208,308 237,309 266,311 294,312 323,313 352,313 381,313 410,313 438,313 467,312 496,312 525,311 554,310 582,309 611,308 640,308 669,307 698,307"/>
                <TextEquiv>
                    <Unicode>2. Cuttings</Unicode>
                </TextEquiv>
            </TextLine>
            <TextLine id="r1l3" custom="readingOrder {index:2;}">
                <Coords points="1138,1304 2079,1277 2084,1218 1136,1248"/>
                <Baseline points="1149,1291 1195,1289 1241,1287 1287,1286 1333,1284 1380,1282 1426,1280 1472,1278 1518,1276 1564,1274 1611,1271 1657,1270 1703,1268 1749,1267 1795,1265 1842,1264 1888,1262 1934,1261 1980,1260 2026,1260 2073,1259"/>
                <TextEquiv>
                    <Unicode>handelt und ausspinnt, kurz in der Technik zeigt</Unicode>
                </TextEquiv>
            </TextLine>
            <TextLine id="r1l4" custom="readingOrder {index:3;}">
                <Coords points="256,1329 1119,1321 1117,1253 255,1293"/>
                <Baseline points="268,1324 312,1322 356,1321 400,1319 444,1318 488,1317 532,1316 577,1314 621,1312 665,1312 709,1310 753,1309 797,1307 842,1306 886,1304 930,1302 974,1301 1018,1299 1062,1297 1107,1295"/>
                <TextEquiv>
                    <Unicode>Wesensverwandt mit Bahr und Hofmanns¬</Unicode>
                </TextEquiv>
            </TextLine>
            <TextLine id="r1l5" custom="readingOrder {index:4;}">
                <Coords points="1152,1347 2090,1317 2060,1267 1150,1307"/>
                <Baseline points="1164,1344 1209,1342 1255,1339 1301,1336 1347,1335 1392,1332 1438,1330 1484,1328 1530,1327 1575,1324 1621,1323 1667,1321 1713,1319 1758,1318 1804,1316 1850,1315 1896,1313 1941,1312 1987,1311 2033,1309 2079,1308"/>
                <TextEquiv>
                    <Unicode>er sich ols Schüler der japanischen Maler, deren</Unicode>
                </TextEquiv>
            </TextLine>
            <TextLine id="r1l6" custom="readingOrder {index:5;}">
                <Coords points="176,1393 261,1404 330,1370 359,1392 450,1369 707,1372 777,1355 775,1326 591,1311 552,1334 241,1322 173,1337"/>
                <Baseline points="187,1379 215,1380 244,1380 273,1380 302,1379 331,1378 360,1378 388,1376 417,1374 446,1372 475,1371 504,1369 533,1368 562,1366 590,1364 619,1362 648,1362 677,1360 706,1360 735,1359 764,1360"/>
                <TextEquiv>
                    <Unicode>thal ist Peter Altenberg.</Unicode>
                </TextEquiv>
            </TextLine>
            <TextLine id="r1l7" custom="readingOrder {index:6;}">
                <Coords points="1147,1415 1292,1385 1835,1378 1943,1354 1941,1326 1823,1317 1295,1357 1144,1342"/>
                <Baseline points="1157,1390 1195,1388 1234,1387 1272,1385 1311,1384 1350,1383 1388,1381 1427,1379 1466,1378 1504,1376 1543,1374 1582,1373 1620,1371 1659,1369 1698,1367 1736,1366 1775,1364 1814,1362 1852,1360 1891,1358 1930,1356"/>
                <TextEquiv>
                    <Unicode>Farben und Töne er in Worte umsetzt.</Unicode>
                </TextEquiv>
            </TextLine>
            <TextLine id="r1l8" custom="readingOrder {index:7;}">
                <Coords points="267,1434 1137,1393 1132,1309 1071,1350 1036,1324 818,1329 712,1370 265,1392"/>
                <Baseline points="278,1425 320,1424 362,1423 404,1422 447,1420 489,1418 531,1416 574,1413 616,1411 658,1408 701,1405 743,1403 785,1400 827,1397 870,1395 912,1392 954,1390 997,1388 1039,1386 1081,1385 1124,1384"/>
                <TextEquiv>
                    <Unicode>Ihnen allen ist die Schönheit der Wieder¬</Unicode>
                </TextEquiv>
            </TextLine>
            <TextLine id="r1l9" custom="readingOrder {index:8;}">
                <Coords points="1237,1447 1709,1433 1744,1410 2083,1418 2084,1363 1235,1400"/>
                <Baseline points="1247,1430 1288,1429 1329,1429 1370,1428 1412,1428 1453,1426 1494,1425 1536,1424 1577,1423 1618,1421 1660,1420 1701,1418 1742,1417 1783,1415 1825,1413 1866,1411 1907,1410 1949,1408 1990,1406 2031,1404 2073,1402"/>
                <TextEquiv>
                    <Unicode>Auch wenn man ihn sieht und spricht, wird</Unicode>
                </TextEquiv>
            </TextLine>
            <TextLine id="r1l10" custom="readingOrder {index:9;}">
                <Coords points="182,1485 1083,1450 1124,1436 1123,1398 180,1440"/>
                <Baseline points="194,1480 239,1477 285,1474 331,1472 377,1469 423,1467 469,1465 515,1462 561,1460 607,1458 653,1456 698,1454 744,1452 790,1450 836,1448 882,1446 928,1444 974,1442 1020,1440 1066,1438 1112,1435"/>
                <TextEquiv>
                    <Unicode>gabe, also die Form, alles. Da schwirrt ein Ge¬</Unicode>
                </TextEquiv>
            </TextLine>
            <TextLine id="r1l11" custom="readingOrder {index:10;}">
                <Coords points="1145,1486 2090,1465 2088,1416 1143,1443"/>
                <Baseline points="1157,1483 1203,1483 1249,1481 1295,1480 1341,1479 1387,1477 1433,1476 1479,1474 1525,1472 1571,1470 1617,1469 1663,1467 1709,1465 1755,1463 1801,1461 1847,1459 1893,1458 1939,1456 1985,1454 2031,1453 2078,1452"/>
                <TextEquiv>
                    <Unicode>einem der ganze Mensch und Dichter klar.</Unicode>
                </TextEquiv>
            </TextLine>
            <TextLine id="r1l12" custom="readingOrder {index:11;}">
                <Coords points="176,1530 1086,1501 1130,1480 1128,1435 174,1485"/>
                <Baseline points="188,1529 234,1526 281,1524 327,1521 374,1519 420,1516 467,1515 513,1512 560,1510 606,1508 653,1506 699,1505 746,1502 792,1500 839,1498 885,1496 932,1493 978,1491 1025,1488 1071,1485 1118,1483"/>
                <TextEquiv>
                    <Unicode>danke in ihnen auf, an den sie sich ergötzen, be¬</Unicode>
                </TextEquiv>
            </TextLine>
            <TextLine id="r1l13" custom="readingOrder {index:12;}">
                <Coords points="1149,1542 2108,1501 2089,1447 1907,1477 1532,1469 1486,1497 1147,1483"/>
                <Baseline points="1161,1532 1207,1530 1254,1528 1301,1526 1347,1524 1394,1523 1441,1521 1487,1519 1534,1518 1581,1516 1628,1514 1674,1513 1721,1511 1768,1510 1814,1508 1861,1506 1908,1505 1954,1504 2001,1502 2048,1500 2095,1498"/>
                <TextEquiv>
                    <Unicode>Freundliche und doch scharfe Augen, eine helle</Unicode>
                </TextEquiv>
            </TextLine>
            <TextLine id="r1l14" custom="readingOrder {index:13;}">
                <Coords points="181,1579 1077,1553 1131,1541 1129,1497 179,1544"/>
                <Baseline points="192,1574 238,1572 284,1570 330,1568 377,1566 423,1564 469,1562 516,1560 562,1558 608,1557 655,1555 701,1553 747,1550 793,1548 840,1546 886,1544 932,1541 979,1540 1025,1537 1071,1534 1118,1532"/>
                <TextEquiv>
                    <Unicode>rauschen, und in diesem Bacchanale der Sinne</Unicode>
                </TextEquiv>
            </TextLine>
            <TextLine id="r1l15" custom="readingOrder {index:14;}">
                <Coords points="1156,1592 2040,1562 2101,1555 2099,1496 1154,1540"/>
                <Baseline points="1166,1574 1212,1573 1258,1573 1304,1572 1350,1572 1396,1571 1442,1570 1489,1568 1535,1566 1581,1565 1627,1563 1673,1562 1719,1559 1765,1558 1812,1556 1858,1554 1904,1552 1950,1550 1996,1548 2042,1546 2089,1544"/>
                <TextEquiv>
                    <Unicode>Stimme und ein starker, buschiger Schnurrbart</Unicode>
                </TextEquiv>
            </TextLine>
            <TextLine id="r1l16" custom="readingOrder {index:15;}">
                <Coords points="182,1626 1129,1584 1127,1548 1007,1543 179,1574"/>
                <Baseline points="192,1622 238,1621 284,1619 330,1617 377,1614 423,1613 469,1610 515,1608 562,1605 608,1603 654,1601 700,1599 747,1596 793,1593 839,1591 885,1589 932,1587 978,1585 1024,1582 1070,1580 1117,1579"/>
                <TextEquiv>
                    <Unicode>ranken sie sich um diesen einen Gedanken, immer</Unicode>
                </TextEquiv>
            </TextLine>
            <TextLine id="r1l17" custom="readingOrder {index:16;}">
                <Coords points="1213,1633 1695,1607 1787,1628 1911,1602 2065,1621 2109,1598 2107,1558 2065,1550 1211,1586"/>
                <Baseline points="1225,1626 1268,1624 1312,1623 1355,1621 1399,1620 1443,1618 1486,1616 1530,1614 1573,1613 1617,1611 1661,1609 1704,1608 1748,1606 1791,1605 1835,1603 1879,1602 1922,1601 1966,1600 2009,1600 2053,1599 2097,1599"/>
                <TextEquiv>
                    <Unicode>halb Mann, halb Kind, ein starker Geist mit</Unicode>
                </TextEquiv>
            </TextLine>
            <TextLine id="r1l18" custom="readingOrder {index:17;}">
                <Coords points="177,1669 1130,1645 1127,1584 869,1615 175,1617"/>
                <Baseline points="189,1669 235,1668 281,1666 328,1665 374,1663 421,1661 467,1659 513,1657 560,1654 606,1652 653,1650 699,1647 745,1645 792,1642 838,1640 885,1638 931,1635 977,1634 1024,1632 1070,1630 1117,1629"/>
                <TextEquiv>
                    <Unicode>neue Gedanken, wie der Gärtner Blume auf</Unicode>
                </TextEquiv>
            </TextLine>
            <TextLine id="r1l19" custom="readingOrder {index:18;}">
                <Coords points="1152,1707 1194,1707 1261,1673 1372,1686 1418,1662 1447,1679 1525,1680 1550,1662 1642,1672 1679,1665 1678,1634 1575,1614 1381,1636 1326,1617 1250,1643 1147,1627"/>
                <Baseline points="1161,1675 1186,1675 1211,1675 1236,1674 1262,1674 1287,1672 1312,1671 1338,1670 1363,1668 1388,1667 1414,1665 1439,1664 1464,1662 1489,1660 1515,1659 1540,1658 1565,1656 1591,1655 1616,1654 1641,1653 1667,1652"/>
                <TextEquiv>
                    <Unicode>einer weichen Kinderseele.</Unicode>
                </TextEquiv>
            </TextLine>
            <TextLine id="r1l20" custom="readingOrder {index:19;}">
                <Coords points="177,1713 418,1728 532,1697 785,1707 830,1676 1134,1681 1132,1641 1042,1631 175,1671"/>
                <Baseline points="189,1719 235,1716 282,1714 329,1711 375,1710 422,1708 469,1705 515,1703 562,1701 609,1699 656,1697 702,1695 749,1693 796,1691 842,1688 889,1687 936,1685 982,1682 1029,1680 1076,1677 1123,1674"/>
                <TextEquiv>
                    <Unicode>Blume zu einem Strauße häuft. Jeder Gedanke</Unicode>
                </TextEquiv>
            </TextLine>
            <TextLine id="r1l21" custom="readingOrder {index:20;}">
                <Coords points="1241,1716 1355,1738 2098,1704 2096,1645 1989,1632 1950,1655 1841,1635 1640,1673 1240,1683"/>
                <Baseline points="1253,1719 1294,1719 1336,1719 1377,1718 1419,1717 1461,1715 1502,1713 1544,1711 1585,1709 1627,1707 1669,1705 1710,1703 1752,1701 1793,1699 1835,1698 1877,1696 1918,1696 1960,1695 2001,1695 2043,1696 2085,1697"/>
                <TextEquiv>
                    <Unicode>Hinter Bahr, Hofmannsthal und Altenberg,</Unicode>
                </TextEquiv>
            </TextLine>
            <TextLine id="r1l22" custom="readingOrder {index:21;}">
                <Coords points="184,1765 761,1766 1148,1719 1146,1689 830,1678 784,1706 532,1697 324,1735 182,1715"/>
                <Baseline points="195,1768 242,1765 289,1763 336,1760 383,1757 430,1755 477,1753 524,1751 571,1749 618,1747 665,1745 712,1743 759,1741 806,1738 853,1737 900,1734 947,1732 994,1730 1041,1727 1088,1724 1135,1721"/>
                <TextEquiv>
                    <Unicode>ist ein von der Vernunft erfaßtes Vibriren der</Unicode>
                </TextEquiv>
            </TextLine>
            <TextLine id="r1l23" custom="readingOrder {index:22;}">
                <Coords points="1160,1786 1773,1752 2032,1772 2114,1742 2112,1685 2002,1719 1581,1711 1351,1742 1157,1708"/>
                <Baseline points="1171,1771 1217,1770 1264,1768 1310,1767 1357,1766 1404,1764 1450,1762 1497,1760 1543,1758 1590,1757 1637,1755 1683,1754 1730,1752 1776,1751 1823,1749 1870,1748 1916,1747 1963,1746 2009,1745 2056,1745 2103,1745"/>
                <TextEquiv>
                    <Unicode>die doch schon ihre Gemeinden haben, sind noch</Unicode>
                </TextEquiv>
            </TextLine>
            <TextLine id="r1l24" custom="readingOrder {index:23;}">
                <Coords points="193,1824 1138,1778 1136,1736 1056,1726 191,1770"/>
                <Baseline points="206,1816 252,1813 298,1811 344,1808 390,1806 436,1804 482,1802 528,1800 574,1799 620,1797 666,1795 712,1793 758,1792 804,1790 850,1788 896,1786 942,1784 988,1781 1034,1779 1080,1776 1127,1773"/>
                <TextEquiv>
                    <Unicode>Nerven= und Seelenstränge, eine aufgestiegene</Unicode>
                </TextEquiv>
            </TextLine>
            <TextLine id="r1l25" custom="readingOrder {index:24;}">
                <Coords points="1158,1855 1252,1847 1293,1820 1635,1815 1714,1796 1713,1773 1604,1760 1231,1787 1155,1771"/>
                <Baseline points="1169,1818 1195,1817 1222,1816 1249,1815 1275,1815 1302,1814 1329,1814 1355,1813 1382,1812 1409,1811 1436,1811 1462,1810 1489,1809 1516,1808 1542,1807 1569,1806 1596,1805 1622,1803 1649,1801 1676,1800 1703,1797"/>
                <TextEquiv>
                    <Unicode>ein paar geheime Größen.</Unicode>
                </TextEquiv>
            </TextLine>
            <TextLine id="r1l26" custom="readingOrder {index:25;}">
                <Coords points="189,1862 775,1854 870,1824 1083,1843 1143,1819 1141,1779 187,1831"/>
                <Baseline points="200,1860 246,1858 293,1856 339,1855 386,1853 433,1851 479,1849 526,1847 572,1845 619,1844 666,1841 712,1839 759,1837 805,1834 852,1833 899,1831 945,1829 992,1827 1038,1825 1085,1824 1132,1822"/>
                <TextEquiv>
                    <Unicode>Seelenwolke. Das Wort und die Stimmungen</Unicode>
                </TextEquiv>
            </TextLine>
            <TextLine id="r1l27" custom="readingOrder {index:26;}">
                <Coords points="1247,1880 2070,1854 2109,1841 2108,1796 1891,1789 1868,1811 1785,1776 1725,1809 1245,1833"/>
                <Baseline points="1259,1866 1300,1864 1342,1861 1384,1860 1426,1859 1468,1857 1510,1856 1552,1855 1594,1854 1636,1853 1678,1852 1719,1851 1761,1850 1803,1848 1845,1846 1887,1845 1929,1843 1971,1841 2013,1838 2055,1835 2097,1832"/>
                <TextEquiv>
                    <Unicode>Man kennt von ihnen höchstens Felix Dör¬</Unicode>
                </TextEquiv>
            </TextLine>
            <TextLine id="r1l28" custom="readingOrder {index:27;}">
                <Coords points="187,1933 285,1905 688,1918 1096,1883 1150,1869 1148,1819 923,1861 873,1825 775,1855 184,1864"/>
                <Baseline points="197,1909 244,1907 291,1905 338,1903 385,1902 432,1900 479,1898 526,1897 573,1895 620,1893 668,1892 715,1890 762,1888 809,1886 856,1885 903,1882 950,1880 997,1878 1044,1875 1091,1873 1139,1869"/>
                <TextEquiv>
                    <Unicode>find so spröde, sind zu schwerfällig, um diese</Unicode>
                </TextEquiv>
            </TextLine>
            <TextLine id="r1l29" custom="readingOrder {index:28;}">
                <Coords points="1158,1938 2098,1892 2120,1839 1700,1877 1155,1856"/>
                <Baseline points="1170,1916 1219,1914 1268,1912 1318,1910 1367,1908 1417,1907 1466,1905 1515,1903 1565,1902 1614,1900 1664,1898 1713,1896 1763,1895 1812,1894 1861,1892 1911,1890 1960,1889 2010,1887 2059,1885 2109,1883"/>
                <TextEquiv>
                    <Unicode>mann aus seiner Neurotico, ihn, der eifrig an</Unicode>
                </TextEquiv>
            </TextLine>
            <TextLine id="r1l30" custom="readingOrder {index:29;}">
                <Coords points="189,1958 1151,1926 1134,1863 706,1917 608,1893 188,1922"/>
                <Baseline points="201,1959 247,1958 294,1956 341,1954 388,1952 435,1950 482,1948 529,1946 576,1944 623,1942 670,1939 716,1937 763,1935 810,1932 857,1929 904,1927 951,1925 998,1923 1045,1921 1092,1918 1139,1916"/>
                <TextEquiv>
                    <Unicode>Stimmungen zestzuhalten. Deshalb suchen diese</Unicode>
                </TextEquiv>
            </TextLine>
            <TextLine id="r1l31" custom="readingOrder {index:30;}">
                <Coords points="1167,1975 2025,1946 2112,1935 2111,1895 1165,1930"/>
                <Baseline points="1179,1962 1225,1961 1271,1959 1317,1957 1363,1956 1409,1955 1455,1953 1501,1952 1547,1950 1593,1949 1639,1947 1685,1945 1731,1944 1777,1942 1823,1940 1869,1938 1915,1937 1961,1935 2007,1932 2053,1929 2099,1927"/>
                <TextEquiv>
                    <Unicode>die Zeitungen Notizen über seine Werke verschickt,</Unicode>
                </TextEquiv>
            </TextLine>
            <TextLine id="r1l32" custom="readingOrder {index:31;}">
                <Coords points="198,2016 1152,1975 1150,1923 196,1971"/>
                <Baseline points="210,2009 256,2007 303,2005 349,2003 396,2000 442,1998 489,1996 535,1994 582,1992 628,1990 675,1988 722,1986 768,1983 815,1981 861,1979 908,1976 954,1974 1001,1972 1047,1969 1094,1966 1141,1963"/>
                <TextEquiv>
                    <Unicode>Dichter ein Surrogat, und sie finden es in einer</Unicode>
                </TextEquiv>
            </TextLine>
            <TextLine id="r1l33" custom="readingOrder {index:32;}">
                <Coords points="1165,2021 2115,1994 2112,1937 2058,1935 1798,1967 1597,1947 1162,1972"/>
                <Baseline points="1176,2013 1222,2011 1268,2010 1315,2008 1361,2006 1407,2004 1454,2002 1500,2000 1546,1998 1593,1995 1639,1993 1685,1991 1732,1989 1778,1987 1824,1985 1871,1984 1917,1982 1963,1981 2010,1979 2056,1978 2103,1977"/>
                <TextEquiv>
                    <Unicode>die er nächstens schreiben wird. Er ist sicherlich</Unicode>
                </TextEquiv>
            </TextLine>
            <TextLine id="r1l34" custom="readingOrder {index:33;}">
                <Coords points="106,2016 125,2018 132,2011 141,2011 155,2026 165,2026 176,2037 193,2037 193,1957 172,1955 162,1946 151,1953 141,1953 136,1948 129,1955 106,1957"/>
                <Baseline points="117,2005 149,2003 181,2005"/>
                <TextEquiv>
                    <Unicode>die</Unicode>
                </TextEquiv>
            </TextLine>
            <TextLine id="r1l35" custom="readingOrder {index:34;}">
                <Coords points="193,2054 996,2017 1037,2038 1152,2021 1150,1974 191,2014"/>
                <Baseline points="204,2060 250,2057 297,2054 344,2051 391,2048 438,2046 484,2043 531,2041 578,2038 625,2036 672,2034 718,2032 765,2029 812,2027 859,2025 906,2023 952,2021 999,2020 1046,2017 1093,2015 1140,2013"/>
                <TextEquiv>
                    <Unicode>fast raffinirt gesuchten und verfeinerten Hand¬</Unicode>
                </TextEquiv>
            </TextLine>
            <TextLine id="r1l36" custom="readingOrder {index:35;}">
                <Coords points="1178,2069 2116,2041 2114,1994 2041,1982 1176,2020"/>
                <Baseline points="1189,2059 1234,2057 1280,2055 1326,2054 1371,2052 1417,2050 1463,2048 1508,2046 1554,2044 1600,2042 1646,2041 1691,2039 1737,2037 1783,2035 1828,2034 1874,2032 1920,2031 1965,2029 2011,2028 2057,2026 2103,2025"/>
                <TextEquiv>
                    <Unicode>ein Talent — natürlich ein formales. Man höre,</Unicode>
                </TextEquiv>
            </TextLine>
            <TextLine id="r1l37" custom="readingOrder {index:36;}">
                <Coords points="199,2124 613,2081 707,2112 860,2073 989,2098 1018,2070 1150,2075 1147,2019 195,2056"/>
                <Baseline points="210,2106 256,2103 302,2101 349,2099 395,2097 442,2094 488,2092 534,2089 581,2087 627,2085 674,2082 720,2080 766,2078 813,2075 859,2073 906,2071 952,2068 998,2066 1045,2063 1091,2060 1138,2057"/>
                <TextEquiv>
                    <Unicode>habung der Sprache. Hier muß eine stele Um¬</Unicode>
                </TextEquiv>
            </TextLine>
            <TextLine id="r1l38" custom="readingOrder {index:37;}">
                <Coords points="1179,2118 1372,2095 1752,2121 2021,2081 2074,2108 2120,2092 2119,2043 1178,2068"/>
                <Baseline points="1192,2111 1237,2108 1283,2105 1329,2102 1375,2100 1420,2098 1466,2096 1512,2095 1558,2092 1603,2092 1649,2090 1695,2089 1741,2088 1786,2087 1832,2086 1878,2085 1924,2084 1969,2083 2015,2081 2061,2079 2107,2077"/>
                <TextEquiv>
                    <Unicode>wie seine Gedanken, durch die Form gedrückt, ja</Unicode>
                </TextEquiv>
            </TextLine>
            <TextLine id="r1l39" custom="readingOrder {index:38;}">
                <Coords points="203,2157 543,2169 706,2126 1162,2119 1160,2074 1035,2068 982,2099 610,2081 202,2122"/>
                <Baseline points="214,2151 260,2149 307,2148 354,2145 401,2144 448,2141 495,2140 541,2137 588,2135 635,2133 682,2130 729,2128 776,2125 823,2123 869,2121 916,2119 963,2116 1010,2115 1057,2112 1104,2110 1151,2108"/>
                <TextEquiv>
                    <Unicode>werthung sich vollziehen. Die Worte, die der</Unicode>
                </TextEquiv>
            </TextLine>
            <TextLine id="r1l40" custom="readingOrder {index:39;}">
                <Coords points="1176,2163 1228,2173 1249,2162 1263,2173 1319,2152 1369,2168 1392,2153 1448,2150 1473,2168 1495,2146 1514,2145 1513,2117 1487,2120 1465,2107 1376,2114 1363,2103 1327,2119 1255,2108 1173,2119"/>
                <Baseline points="1186,2156 1212,2155 1238,2155 1265,2153 1291,2152 1318,2150 1344,2148 1370,2146 1397,2145 1423,2144 1450,2143 1476,2144 1503,2145"/>
                <TextEquiv>
                    <Unicode>erstickt werden:</Unicode>
                </TextEquiv>
            </TextLine>
            <TextLine id="r1l41" custom="readingOrder {index:40;}">
                <Coords points="213,2199 308,2217 542,2181 637,2200 1158,2168 1156,2116 211,2157"/>
                <Baseline points="224,2199 270,2196 316,2194 362,2192 408,2190 454,2188 500,2186 547,2184 593,2182 639,2180 685,2178 731,2176 777,2175 823,2173 870,2170 916,2169 962,2166 1008,2164 1054,2162 1100,2160 1147,2157"/>
                <TextEquiv>
                    <Unicode>Seelenstimmung des Schaffenden entsprungen</Unicode>
                </TextEquiv>
            </TextLine>
            <TextLine id="r1l42" custom="readingOrder {index:41;}">
                <Coords points="1287,2202 1370,2215 1473,2191 1577,2205 1934,2184 1932,2135 1788,2125 1721,2149 1637,2113 1472,2165 1450,2150 1286,2164"/>
                <Baseline points="1299,2202 1330,2201 1361,2199 1392,2198 1423,2196 1455,2194 1486,2192 1517,2191 1548,2189 1579,2187 1611,2186 1642,2184 1673,2183 1704,2181 1735,2180 1767,2179 1798,2178 1829,2177 1860,2177 1891,2176 1923,2176"/>
                <TextEquiv>
                    <Unicode>Ich liebe die hektischen, bleichen</Unicode>
                </TextEquiv>
            </TextLine>
            <TextLine id="r1l43" custom="readingOrder {index:42;}">
                <Coords points="203,2247 942,2233 1168,2189 1166,2144 1041,2179 683,2189 654,2166 312,2216 201,2195"/>
                <Baseline points="216,2249 263,2246 310,2244 357,2241 404,2239 451,2236 498,2234 545,2232 592,2230 639,2228 686,2225 733,2224 780,2222 827,2219 874,2217 921,2215 968,2213 1015,2210 1062,2208 1109,2205 1157,2203"/>
                <TextEquiv>
                    <Unicode>sind, müssen sich beim Lesen oder Anhören wieder!</Unicode>
                </TextEquiv>
            </TextLine>
            <TextLine id="r1l44" custom="readingOrder {index:43;}">
                <Coords points="1280,2249 1889,2246 1987,2223 1986,2186 1279,2216"/>
                <Baseline points="1291,2247 1325,2246 1359,2244 1393,2243 1427,2241 1462,2240 1496,2239 1530,2237 1564,2237 1598,2235 1633,2234 1667,2232 1701,2231 1735,2230 1769,2229 1804,2228 1838,2227 1872,2225 1906,2225 1940,2223 1975,2222"/>
                <TextEquiv>
                    <Unicode>Narcissen mit blutrothem Mund;</Unicode>
                </TextEquiv>
            </TextLine>
            <TextLine id="r1l45" custom="readingOrder {index:44;}">
                <Coords points="210,2307 882,2268 1024,2287 1173,2242 1170,2190 939,2235 207,2249"/>
                <Baseline points="222,2298 271,2295 320,2292 370,2290 419,2288 469,2285 518,2283 567,2280 617,2278 666,2276 716,2273 765,2271 815,2268 864,2266 913,2264 963,2262 1012,2259 1062,2257 1111,2254 1161,2252"/>
                <TextEquiv>
                    <Unicode>in jene Stimmungswolken umwandeln, aus denen</Unicode>
                </TextEquiv>
            </TextLine>
            <TextLine id="r1l46" custom="readingOrder {index:45;}">
                <Coords points="1179,2319 1772,2272 2091,2296 2133,2280 2130,2209 1176,2260"/>
                <Baseline points="1190,2305 1236,2302 1283,2299 1329,2297 1376,2294 1422,2292 1469,2290 1515,2288 1562,2286 1608,2284 1655,2283 1701,2281 1748,2279 1794,2278 1841,2276 1887,2275 1934,2274 1980,2272 2027,2271 2073,2269 2120,2268"/>
                <TextEquiv>
                    <Unicode>Ich liebe die Qualengedanken — die Herzen zer¬</Unicode>
                </TextEquiv>
            </TextLine>
            <TextLine id="r1l47" custom="readingOrder {index:46;}">
                <Coords points="209,2354 1160,2297 1158,2259 1104,2259 1025,2287 881,2268 207,2310"/>
                <Baseline points="221,2349 267,2345 313,2343 360,2339 406,2337 453,2334 499,2332 545,2329 592,2328 638,2325 685,2323 731,2321 777,2319 824,2317 870,2315 917,2312 963,2310 1009,2307 1056,2305 1102,2301 1149,2298"/>
                <TextEquiv>
                    <Unicode>sie entstanden sind. Dazu gehört aber ein ebenso</Unicode>
                </TextEquiv>
            </TextLine>
            <TextLine id="r1l48" custom="readingOrder {index:47;}">
                <Coords points="1412,2345 1495,2351 1555,2333 1593,2343 1753,2330 1767,2339 1804,2330 1803,2300 1764,2285 1698,2284 1645,2303 1623,2290 1543,2289 1518,2305 1494,2292 1410,2301"/>
                <Baseline points="1424,2338 1450,2338 1476,2337 1502,2336 1529,2335 1555,2333 1581,2331 1608,2329 1634,2328 1660,2326 1686,2324 1713,2324 1739,2323 1765,2323 1792,2324"/>
                <TextEquiv>
                    <Unicode>stochen und wund;</Unicode>
                </TextEquiv>
            </TextLine>
            <TextLine id="r1l49" custom="readingOrder {index:48;}">
                <Coords points="204,2409 459,2375 594,2396 1175,2369 1171,2296 1034,2332 929,2313 202,2364"/>
                <Baseline points="215,2398 262,2394 309,2391 356,2388 404,2385 451,2383 498,2380 546,2378 593,2377 640,2374 688,2372 735,2370 782,2368 829,2366 877,2363 924,2361 971,2359 1019,2355 1066,2352 1113,2349 1161,2346"/>
                <TextEquiv>
                    <Unicode>zartnerviges Naturell, man muß selbst ein Stück</Unicode>
                </TextEquiv>
            </TextLine>
            <TextLine id="r1l50" custom="readingOrder {index:49;}">
                <Coords points="1184,2416 2133,2374 2131,2323 1994,2295 1880,2337 1182,2358"/>
                <Baseline points="1196,2400 1242,2397 1288,2395 1334,2393 1381,2390 1427,2388 1473,2386 1520,2385 1566,2382 1612,2381 1659,2379 1705,2377 1751,2376 1797,2374 1844,2373 1890,2371 1936,2370 1983,2369 2029,2367 2075,2367 2122,2365"/>
                <TextEquiv>
                    <Unicode>Ich liebe die Fahlen und Bleichen, die Frauen</Unicode>
                </TextEquiv>
            </TextLine>
            <TextLine id="r1l51" custom="readingOrder {index:50;}">
                <Coords points="213,2437 369,2457 415,2431 1163,2408 1161,2368 1097,2355 212,2409"/>
                <Baseline points="224,2443 270,2440 316,2437 362,2434 409,2431 455,2429 501,2427 548,2425 594,2424 640,2422 687,2420 733,2418 779,2416 825,2415 872,2413 918,2411 964,2409 1011,2407 1057,2405 1103,2402 1150,2400"/>
                <TextEquiv>
                    <Unicode>Künstler, Träumer und Phantaft sein, um diese</Unicode>
                </TextEquiv>
            </TextLine>
            <TextLine id="r1l52" custom="readingOrder {index:51;}">
                <Coords points="1410,2435 1465,2448 1499,2432 1584,2441 1697,2425 1728,2438 1831,2420 1830,2394 1811,2402 1771,2378 1730,2374 1667,2381 1647,2401 1575,2387 1515,2401 1467,2386 1409,2398"/>
                <Baseline points="1422,2433 1448,2432 1475,2432 1501,2431 1528,2430 1554,2430 1581,2429 1607,2428 1634,2427 1660,2426 1687,2425 1713,2424 1740,2422 1766,2422 1793,2420 1820,2418"/>
                <TextEquiv>
                    <Unicode>mit müdem Gesicht,</Unicode>
                </TextEquiv>
            </TextLine>
            <TextLine id="r1l53" custom="readingOrder {index:52;}">
                <Coords points="213,2487 881,2479 1130,2458 1178,2423 963,2404 211,2447"/>
                <Baseline points="224,2486 271,2484 318,2483 365,2481 412,2480 459,2478 506,2476 554,2474 601,2472 648,2470 695,2468 742,2466 789,2464 836,2461 884,2459 931,2457 978,2455 1025,2452 1072,2450 1119,2447 1167,2445"/>
                <TextEquiv>
                    <Unicode>Worte wieder in jene Stimmung umzubilden.</Unicode>
                </TextEquiv>
            </TextLine>
            <TextLine id="r1l54" custom="readingOrder {index:53;}">
                <Coords points="1179,2496 1982,2459 2044,2483 2147,2453 2145,2415 2084,2410 1459,2450 1298,2423 1177,2456"/>
                <Baseline points="1191,2495 1238,2493 1285,2491 1332,2489 1379,2486 1427,2484 1474,2482 1521,2479 1568,2477 1615,2475 1663,2472 1710,2471 1757,2469 1804,2467 1851,2465 1899,2465 1946,2464 1993,2463 2040,2463 2087,2463 2135,2464"/>
                <TextEquiv>
                    <Unicode>Aus welchen in flammenden Zeichen — Verzeh¬</Unicode>
                </TextEquiv>
            </TextLine>
            <TextLine id="r1l55" custom="readingOrder {index:54;}">
                <Coords points="117,2498 146,2498 148,2495 167,2506 176,2504 181,2508 188,2506 196,2513 210,2512 208,2439 187,2445 182,2440 172,2440 165,2448 161,2445 140,2448 135,2444 130,2449 116,2449"/>
                <Baseline points="130,2488 164,2484 198,2486"/>
                <TextEquiv>
                    <Unicode>ine</Unicode>
                </TextEquiv>
            </TextLine>
            <TextLine id="r1l56" custom="readingOrder {index:55;}">
                <Coords points="219,2543 1182,2508 1180,2444 216,2496"/>
                <Baseline points="231,2539 277,2536 324,2533 371,2530 418,2527 465,2525 512,2523 559,2520 606,2519 653,2517 700,2514 746,2513 793,2511 840,2509 887,2507 934,2505 981,2503 1028,2500 1075,2498 1122,2495 1169,2493"/>
                <TextEquiv>
                    <Unicode>Hinter den Worten und hinter den Gedanken</Unicode>
                </TextEquiv>
            </TextLine>
            <TextLine id="r1l57" custom="readingOrder {index:56;}">
                <Coords points="1416,2529 1501,2541 1588,2526 1746,2540 1835,2516 1931,2527 1968,2507 1968,2479 1908,2466 1415,2494"/>
                <Baseline points="1429,2529 1455,2529 1481,2528 1508,2527 1534,2527 1561,2527 1587,2526 1613,2525 1640,2524 1666,2524 1693,2523 1719,2522 1745,2522 1772,2521 1798,2519 1825,2519 1851,2517 1877,2516 1904,2514 1930,2513 1957,2511"/>
                <TextEquiv>
                    <Unicode>rende Sinnengluth spricht;</Unicode>
                </TextEquiv>
            </TextLine>
            <TextLine id="r1l58" custom="readingOrder {index:57;}">
                <Coords points="231,2596 1147,2559 1180,2552 1179,2517 228,2542"/>
                <Baseline points="242,2588 288,2584 334,2580 380,2577 427,2574 473,2572 519,2569 565,2568 612,2566 658,2565 704,2563 750,2562 797,2560 843,2558 889,2557 935,2554 982,2552 1028,2549 1074,2545 1120,2541 1167,2537"/>
                <TextEquiv>
                    <Unicode>steht hier als der Kern des Ganzen: die Stim¬</Unicode>
                </TextEquiv>
            </TextLine>
            <TextLine id="r1l59" custom="readingOrder {index:58;}">
                <Coords points="1188,2596 1896,2585 2050,2549 2133,2571 2132,2495 1948,2535 1185,2547"/>
                <Baseline points="1200,2597 1246,2594 1292,2591 1338,2587 1384,2584 1430,2582 1476,2579 1522,2576 1568,2574 1614,2571 1661,2569 1707,2567 1753,2565 1799,2563 1845,2561 1891,2559 1937,2557 1983,2556 2029,2554 2075,2553 2122,2551"/>
                <TextEquiv>
                    <Unicode>Ich liebe die schillernden Schlangen, — so</Unicode>
                </TextEquiv>
            </TextLine>
            <TextLine id="r1l60" custom="readingOrder {index:59;}">
                <Coords points="222,2644 681,2622 703,2598 742,2624 1158,2616 1182,2556 220,2597"/>
                <Baseline points="234,2635 280,2632 327,2629 374,2627 421,2625 468,2622 515,2620 562,2619 609,2617 656,2615 703,2612 749,2610 796,2609 843,2607 890,2605 937,2603 984,2601 1031,2599 1078,2597 1125,2595 1172,2592"/>
                <TextEquiv>
                    <Unicode>mung. Das könt und braust und klingt und</Unicode>
                </TextEquiv>
            </TextLine>
            <TextLine id="r1l61" custom="readingOrder {index:60;}">
                <Coords points="1422,2640 2118,2604 2117,2583 2052,2550 1898,2585 1827,2567 1420,2588"/>
                <Baseline points="1433,2629 1466,2628 1500,2627 1534,2625 1567,2624 1601,2622 1635,2621 1668,2619 1702,2618 1736,2616 1770,2615 1803,2614 1837,2612 1871,2611 1904,2609 1938,2608 1972,2607 2005,2606 2039,2605 2073,2603 2107,2602"/>
                <TextEquiv>
                    <Unicode>schmiegsam und biegsam und kühl;</Unicode>
                </TextEquiv>
            </TextLine>
            <TextLine id="r1l62" custom="readingOrder {index:61;}">
                <Coords points="224,2677 1181,2656 1186,2604 222,2644"/>
                <Baseline points="235,2681 282,2679 329,2677 376,2674 423,2673 470,2671 517,2669 564,2667 611,2665 658,2663 705,2661 752,2659 799,2657 846,2656 893,2653 940,2651 987,2650 1034,2647 1081,2645 1128,2643 1176,2640"/>
                <TextEquiv>
                    <Unicode>dröhnt in seinen Werken wie Orgeliöne und</Unicode>
                </TextEquiv>
            </TextLine>
            <TextLine id="r1l63" custom="readingOrder {index:62;}">
                <Coords points="1198,2704 2050,2651 2093,2673 2151,2652 2149,2602 1195,2654"/>
                <Baseline points="1208,2690 1254,2688 1301,2684 1347,2682 1394,2679 1441,2677 1487,2675 1534,2673 1580,2671 1627,2669 1674,2667 1720,2665 1767,2663 1813,2661 1860,2660 1907,2658 1953,2655 2000,2653 2046,2651 2093,2648 2140,2646"/>
                <TextEquiv>
                    <Unicode>Ich liebe die klagenden, bangen, — die Lieder von</Unicode>
                </TextEquiv>
            </TextLine>
            <TextLine id="r1l64" custom="readingOrder {index:63;}">
                <Coords points="227,2734 1184,2702 1181,2652 1134,2647 224,2677"/>
                <Baseline points="237,2726 283,2724 330,2723 376,2720 423,2718 470,2716 516,2714 563,2713 610,2711 656,2708 703,2707 750,2705 796,2703 843,2701 890,2699 936,2698 983,2696 1030,2694 1076,2691 1123,2690 1170,2688"/>
                <TextEquiv>
                    <Unicode>Posaunenruf. Das größte, reifste und bedeutendste</Unicode>
                </TextEquiv>
            </TextLine>
            <TextLine id="r1l65" custom="readingOrder {index:64;}">
                <Coords points="1412,2724 1450,2742 1473,2729 1509,2738 1548,2724 1558,2734 1579,2723 1600,2734 1654,2733 1710,2717 1709,2679 1671,2683 1652,2671 1559,2684 1547,2677 1516,2686 1481,2677 1410,2684"/>
                <Baseline points="1423,2721 1448,2721 1473,2720 1498,2719 1523,2718 1548,2717 1573,2716 1598,2715 1623,2714 1648,2714 1673,2713 1699,2713"/>
                <TextEquiv>
                    <Unicode>Todesgefühl;</Unicode>
                </TextEquiv>
            </TextLine>
            <TextLine id="r1l66" custom="readingOrder {index:65;}">
                <Coords points="127,2736 139,2736 144,2741 146,2738 151,2741 155,2736 162,2741 172,2736 176,2741 200,2748 207,2743 219,2743 219,2705 202,2703 186,2691 172,2698 160,2689 127,2691"/>
                <Baseline points="138,2730 172,2726 206,2730"/>
                <TextEquiv>
                    <Unicode>der</Unicode>
                </TextEquiv>
            </TextLine>
            <TextLine id="r1l67" custom="readingOrder {index:66;}">
                <Coords points="224,2793 1183,2757 1181,2703 1148,2695 222,2738"/>
                <Baseline points="236,2778 282,2774 329,2771 376,2768 422,2765 469,2763 516,2761 562,2759 609,2757 656,2755 703,2754 749,2752 796,2751 843,2749 889,2747 936,2745 983,2743 1029,2742 1076,2739 1123,2736 1170,2734"/>
                <TextEquiv>
                    <Unicode>der Werke Hofmannthal's in diesem Sinne ist</Unicode>
                </TextEquiv>
            </TextLine>
            <TextLine id="r1l68" custom="readingOrder {index:67;}">
                <Coords points="1203,2805 2164,2754 2161,2691 1995,2714 1906,2681 1647,2734 1319,2715 1200,2739"/>
                <Baseline points="1213,2782 1259,2780 1306,2779 1353,2777 1400,2775 1447,2773 1494,2771 1541,2769 1588,2767 1635,2765 1682,2763 1728,2760 1775,2758 1822,2756 1869,2754 1916,2752 1963,2750 2010,2749 2057,2747 2104,2745 2151,2744"/>
                <TextEquiv>
                    <Unicode>Ich liebe die herzlosen, grünen — Smaragde vor</Unicode>
                </TextEquiv>
            </TextLine>
            <TextLine id="r1l69" custom="readingOrder {index:68;}">
                <Coords points="237,2837 1139,2803 1182,2757 235,2786"/>
                <Baseline points="248,2823 294,2820 340,2818 386,2815 432,2814 478,2812 524,2810 571,2808 617,2807 663,2805 709,2804 755,2802 801,2801 847,2799 894,2797 940,2796 986,2794 1032,2792 1078,2790 1124,2787 1171,2785"/>
                <TextEquiv>
                    <Unicode>der „Thor und der Tod“: die Klage des Jüng¬</Unicode>
                </TextEquiv>
            </TextLine>
            <TextLine id="r1l70" custom="readingOrder {index:69;}">
                <Coords points="1427,2827 1458,2841 1474,2829 1498,2825 1508,2834 1570,2814 1632,2830 1678,2813 1728,2820 1756,2811 1755,2788 1734,2789 1693,2768 1660,2779 1645,2768 1618,2779 1596,2770 1514,2787 1452,2771 1425,2784"/>
                <Baseline points="1439,2823 1464,2820 1490,2818 1515,2816 1541,2814 1566,2812 1592,2810 1617,2810 1643,2808 1668,2807 1694,2807 1719,2807 1745,2807"/>
                <TextEquiv>
                    <Unicode>jedem Gestein;</Unicode>
                </TextEquiv>
            </TextLine>
            <TextLine id="r1l71" custom="readingOrder {index:70;}">
                <Coords points="124,2841 136,2841 146,2848 164,2830 176,2832 185,2841 202,2838 211,2842 228,2841 226,2794 207,2798 197,2789 174,2790 171,2787 157,2790 143,2786 122,2790"/>
                <Baseline points="136,2828 162,2823 189,2822 216,2824"/>
                <TextEquiv>
                    <Unicode>ihen</Unicode>
                </TextEquiv>
            </TextLine>
            <TextLine id="r1l72" custom="readingOrder {index:71;}">
                <Coords points="228,2898 455,2864 1140,2853 1193,2841 1191,2787 225,2839"/>
                <Baseline points="238,2876 285,2873 332,2870 379,2868 426,2865 473,2863 520,2861 568,2859 615,2857 662,2855 709,2853 756,2851 803,2849 850,2847 898,2845 945,2843 992,2841 1039,2839 1086,2837 1133,2834 1181,2831"/>
                <TextEquiv>
                    <Unicode>lings, der als weltabgewandter Thor gelebt und</Unicode>
                </TextEquiv>
            </TextLine>
            <TextLine id="r1l73" custom="readingOrder {index:72;}">
                <Coords points="1203,2886 1784,2878 1870,2841 2161,2863 2158,2802 1906,2783 1794,2821 1201,2839"/>
                <Baseline points="1214,2880 1260,2877 1307,2876 1354,2873 1400,2870 1447,2868 1494,2866 1540,2865 1587,2862 1634,2861 1681,2858 1727,2856 1774,2855 1821,2853 1867,2851 1914,2850 1961,2848 2007,2847 2054,2846 2101,2845 2148,2844"/>
                <TextEquiv>
                    <Unicode>Ich liebe die gelblichen Dünen — im bläulichen</Unicode>
                </TextEquiv>
            </TextLine>
            <TextLine id="r1l74" custom="readingOrder {index:73;}">
                <Coords points="1432,2924 1533,2925 1566,2914 1625,2926 1650,2913 1688,2921 1697,2911 1717,2920 1763,2899 1762,2880 1739,2884 1705,2861 1599,2873 1531,2868 1508,2881 1467,2868 1451,2881 1430,2877"/>
                <Baseline points="1443,2911 1468,2912 1494,2912 1520,2912 1545,2911 1571,2911 1597,2909 1622,2908 1648,2906 1674,2905 1699,2903 1725,2903 1751,2902"/>
                <TextEquiv>
                    <Unicode>Mondenschein;</Unicode>
                </TextEquiv>
            </TextLine>
            <TextLine id="r1l75" custom="readingOrder {index:74;}">
                <Coords points="228,2937 292,2949 333,2915 406,2922 431,2902 455,2921 577,2905 672,2918 735,2898 734,2860 482,2877 449,2864 431,2879 226,2893"/>
                <Baseline points="240,2918 265,2917 290,2916 316,2915 341,2914 367,2914 392,2913 418,2912 443,2911 469,2910 494,2910 520,2908 545,2908 571,2907 596,2906 622,2905 647,2905 673,2904 698,2903 724,2903"/>
                <TextEquiv>
                    <Unicode>nun dem Tode verfällt:</Unicode>
                </TextEquiv>
            </TextLine>
            <TextLine id="r1l76" custom="readingOrder {index:75;}">
                <Coords points="334,2979 1168,2942 1191,2938 1189,2891 942,2880 331,2925"/>
                <Baseline points="345,2959 386,2959 428,2959 470,2958 511,2957 553,2956 595,2954 636,2953 678,2951 720,2949 762,2947 803,2945 845,2943 887,2941 928,2939 970,2936 1012,2935 1053,2933 1095,2931 1137,2930 1179,2928"/>
                <TextEquiv>
                    <Unicode>Weltabgewandt wie Hofmannsthal, ist auch</Unicode>
                </TextEquiv>
            </TextLine>
            <TextLine id="r1l77" custom="readingOrder {index:76;}">
                <Coords points="1207,2995 1949,2945 2168,2959 2165,2881 2000,2869 1947,2914 1793,2888 1717,2922 1204,2922"/>
                <Baseline points="1217,2975 1263,2974 1310,2971 1357,2969 1404,2967 1451,2965 1498,2963 1545,2960 1592,2958 1639,2956 1686,2953 1732,2951 1779,2950 1826,2948 1873,2946 1920,2944 1967,2942 2014,2941 2061,2939 2108,2938 2155,2937"/>
                <TextEquiv>
                    <Unicode>Ich liebe die Gluthendurchtränkten, — die Düfte</Unicode>
                </TextEquiv>
            </TextLine>
            <TextLine id="r1l78" custom="readingOrder {index:77;}">
                <Coords points="243,3032 1204,2980 1202,2943 1143,2934 400,2964 376,2991 240,2947"/>
                <Baseline points="255,3012 301,3012 348,3011 395,3010 442,3009 489,3008 535,3006 582,3005 629,3003 676,3001 723,2999 769,2997 816,2995 863,2992 910,2990 957,2987 1003,2985 1050,2983 1097,2980 1144,2978 1191,2976"/>
                <TextEquiv>
                    <Unicode>Peter Altenberg. Er ist kein Dichter für die</Unicode>
                </TextEquiv>
            </TextLine>
            <TextLine id="r1l79" custom="readingOrder {index:78;}">
                <Coords points="1427,3023 1864,2999 1935,3011 1933,2952 1425,2973"/>
                <Baseline points="1439,3008 1464,3008 1489,3008 1515,3007 1540,3007 1566,3006 1591,3005 1617,3005 1642,3004 1668,3004 1693,3003 1719,3002 1744,3002 1770,3001 1795,3000 1821,2999 1846,2998 1872,2997 1897,2996 1923,2995"/>
                <TextEquiv>
                    <Unicode>berauschend und schwer;</Unicode>
                </TextEquiv>
            </TextLine>
            <TextLine id="r1l80" custom="readingOrder {index:79;}">
                <Coords points="243,3067 1201,3041 1198,2978 242,3034"/>
                <Baseline points="254,3066 300,3063 347,3061 393,3059 440,3057 487,3055 533,3053 580,3052 627,3050 673,3048 720,3046 767,3045 813,3043 860,3041 907,3039 953,3036 1000,3034 1047,3031 1093,3028 1140,3024 1187,3021"/>
                <TextEquiv>
                    <Unicode>thätigen Weltbürger, für jene mit der lauten</Unicode>
                </TextEquiv>
            </TextLine>
            <TextLine id="r1l81" custom="readingOrder {index:80;}">
                <Coords points="1207,3087 2020,3039 2065,3063 2161,3036 2142,2976 1205,3033"/>
                <Baseline points="1219,3069 1265,3068 1312,3066 1358,3064 1405,3063 1451,3061 1498,3059 1544,3057 1591,3055 1637,3053 1684,3050 1731,3048 1777,3046 1824,3044 1870,3042 1917,3041 1963,3039 2010,3037 2056,3036 2103,3035 2150,3034"/>
                <TextEquiv>
                    <Unicode>Die Wolken, die Blitze durchsengten — das graue</Unicode>
                </TextEquiv>
            </TextLine>
            <TextLine id="r1l82" custom="readingOrder {index:81;}">
                <Coords points="123,3075 156,3078 160,3073 168,3073 184,3079 189,3074 208,3075 214,3068 226,3067 223,3006 204,3009 195,3015 167,3016 158,3024 146,3026 133,3039 121,3040"/>
                <Baseline points="135,3067 161,3065 187,3064 213,3063"/>
                <TextEquiv>
                    <Unicode>und</Unicode>
                </TextEquiv>
            </TextLine>
            <TextLine id="r1l83" custom="readingOrder {index:82;}">
                <Coords points="249,3123 1166,3090 1202,3046 247,3074"/>
                <Baseline points="261,3114 307,3112 354,3109 400,3107 447,3105 493,3103 540,3100 586,3099 633,3097 679,3095 726,3093 772,3091 819,3089 865,3087 912,3085 958,3083 1005,3080 1051,3079 1098,3076 1144,3074 1191,3071"/>
                <TextEquiv>
                    <Unicode>Stimme und den fertigen Idealen. Aber kluge,</Unicode>
                </TextEquiv>
            </TextLine>
            <TextLine id="r1l84" custom="readingOrder {index:83;}">
                <Coords points="1435,3116 1545,3122 1571,3106 1679,3102 1726,3113 1756,3095 1834,3094 1919,3110 1917,3054 1433,3069"/>
                <Baseline points="1447,3106 1472,3105 1498,3104 1523,3104 1549,3102 1574,3101 1600,3100 1625,3099 1651,3097 1677,3096 1702,3095 1728,3095 1753,3093 1779,3093 1804,3092 1830,3091 1855,3091 1881,3091 1907,3092"/>
                <TextEquiv>
                    <Unicode>wuthschäumende Meer;</Unicode>
                </TextEquiv>
            </TextLine>
            <TextLine id="r1l85" custom="readingOrder {index:84;}">
                <Coords points="120,3122 134,3122 144,3129 153,3121 198,3127 212,3115 233,3115 232,3063 220,3063 197,3083 187,3073 180,3078 171,3074 159,3074 155,3079 138,3075 119,3077"/>
                <Baseline points="133,3115 162,3113 191,3112 221,3113"/>
                <TextEquiv>
                    <Unicode>rein,</Unicode>
                </TextEquiv>
            </TextLine>
            <TextLine id="r1l86" custom="readingOrder {index:85;}">
                <Coords points="245,3161 1198,3133 1195,3082 1129,3080 244,3126"/>
                <Baseline points="257,3160 303,3158 349,3157 396,3155 442,3153 489,3151 535,3149 581,3147 628,3145 674,3142 721,3140 767,3138 813,3136 860,3133 906,3131 953,3129 999,3127 1045,3124 1092,3123 1138,3120 1185,3119"/>
                <TextEquiv>
                    <Unicode>adelige Frauen und einsame Künstlermenschen</Unicode>
                </TextEquiv>
            </TextLine>
            <TextLine id="r1l87" custom="readingOrder {index:86;}">
                <Coords points="1228,3181 1816,3160 1871,3134 2077,3154 2175,3126 2172,3072 2120,3065 1966,3095 1920,3073 1889,3108 1225,3117"/>
                <Baseline points="1240,3168 1286,3166 1332,3163 1378,3161 1424,3159 1470,3156 1516,3154 1562,3152 1608,3150 1654,3147 1701,3145 1747,3143 1793,3141 1839,3140 1885,3138 1931,3136 1977,3134 2023,3134 2069,3132 2115,3131 2162,3130"/>
                <TextEquiv>
                    <Unicode>Ich liebe, was niemand erlesen — was keinem</Unicode>
                </TextEquiv>
            </TextLine>
            <TextLine id="r1l88" custom="readingOrder {index:87;}">
                <Coords points="132,3178 146,3180 172,3169 196,3179 214,3176 219,3171 240,3170 237,3111 225,3112 209,3127 193,3128 188,3123 176,3126 162,3120 146,3135 130,3136"/>
                <Baseline points="142,3164 170,3160 199,3160 228,3158"/>
                <TextEquiv>
                    <Unicode>heint</Unicode>
                </TextEquiv>
            </TextLine>
            <TextLine id="r1l89" custom="readingOrder {index:88;}">
                <Coords points="250,3220 689,3177 718,3201 1155,3180 1202,3173 1200,3126 248,3175"/>
                <Baseline points="261,3209 307,3207 354,3204 400,3202 447,3201 493,3199 540,3196 586,3195 633,3192 679,3190 726,3188 772,3187 819,3184 865,3183 912,3180 958,3179 1005,3176 1051,3174 1098,3172 1144,3169 1191,3167"/>
                <TextEquiv>
                    <Unicode>werden seine Bücher „Wie ich es sehe" und</Unicode>
                </TextEquiv>
            </TextLine>
            <TextLine id="r1l90" custom="readingOrder {index:89;}">
                <Coords points="1442,3217 1588,3201 1654,3213 1677,3200 1741,3208 1835,3188 1834,3162 1806,3168 1770,3150 1728,3156 1704,3143 1648,3159 1528,3155 1488,3166 1476,3155 1441,3168"/>
                <Baseline points="1453,3206 1479,3204 1505,3203 1532,3201 1558,3200 1584,3200 1611,3199 1637,3198 1663,3197 1690,3197 1716,3196 1742,3196 1769,3194 1795,3194 1822,3193"/>
                <TextEquiv>
                    <Unicode>zu lieben gelang,</Unicode>
                </TextEquiv>
            </TextLine>
            <TextLine id="r1l91" custom="readingOrder {index:90;}">
                <Coords points="137,3218 151,3214 164,3225 171,3225 203,3212 210,3217 217,3211 236,3210 233,3172 218,3171 214,3176 200,3177 190,3169 183,3174 169,3170 157,3171 144,3180 134,3180"/>
                <Baseline points="150,3216 187,3211 224,3210"/>
                <TextEquiv>
                    <Unicode>ge¬</Unicode>
                </TextEquiv>
            </TextLine>
            <TextLine id="r1l92" custom="readingOrder {index:91;}">
                <Coords points="258,3266 1205,3214 1203,3174 1106,3167 257,3231"/>
                <Baseline points="269,3261 315,3258 361,3256 407,3254 453,3251 500,3249 546,3246 592,3244 638,3242 684,3239 731,3237 777,3235 823,3233 869,3230 915,3228 962,3226 1008,3224 1054,3222 1100,3219 1146,3217 1193,3215"/>
                <TextEquiv>
                    <Unicode>„Was mir der Tag zuträgt“ immer gern in die</Unicode>
                </TextEquiv>
            </TextLine>
            <TextLine id="r1l93" custom="readingOrder {index:92;}">
                <Coords points="1230,3271 2038,3223 2178,3251 2175,3188 2128,3173 1228,3214"/>
                <Baseline points="1240,3260 1286,3258 1332,3256 1378,3254 1425,3253 1471,3250 1517,3248 1563,3246 1610,3244 1656,3242 1702,3240 1748,3238 1795,3237 1841,3236 1887,3234 1933,3233 1980,3232 2026,3231 2072,3230 2118,3229 2165,3229"/>
                <TextEquiv>
                    <Unicode>Mein eig'nes, urinnerstes Wesen — und alles,</Unicode>
                </TextEquiv>
            </TextLine>
            <TextLine id="r1l94" custom="readingOrder {index:93;}">
                <Coords points="129,3272 145,3272 152,3266 155,3269 192,3264 207,3273 239,3264 237,3217 218,3218 201,3212 190,3220 164,3226 152,3215 126,3214"/>
                <Baseline points="140,3260 169,3258 198,3256 228,3256"/>
                <TextEquiv>
                    <Unicode>inen</Unicode>
                </TextEquiv>
            </TextLine>
            <TextLine id="r1l95" custom="readingOrder {index:94;}">
                <Coords points="259,3316 1209,3281 1185,3221 257,3267"/>
                <Baseline points="271,3308 317,3305 363,3301 409,3299 456,3297 502,3295 548,3293 595,3291 641,3289 687,3288 734,3286 780,3285 826,3283 872,3281 919,3280 965,3278 1011,3275 1058,3274 1104,3270 1150,3267 1197,3264"/>
                <TextEquiv>
                    <Unicode>Hand nihmen. Es ist ein einzig hohes Lied auf</Unicode>
                </TextEquiv>
            </TextLine>
            <TextLine id="r1l96" custom="readingOrder {index:95;}">
                <Coords points="1448,3303 1543,3316 1568,3300 1677,3306 1702,3288 1742,3303 1784,3285 1820,3300 1914,3289 1930,3286 1928,3232 1881,3234 1865,3251 1811,3241 1446,3263"/>
                <Baseline points="1460,3299 1485,3297 1510,3295 1536,3295 1561,3294 1586,3292 1612,3292 1637,3291 1663,3290 1688,3289 1713,3288 1739,3287 1764,3286 1790,3285 1815,3284 1840,3283 1866,3282 1891,3281 1917,3279"/>
                <TextEquiv>
                    <Unicode>was seltsam und krank.</Unicode>
                </TextEquiv>
            </TextLine>
            <TextLine id="r1l97" custom="readingOrder {index:96;}">
                <Coords points="118,3325 156,3322 160,3317 170,3321 202,3309 209,3316 221,3310 244,3308 241,3264 229,3264 211,3273 191,3263 151,3266 127,3291 116,3292"/>
                <Baseline points="129,3309 154,3306 180,3304 205,3302 231,3301"/>
                <TextEquiv>
                    <Unicode>gollste</Unicode>
                </TextEquiv>
            </TextLine>
            <TextLine id="r1l98" custom="readingOrder {index:97;}">
                <Coords points="248,3352 933,3348 1221,3304 1220,3276 1123,3266 247,3312"/>
                <Baseline points="261,3351 308,3349 355,3347 403,3346 450,3343 498,3341 545,3340 593,3338 640,3336 688,3335 735,3332 782,3331 830,3329 877,3326 925,3324 972,3322 1020,3319 1067,3317 1115,3314 1162,3310 1210,3307"/>
                <TextEquiv>
                    <Unicode>das Weib, gesungen in den süßesten, zarten Tö¬</Unicode>
                </TextEquiv>
            </TextLine>
            <TextLine id="r1l99" custom="readingOrder {index:98;}">
                <Coords points="1308,3364 2180,3326 2178,3279 2092,3254 1657,3309 1306,3302"/>
                <Baseline points="1319,3352 1361,3351 1403,3349 1446,3348 1488,3346 1531,3344 1573,3343 1615,3341 1658,3339 1700,3337 1743,3335 1785,3333 1827,3331 1870,3330 1912,3328 1955,3326 1997,3325 2039,3323 2082,3322 2124,3321 2167,3321"/>
                <TextEquiv>
                    <Unicode>Mit diesen Versen ist es wunderlich. Man</Unicode>
                </TextEquiv>
            </TextLine>
            <TextLine id="r1l100" custom="readingOrder {index:99;}">
                <Coords points="142,3363 156,3360 178,3371 184,3366 189,3371 201,3361 215,3360 246,3373 258,3373 256,3321 244,3321 225,3311 218,3318 203,3309 175,3317 159,3327 140,3323"/>
                <Baseline points="154,3354 184,3351 215,3350 246,3350"/>
                <TextEquiv>
                    <Unicode>alle</Unicode>
                </TextEquiv>
            </TextLine>
            <TextLine id="r1l101" custom="readingOrder {index:100;}">
                <Coords points="258,3412 1215,3365 1213,3320 1109,3313 256,3356"/>
                <Baseline points="269,3399 315,3397 362,3394 409,3392 455,3389 502,3387 549,3385 595,3384 642,3381 689,3380 736,3378 782,3376 829,3374 876,3372 922,3370 969,3368 1016,3366 1062,3363 1109,3360 1156,3358 1203,3354"/>
                <TextEquiv>
                    <Unicode>nen! Ein demüthiger Ritter und stolzer Trou¬</Unicode>
                </TextEquiv>
            </TextLine>
            <TextLine id="r1l102" custom="readingOrder {index:101;}">
                <Coords points="1219,3426 2180,3381 2178,3326 1217,3377"/>
                <Baseline points="1231,3408 1277,3407 1324,3405 1371,3404 1418,3402 1465,3400 1512,3398 1558,3396 1605,3394 1652,3392 1699,3390 1746,3388 1793,3386 1840,3383 1886,3381 1933,3379 1980,3378 2027,3375 2074,3374 2121,3372 2168,3370"/>
                <TextEquiv>
                    <Unicode>kann ihre glückliche Form nicht leugnen, und die</Unicode>
                </TextEquiv>
            </TextLine>
            <TextLine id="r1l103" custom="readingOrder {index:102;}">
                <Coords points="130,3407 142,3407 149,3412 182,3410 194,3415 222,3410 234,3422 250,3423 251,3373 232,3373 218,3361 199,3361 187,3370 171,3365 162,3365 154,3372 147,3367 131,3369"/>
                <Baseline points="141,3404 173,3401 206,3401 239,3406"/>
                <TextEquiv>
                    <Unicode>auch</Unicode>
                </TextEquiv>
            </TextLine>
            <TextLine id="r1l104" custom="readingOrder {index:103;}">
                <Coords points="135,3486 1027,3414 1226,3446 1222,3357 132,3409"/>
                <Baseline points="146,3454 199,3452 252,3450 306,3448 359,3446 412,3444 466,3442 519,3440 572,3438 626,3435 679,3434 732,3431 786,3429 839,3427 892,3425 946,3422 999,3420 1052,3417 1106,3415 1159,3413 1213,3411"/>
                <TextEquiv>
                    <Unicode>#thal badour ist Altenberg dem Weibe. In der Art,</Unicode>
                </TextEquiv>
            </TextLine>
            <TextLine id="r1l105" custom="readingOrder {index:104;}">
                <Coords points="278,3515 2030,3462 2182,3437 2179,3380 275,3463"/>
                <Baseline points="289,3501 383,3498 477,3494 571,3490 665,3487 759,3482 853,3478 947,3473 1041,3469 1135,3464 1229,3460 1323,3455 1417,3451 1511,3446 1605,3442 1699,3438 1793,3434 1887,3430 1981,3427 2075,3424 2170,3422"/>
                <TextEquiv>
                    <Unicode>wie er sein Thema, die Anbetung der Frau, be= „hektischen schlanken Nareissen mit blutrothem</Unicode>
                </TextEquiv>
            </TextLine>
            <TextEquiv>
                <Unicode>box 38/4
2. Cuttings
handelt und ausspinnt, kurz in der Technik zeigt
Wesensverwandt mit Bahr und Hofmanns¬
er sich ols Schüler der japanischen Maler, deren
thal ist Peter Altenberg.
Farben und Töne er in Worte umsetzt.
Ihnen allen ist die Schönheit der Wieder¬
Auch wenn man ihn sieht und spricht, wird
gabe, also die Form, alles. Da schwirrt ein Ge¬
einem der ganze Mensch und Dichter klar.
danke in ihnen auf, an den sie sich ergötzen, be¬
Freundliche und doch scharfe Augen, eine helle
rauschen, und in diesem Bacchanale der Sinne
Stimme und ein starker, buschiger Schnurrbart
ranken sie sich um diesen einen Gedanken, immer
halb Mann, halb Kind, ein starker Geist mit
neue Gedanken, wie der Gärtner Blume auf
einer weichen Kinderseele.
Blume zu einem Strauße häuft. Jeder Gedanke
Hinter Bahr, Hofmannsthal und Altenberg,
ist ein von der Vernunft erfaßtes Vibriren der
die doch schon ihre Gemeinden haben, sind noch
Nerven= und Seelenstränge, eine aufgestiegene
ein paar geheime Größen.
Seelenwolke. Das Wort und die Stimmungen
Man kennt von ihnen höchstens Felix Dör¬
find so spröde, sind zu schwerfällig, um diese
mann aus seiner Neurotico, ihn, der eifrig an
Stimmungen zestzuhalten. Deshalb suchen diese
die Zeitungen Notizen über seine Werke verschickt,
Dichter ein Surrogat, und sie finden es in einer
die er nächstens schreiben wird. Er ist sicherlich
die
fast raffinirt gesuchten und verfeinerten Hand¬
ein Talent — natürlich ein formales. Man höre,
habung der Sprache. Hier muß eine stele Um¬
wie seine Gedanken, durch die Form gedrückt, ja
werthung sich vollziehen. Die Worte, die der
erstickt werden:
Seelenstimmung des Schaffenden entsprungen
Ich liebe die hektischen, bleichen
sind, müssen sich beim Lesen oder Anhören wieder!
Narcissen mit blutrothem Mund;
in jene Stimmungswolken umwandeln, aus denen
Ich liebe die Qualengedanken — die Herzen zer¬
sie entstanden sind. Dazu gehört aber ein ebenso
stochen und wund;
zartnerviges Naturell, man muß selbst ein Stück
Ich liebe die Fahlen und Bleichen, die Frauen
Künstler, Träumer und Phantaft sein, um diese
mit müdem Gesicht,
Worte wieder in jene Stimmung umzubilden.
Aus welchen in flammenden Zeichen — Verzeh¬
ine
Hinter den Worten und hinter den Gedanken
rende Sinnengluth spricht;
steht hier als der Kern des Ganzen: die Stim¬
Ich liebe die schillernden Schlangen, — so
mung. Das könt und braust und klingt und
schmiegsam und biegsam und kühl;
dröhnt in seinen Werken wie Orgeliöne und
Ich liebe die klagenden, bangen, — die Lieder von
Posaunenruf. Das größte, reifste und bedeutendste
Todesgefühl;
der
der Werke Hofmannthal's in diesem Sinne ist
Ich liebe die herzlosen, grünen — Smaragde vor
der „Thor und der Tod“: die Klage des Jüng¬
jedem Gestein;
ihen
lings, der als weltabgewandter Thor gelebt und
Ich liebe die gelblichen Dünen — im bläulichen
Mondenschein;
nun dem Tode verfällt:
Weltabgewandt wie Hofmannsthal, ist auch
Ich liebe die Gluthendurchtränkten, — die Düfte
Peter Altenberg. Er ist kein Dichter für die
berauschend und schwer;
thätigen Weltbürger, für jene mit der lauten
Die Wolken, die Blitze durchsengten — das graue
und
Stimme und den fertigen Idealen. Aber kluge,
wuthschäumende Meer;
rein,
adelige Frauen und einsame Künstlermenschen
Ich liebe, was niemand erlesen — was keinem
heint
werden seine Bücher „Wie ich es sehe" und
zu lieben gelang,
ge¬
„Was mir der Tag zuträgt“ immer gern in die
Mein eig'nes, urinnerstes Wesen — und alles,
inen
Hand nihmen. Es ist ein einzig hohes Lied auf
was seltsam und krank.
gollste
das Weib, gesungen in den süßesten, zarten Tö¬
Mit diesen Versen ist es wunderlich. Man
alle
nen! Ein demüthiger Ritter und stolzer Trou¬
kann ihre glückliche Form nicht leugnen, und die
auch
#thal badour ist Altenberg dem Weibe. In der Art,
wie er sein Thema, die Anbetung der Frau, be= „hektischen schlanken Nareissen mit blutrothem</Unicode>
            </TextEquiv>
        </TextRegion>
        <TextRegion orientation="0.0" id="r2" custom="readingOrder {index:1;}">
            <Coords points="2113,1197 2113,3529 3156,3529 3156,1197"/>
            <TextLine id="r2l1" custom="readingOrder {index:0;}">
                <Coords points="2102,1251 2223,1261 2269,1229 2435,1266 2881,1241 2960,1203 2996,1235 3076,1220 3074,1183 3001,1174 2101,1214"/>
                <Baseline points="2113,1250 2160,1248 2208,1247 2255,1246 2303,1244 2350,1243 2398,1240 2445,1239 2493,1237 2540,1235 2588,1234 2635,1232 2683,1230 2730,1228 2778,1226 2825,1225 2873,1223 2920,1223 2968,1221 3015,1221 3063,1220"/>
                <TextEquiv>
                    <Unicode>Mund“ die „herzlosen grünen Smaragde“ die</Unicode>
                </TextEquiv>
            </TextLine>
            <TextLine id="r2l2" custom="readingOrder {index:1;}">
                <Coords points="2112,1311 3020,1284 3071,1256 3037,1222 2111,1264"/>
                <Baseline points="2124,1305 2170,1302 2217,1299 2264,1297 2311,1294 2357,1292 2404,1291 2451,1289 2498,1288 2544,1286 2591,1285 2638,1284 2685,1282 2731,1281 2778,1279 2825,1278 2872,1277 2918,1274 2965,1273 3012,1271 3059,1269"/>
                <TextEquiv>
                    <Unicode>„abgestumpften, wurzelwelken Nerven“ reizen.</Unicode>
                </TextEquiv>
            </TextLine>
            <TextLine id="r2l3" custom="readingOrder {index:2;}">
                <Coords points="2113,1360 3063,1331 3060,1273 2111,1313"/>
                <Baseline points="2124,1350 2170,1348 2216,1346 2262,1344 2309,1342 2355,1340 2401,1338 2448,1336 2494,1335 2540,1332 2587,1331 2633,1328 2679,1327 2725,1324 2772,1323 2818,1321 2864,1319 2911,1318 2957,1316 3003,1315 3050,1313"/>
                <TextEquiv>
                    <Unicode>Aber es bleibt eine Lust des Verstandes, ohne</Unicode>
                </TextEquiv>
            </TextLine>
            <TextLine id="r2l4" custom="readingOrder {index:3;}">
                <Coords points="2114,1416 3075,1381 3078,1336 2111,1360"/>
                <Baseline points="2124,1399 2171,1397 2218,1395 2265,1393 2312,1392 2359,1390 2406,1388 2454,1386 2501,1384 2548,1383 2595,1381 2642,1379 2689,1377 2736,1375 2784,1372 2831,1370 2878,1367 2925,1365 2972,1362 3019,1358 3067,1355"/>
                <TextEquiv>
                    <Unicode>an das Gefühl zu gelangen. Sie bleiben deco¬</Unicode>
                </TextEquiv>
            </TextLine>
            <TextLine id="r2l5" custom="readingOrder {index:4;}">
                <Coords points="2106,1449 3056,1435 3068,1359 2104,1404"/>
                <Baseline points="2118,1448 2165,1446 2212,1444 2259,1441 2306,1440 2353,1437 2400,1436 2447,1434 2494,1432 2541,1430 2588,1428 2635,1427 2682,1425 2729,1423 2776,1422 2823,1421 2870,1420 2917,1418 2964,1417 3011,1417 3058,1416"/>
                <TextEquiv>
                    <Unicode>rativ wie Farben auf einer Palette, welche Glanz,</Unicode>
                </TextEquiv>
            </TextLine>
            <TextLine id="r2l6" custom="readingOrder {index:5;}">
                <Coords points="2120,1497 3056,1473 3069,1428 2118,1450"/>
                <Baseline points="2131,1493 2177,1492 2223,1490 2270,1489 2316,1488 2363,1486 2409,1484 2455,1483 2502,1481 2548,1479 2595,1477 2641,1475 2687,1474 2734,1472 2780,1470 2827,1467 2873,1465 2919,1463 2966,1461 3012,1458 3059,1455"/>
                <TextEquiv>
                    <Unicode>Pracht und Feuer, aber keinen Sinn, keine</Unicode>
                </TextEquiv>
            </TextLine>
            <TextLine id="r2l7" custom="readingOrder {index:6;}">
                <Coords points="2112,1555 2326,1552 2377,1524 3067,1531 3074,1469 2110,1501"/>
                <Baseline points="2123,1539 2170,1538 2217,1537 2264,1536 2311,1535 2358,1534 2405,1532 2452,1531 2499,1529 2546,1527 2593,1526 2640,1524 2687,1522 2734,1520 2781,1518 2828,1516 2875,1515 2922,1513 2969,1511 3016,1509 3063,1507"/>
                <TextEquiv>
                    <Unicode>Sprache zur Seele haben, oder wie eine Wahl</Unicode>
                </TextEquiv>
            </TextLine>
            <TextLine id="r2l8" custom="readingOrder {index:7;}">
                <Coords points="2125,1606 3089,1573 3088,1535 2990,1512 2123,1547"/>
                <Baseline points="2137,1587 2184,1585 2231,1584 2278,1583 2325,1582 2372,1581 2419,1580 2466,1578 2513,1577 2560,1575 2607,1574 2654,1572 2701,1571 2748,1569 2795,1568 2842,1566 2889,1564 2936,1563 2983,1560 3030,1558 3077,1556"/>
                <TextEquiv>
                    <Unicode>von bunten Mustern, welche doch, um zu kleiden,</Unicode>
                </TextEquiv>
            </TextLine>
            <TextLine id="r2l9" custom="readingOrder {index:8;}">
                <Coords points="2127,1649 2699,1639 3086,1595 3070,1558 2125,1604"/>
                <Baseline points="2139,1638 2185,1637 2232,1634 2279,1633 2325,1631 2372,1630 2419,1628 2465,1627 2512,1625 2559,1623 2606,1622 2652,1620 2699,1618 2746,1616 2792,1614 2839,1612 2886,1609 2932,1607 2979,1604 3026,1601 3073,1598"/>
                <TextEquiv>
                    <Unicode>erst in Gewänder zu schneiden wären, oder wie</Unicode>
                </TextEquiv>
            </TextLine>
            <TextLine id="r2l10" custom="readingOrder {index:9;}">
                <Coords points="2127,1689 2600,1690 2951,1646 3082,1670 3096,1610 2125,1652"/>
                <Baseline points="2137,1683 2184,1682 2231,1681 2279,1680 2326,1679 2374,1677 2421,1676 2468,1674 2516,1672 2563,1670 2611,1668 2658,1667 2705,1665 2753,1663 2800,1661 2848,1659 2895,1656 2942,1655 2990,1652 3037,1650 3085,1648"/>
                <TextEquiv>
                    <Unicode>eine Sammlung der besten Citate aus allen</Unicode>
                </TextEquiv>
            </TextLine>
            <TextLine id="r2l11" custom="readingOrder {index:10;}">
                <Coords points="2122,1746 3100,1706 3098,1664 2951,1646 2120,1697"/>
                <Baseline points="2132,1731 2179,1730 2227,1728 2275,1727 2323,1725 2370,1723 2418,1722 2466,1720 2514,1718 2561,1717 2609,1715 2657,1713 2705,1711 2752,1709 2800,1707 2848,1706 2896,1703 2943,1701 2991,1699 3039,1697 3087,1695"/>
                <TextEquiv>
                    <Unicode>Stilen der Gegenwart. Aber wer so in Citaten</Unicode>
                </TextEquiv>
            </TextLine>
            <TextLine id="r2l12" custom="readingOrder {index:11;}">
                <Coords points="2135,1788 2946,1765 2978,1737 3071,1772 3104,1759 3102,1709 2133,1744"/>
                <Baseline points="2146,1783 2193,1781 2240,1778 2287,1776 2335,1774 2382,1772 2429,1770 2476,1768 2524,1767 2571,1765 2618,1763 2665,1761 2713,1760 2760,1758 2807,1756 2854,1755 2902,1753 2949,1751 2996,1750 3043,1748 3091,1745"/>
                <TextEquiv>
                    <Unicode>der anderen nur spricht, kann natürlich das</Unicode>
                </TextEquiv>
            </TextLine>
            <TextLine id="r2l13" custom="readingOrder {index:12;}">
                <Coords points="2127,1830 3094,1797 3092,1766 3016,1751 2126,1797"/>
                <Baseline points="2140,1831 2187,1830 2234,1828 2281,1826 2328,1825 2375,1823 2422,1821 2469,1819 2516,1817 2563,1815 2610,1813 2657,1811 2704,1809 2751,1807 2798,1804 2845,1802 2892,1800 2939,1799 2986,1797 3033,1795 3081,1794"/>
                <TextEquiv>
                    <Unicode>Eigene, seine Art nicht sagen. Sein Apparat,</Unicode>
                </TextEquiv>
            </TextLine>
            <TextLine id="r2l14" custom="readingOrder {index:13;}">
                <Coords points="2141,1891 3044,1858 3114,1848 3112,1787 2965,1819 2139,1834"/>
                <Baseline points="2153,1879 2200,1877 2247,1876 2295,1873 2342,1872 2390,1870 2437,1868 2485,1866 2532,1864 2580,1862 2627,1860 2674,1858 2722,1856 2769,1854 2817,1852 2864,1850 2912,1848 2959,1845 3007,1844 3054,1842 3102,1840"/>
                <TextEquiv>
                    <Unicode>statt ihm zu dienen, lyrannisirt ihn. Er redet</Unicode>
                </TextEquiv>
            </TextLine>
            <TextLine id="r2l15" custom="readingOrder {index:14;}">
                <Coords points="2131,1927 2876,1896 2981,1920 3099,1873 3079,1846 2130,1882"/>
                <Baseline points="2142,1925 2189,1923 2236,1921 2283,1918 2331,1916 2378,1914 2425,1913 2472,1911 2520,1909 2567,1908 2614,1907 2661,1905 2709,1904 2756,1902 2803,1900 2850,1899 2898,1897 2945,1895 2992,1893 3039,1891 3087,1889"/>
                <TextEquiv>
                    <Unicode>nicht aus dem Leben: er redet immer aus frem¬</Unicode>
                </TextEquiv>
            </TextLine>
            <TextLine id="r2l16" custom="readingOrder {index:15;}">
                <Coords points="2135,1979 3033,1955 3096,1934 3095,1892 2133,1935"/>
                <Baseline points="2146,1972 2195,1970 2244,1968 2294,1967 2343,1965 2393,1964 2442,1962 2491,1961 2541,1959 2590,1959 2640,1957 2689,1956 2739,1954 2788,1953 2837,1951 2887,1948 2936,1947 2986,1944 3035,1942 3085,1939"/>
                <TextEquiv>
                    <Unicode>den Literaturen. Seine Schmerzen find von</Unicode>
                </TextEquiv>
            </TextLine>
            <TextLine id="r2l17" custom="readingOrder {index:16;}">
                <Coords points="2136,2020 3029,2000 3094,1958 2134,1977"/>
                <Baseline points="2148,2015 2194,2014 2241,2013 2288,2012 2335,2011 2381,2010 2428,2009 2475,2008 2522,2007 2568,2005 2615,2004 2662,2003 2709,2002 2755,2000 2802,1999 2849,1997 2896,1995 2942,1993 2989,1991 3036,1988 3083,1986"/>
                <TextEquiv>
                    <Unicode>Baudelaire, seine Wünsche sind von Swieburne.</Unicode>
                </TextEquiv>
            </TextLine>
            <TextLine id="r2l18" custom="readingOrder {index:17;}">
                <Coords points="2142,2073 3102,2048 3100,1982 2141,2026"/>
                <Baseline points="2153,2066 2199,2064 2246,2062 2293,2060 2340,2058 2387,2057 2434,2055 2480,2054 2527,2053 2574,2052 2621,2051 2668,2050 2715,2049 2762,2048 2808,2046 2855,2045 2902,2043 2949,2041 2996,2038 3043,2035 3090,2032"/>
                <TextEquiv>
                    <Unicode>Sich verkündet er nirgends. Anfangs durfte man</Unicode>
                </TextEquiv>
            </TextLine>
            <TextLine id="r2l19" custom="readingOrder {index:18;}">
                <Coords points="2150,2122 2947,2097 3044,2120 3100,2104 3098,2047 2148,2073"/>
                <Baseline points="2162,2120 2208,2116 2254,2113 2300,2111 2347,2109 2393,2106 2439,2104 2486,2102 2532,2101 2578,2099 2625,2097 2671,2096 2717,2095 2763,2093 2810,2092 2856,2091 2902,2089 2949,2088 2995,2086 3041,2084 3088,2082"/>
                <TextEquiv>
                    <Unicode>meinen, daß er sich eben erst suchte. Aber er sucht</Unicode>
                </TextEquiv>
            </TextLine>
            <TextLine id="r2l20" custom="readingOrder {index:19;}">
                <Coords points="2150,2182 2267,2160 2298,2173 2352,2159 2463,2168 2530,2153 2529,2115 2463,2121 2399,2109 2326,2120 2310,2111 2263,2130 2244,2119 2148,2125"/>
                <Baseline points="2162,2168 2187,2165 2213,2162 2238,2160 2264,2158 2289,2157 2315,2155 2340,2155 2366,2154 2391,2153 2417,2153 2442,2152 2468,2151 2493,2151 2519,2149"/>
                <TextEquiv>
                    <Unicode>schon etwas lange.</Unicode>
                </TextEquiv>
            </TextLine>
            <TextLine id="r2l21" custom="readingOrder {index:20;}">
                <Coords points="2245,2214 3099,2184 3098,2147 3043,2120 2244,2169"/>
                <Baseline points="2256,2209 2297,2206 2339,2204 2380,2202 2422,2201 2464,2199 2505,2198 2547,2196 2588,2195 2630,2194 2672,2193 2713,2192 2755,2190 2796,2190 2838,2188 2880,2187 2921,2186 2963,2184 3004,2183 3046,2181 3088,2179"/>
                <TextEquiv>
                    <Unicode>Das gilt nicht nur von Dörmann. Es gilt</Unicode>
                </TextEquiv>
            </TextLine>
            <TextLine id="r2l22" custom="readingOrder {index:21;}">
                <Coords points="2145,2259 3100,2247 3098,2193 3058,2185 2143,2207"/>
                <Baseline points="2156,2259 2202,2257 2249,2256 2295,2254 2342,2253 2388,2251 2435,2249 2481,2248 2528,2245 2574,2244 2621,2243 2668,2241 2714,2239 2761,2238 2807,2236 2854,2235 2900,2233 2947,2231 2993,2230 3040,2229 3087,2227"/>
                <TextEquiv>
                    <Unicode>von der ganzen Gruppe, von Richard Specht,</Unicode>
                </TextEquiv>
            </TextLine>
            <TextLine id="r2l23" custom="readingOrder {index:22;}">
                <Coords points="2152,2313 3099,2279 3098,2246 3006,2230 2955,2258 2151,2266"/>
                <Baseline points="2163,2309 2209,2306 2255,2304 2301,2302 2347,2301 2394,2299 2440,2298 2486,2297 2532,2296 2578,2296 2625,2295 2671,2294 2717,2293 2763,2292 2809,2290 2856,2289 2902,2286 2948,2284 2994,2280 3040,2277 3087,2273"/>
                <TextEquiv>
                    <Unicode>Paul Fischer, von Arthur Hollitscher, einem</Unicode>
                </TextEquiv>
            </TextLine>
            <TextLine id="r2l24" custom="readingOrder {index:23;}">
                <Coords points="2148,2359 2745,2352 2904,2316 2938,2344 3100,2334 3099,2289 2147,2319"/>
                <Baseline points="2159,2355 2205,2352 2252,2351 2298,2349 2345,2348 2391,2347 2438,2345 2484,2345 2531,2343 2577,2342 2624,2341 2670,2340 2717,2339 2763,2338 2810,2336 2856,2334 2903,2332 2949,2330 2996,2327 3042,2324 3089,2320"/>
                <TextEquiv>
                    <Unicode>Mittelding zwischen d' Annunzio und Hugo v.</Unicode>
                </TextEquiv>
            </TextLine>
            <TextLine id="r2l25" custom="readingOrder {index:24;}">
                <Coords points="2158,2407 3078,2384 3102,2331 2156,2364"/>
                <Baseline points="2171,2408 2219,2404 2267,2401 2316,2398 2364,2397 2412,2394 2461,2393 2509,2391 2557,2390 2606,2388 2654,2387 2703,2385 2751,2384 2799,2383 2848,2381 2896,2379 2944,2376 2993,2373 3041,2371 3090,2366"/>
                <TextEquiv>
                    <Unicode>Hofmannsthal. Die Schwüle Indiens ist über</Unicode>
                </TextEquiv>
            </TextLine>
            <TextLine id="r2l26" custom="readingOrder {index:25;}">
                <Coords points="2152,2462 3064,2432 3115,2423 3113,2361 2916,2396 2149,2405"/>
                <Baseline points="2164,2458 2210,2456 2257,2453 2304,2450 2351,2448 2398,2445 2445,2443 2492,2441 2539,2439 2586,2437 2633,2434 2679,2433 2726,2431 2773,2429 2820,2427 2867,2425 2914,2423 2961,2421 3008,2418 3055,2416 3102,2414"/>
                <TextEquiv>
                    <Unicode>seinen eben erschienenen Roman „Der vergiftete</Unicode>
                </TextEquiv>
            </TextLine>
            <TextLine id="r2l27" custom="readingOrder {index:26;}">
                <Coords points="2169,2502 3105,2467 3080,2423 2168,2462"/>
                <Baseline points="2182,2502 2227,2501 2273,2499 2318,2497 2364,2495 2410,2493 2455,2492 2501,2490 2546,2487 2592,2485 2638,2483 2683,2481 2729,2479 2774,2477 2820,2475 2866,2473 2911,2472 2957,2470 3002,2468 3048,2466 3094,2465"/>
                <TextEquiv>
                    <Unicode>Brunnen“ gelagert. Hollitscher's Gestalten haben</Unicode>
                </TextEquiv>
            </TextLine>
            <TextLine id="r2l28" custom="readingOrder {index:27;}">
                <Coords points="2155,2552 3073,2528 3112,2515 3110,2463 2153,2501"/>
                <Baseline points="2167,2551 2213,2549 2260,2546 2307,2544 2353,2543 2400,2540 2447,2538 2493,2537 2540,2535 2587,2533 2634,2531 2680,2529 2727,2528 2774,2526 2820,2524 2867,2523 2914,2521 2960,2519 3007,2517 3054,2515 3101,2513"/>
                <TextEquiv>
                    <Unicode>fast alles dasselbe Merkmal: sie sind Menschen,</Unicode>
                </TextEquiv>
            </TextLine>
            <TextLine id="r2l29" custom="readingOrder {index:28;}">
                <Coords points="2164,2604 3102,2575 3116,2518 2162,2561"/>
                <Baseline points="2175,2592 2221,2591 2268,2590 2314,2589 2361,2587 2408,2586 2454,2585 2501,2583 2547,2581 2594,2580 2641,2578 2687,2576 2734,2574 2780,2572 2827,2570 2874,2568 2920,2566 2967,2564 3013,2562 3060,2559 3107,2557"/>
                <TextEquiv>
                    <Unicode>vollblütige Menschen; aber ein Glashaus ist über</Unicode>
                </TextEquiv>
            </TextLine>
            <TextLine id="r2l30" custom="readingOrder {index:29;}">
                <Coords points="2165,2656 3107,2606 3105,2570 2954,2565 2163,2612"/>
                <Baseline points="2177,2646 2225,2643 2273,2641 2322,2639 2370,2637 2418,2635 2467,2634 2515,2632 2563,2630 2612,2629 2660,2627 2709,2625 2757,2623 2805,2622 2854,2620 2902,2617 2950,2614 2999,2611 3047,2607 3096,2604"/>
                <TextEquiv>
                    <Unicode>sie gestellt, ein Glashaus, das exotische Farben¬</Unicode>
                </TextEquiv>
            </TextLine>
            <TextLine id="r2l31" custom="readingOrder {index:30;}">
                <Coords points="2172,2712 2298,2681 2435,2702 3053,2662 3120,2691 3119,2589 2817,2641 2170,2655"/>
                <Baseline points="2183,2690 2229,2688 2275,2686 2321,2685 2368,2683 2414,2682 2460,2680 2507,2678 2553,2677 2599,2676 2646,2674 2692,2672 2738,2670 2784,2668 2831,2667 2877,2665 2923,2663 2970,2661 3016,2659 3062,2657 3109,2654"/>
                <TextEquiv>
                    <Unicode>pracht und wunderliche betäubende Düfte zeigt.*)</Unicode>
                </TextEquiv>
            </TextLine>
            <TextLine id="r2l32" custom="readingOrder {index:31;}">
                <Coords points="2262,2735 2803,2736 3080,2714 3121,2679 2260,2695"/>
                <Baseline points="2274,2732 2315,2731 2357,2729 2399,2727 2441,2726 2483,2724 2524,2723 2566,2722 2608,2721 2650,2720 2692,2719 2733,2717 2775,2715 2817,2714 2859,2712 2901,2710 2942,2708 2984,2706 3026,2703 3068,2701 3110,2698"/>
                <TextEquiv>
                    <Unicode>Auch er gehört zu den Suchenden und kenn¬</Unicode>
                </TextEquiv>
            </TextLine>
            <TextLine id="r2l33" custom="readingOrder {index:32;}">
                <Coords points="2169,2805 3102,2761 3100,2710 2167,2747"/>
                <Baseline points="2181,2787 2226,2786 2271,2785 2317,2784 2362,2782 2408,2781 2453,2779 2498,2778 2544,2776 2589,2774 2635,2772 2680,2770 2725,2769 2771,2767 2816,2765 2862,2763 2907,2762 2952,2760 2998,2758 3043,2756 3089,2755"/>
                <TextEquiv>
                    <Unicode>zeichnet sich dadurch als Jung=Wiener, ebense</Unicode>
                </TextEquiv>
            </TextLine>
            <TextLine id="r2l34" custom="readingOrder {index:33;}">
                <Coords points="2168,2848 3113,2813 3079,2758 2167,2803"/>
                <Baseline points="2179,2837 2225,2835 2271,2832 2317,2830 2363,2828 2409,2826 2455,2824 2501,2823 2547,2822 2593,2820 2640,2819 2686,2818 2732,2816 2778,2815 2824,2814 2870,2813 2916,2812 2962,2810 3008,2809 3054,2807 3101,2805"/>
                <TextEquiv>
                    <Unicode>wie Paul Arnheimer und Felix Salten, die</Unicode>
                </TextEquiv>
            </TextLine>
            <TextLine id="r2l35" custom="readingOrder {index:34;}">
                <Coords points="2183,2894 2265,2903 2298,2885 2350,2893 2431,2873 2536,2889 2610,2865 2634,2873 2633,2838 2449,2830 2181,2845"/>
                <Baseline points="2194,2883 2219,2881 2244,2880 2269,2878 2294,2876 2320,2875 2345,2874 2370,2873 2395,2872 2421,2871 2446,2870 2471,2870 2496,2869 2522,2869 2547,2868 2572,2868 2597,2868 2623,2867"/>
                <TextEquiv>
                    <Unicode>Jüngsten der Jungen.</Unicode>
                </TextEquiv>
            </TextLine>
            <TextLine id="r2l36" custom="readingOrder {index:35;}">
                <Coords points="2274,2929 3133,2909 3130,2841 2934,2875 2844,2857 2273,2892"/>
                <Baseline points="2285,2927 2326,2926 2368,2926 2410,2925 2452,2924 2493,2922 2535,2921 2577,2920 2619,2918 2660,2916 2702,2915 2744,2912 2786,2911 2827,2909 2869,2907 2911,2905 2953,2903 2994,2901 3036,2899 3078,2897 3120,2895"/>
                <TextEquiv>
                    <Unicode>Es ist nicht lange her, daß man in Wien</Unicode>
                </TextEquiv>
            </TextLine>
            <TextLine id="r2l37" custom="readingOrder {index:36;}">
                <Coords points="2183,2986 3128,2953 3109,2902 2802,2933 2181,2930"/>
                <Baseline points="2194,2984 2240,2981 2286,2978 2332,2976 2378,2974 2424,2972 2470,2970 2516,2968 2562,2967 2608,2966 2654,2964 2700,2963 2746,2962 2792,2960 2838,2959 2884,2957 2930,2955 2976,2952 3022,2951 3068,2948 3115,2945"/>
                <TextEquiv>
                    <Unicode>nur mit eigenartigem Lächeln von dem Herrn</Unicode>
                </TextEquiv>
            </TextLine>
            <TextLine id="r2l38" custom="readingOrder {index:37;}">
                <Coords points="2181,3029 3042,3010 3140,2987 3138,2942 2179,2987"/>
                <Baseline points="2192,3033 2238,3029 2285,3026 2332,3024 2379,3022 2426,3020 2472,3018 2519,3017 2566,3016 2613,3015 2660,3014 2706,3012 2753,3011 2800,3009 2847,3007 2894,3005 2940,3003 2987,3000 3034,2997 3081,2992 3128,2988"/>
                <TextEquiv>
                    <Unicode>Dr. med. Arthur Schnitzler sprach, dem blonden</Unicode>
                </TextEquiv>
            </TextLine>
            <TextLine id="r2l39" custom="readingOrder {index:38;}">
                <Coords points="2192,3088 3039,3057 3144,3041 3142,2987 2190,3034"/>
                <Baseline points="2204,3077 2250,3075 2296,3073 2343,3071 2389,3069 2435,3068 2482,3066 2528,3064 2574,3062 2621,3061 2667,3059 2713,3057 2760,3056 2806,3054 2852,3053 2899,3050 2945,3049 2991,3046 3038,3044 3084,3041 3131,3039"/>
                <TextEquiv>
                    <Unicode>Sohne des bekannten Profissors. E##f#ll auch</Unicode>
                </TextEquiv>
            </TextLine>
            <TextLine id="r2l40" custom="readingOrder {index:39;}">
                <Coords points="2194,3135 2765,3097 3133,3121 3145,3042 2193,3093"/>
                <Baseline points="2205,3126 2251,3123 2298,3119 2344,3117 2391,3115 2437,3113 2484,3112 2530,3110 2577,3109 2623,3108 2670,3107 2716,3106 2763,3104 2809,3104 2856,3102 2902,3101 2949,3099 2995,3097 3042,3095 3088,3091 3135,3088"/>
                <TextEquiv>
                    <Unicode>„dichten“ — hieß es. Und man erklärte, daß</Unicode>
                </TextEquiv>
            </TextLine>
            <TextLine id="r2l41" custom="readingOrder {index:40;}">
                <Coords points="2196,3181 3137,3155 3134,3096 3068,3094 2194,3136"/>
                <Baseline points="2208,3173 2253,3171 2299,3169 2345,3167 2391,3165 2437,3164 2483,3162 2528,3161 2574,3159 2620,3157 2666,3156 2712,3154 2758,3152 2804,3151 2849,3149 2895,3147 2941,3145 2987,3142 3033,3139 3079,3137 3125,3134"/>
                <TextEquiv>
                    <Unicode>dieser schreibende Herr wahrscheinlich unter den</Unicode>
                </TextEquiv>
            </TextLine>
            <TextLine id="r2l42" custom="readingOrder {index:41;}">
                <Coords points="2191,3224 3108,3197 3150,3185 3148,3134 2189,3179"/>
                <Baseline points="2202,3220 2248,3218 2295,3217 2342,3216 2389,3214 2435,3213 2482,3212 2529,3210 2576,3208 2622,3206 2669,3205 2716,3202 2763,3200 2809,3198 2856,3196 2903,3193 2950,3191 2996,3188 3043,3185 3090,3182 3137,3179"/>
                <TextEquiv>
                    <Unicode>Aerzten ein guter Dichter, unter den Dichtern</Unicode>
                </TextEquiv>
            </TextLine>
            <TextLine id="r2l43" custom="readingOrder {index:42;}">
                <Coords points="2190,3281 3154,3242 3151,3185 2188,3227"/>
                <Baseline points="2202,3272 2251,3270 2300,3267 2350,3265 2399,3262 2449,3259 2498,3257 2547,3254 2597,3252 2646,3250 2696,3247 2745,3245 2795,3243 2844,3241 2893,3239 2943,3237 2992,3235 3042,3233 3091,3231 3141,3230"/>
                <TextEquiv>
                    <Unicode>ein guter Arzt sei. Und als man vor einigen</Unicode>
                </TextEquiv>
            </TextLine>
            <TextLine id="r2l44" custom="readingOrder {index:43;}">
                <Coords points="2184,3316 3170,3293 3148,3228 2183,3283"/>
                <Baseline points="2195,3317 2243,3314 2291,3312 2339,3309 2387,3307 2435,3305 2483,3304 2531,3302 2579,3301 2627,3300 2675,3299 2723,3297 2771,3296 2819,3294 2867,3292 2915,3290 2963,3288 3011,3285 3059,3282 3107,3278 3156,3273"/>
                <TextEquiv>
                    <Unicode>Jahren Ludwig Fulda's „Kameraden“ am deut¬#</Unicode>
                </TextEquiv>
            </TextLine>
            <TextLine id="r2l45" custom="readingOrder {index:44;}">
                <Coords points="2186,3385 2573,3350 2720,3383 2804,3349 2875,3375 3148,3364 3145,3293 3114,3280 2183,3317"/>
                <Baseline points="2197,3368 2243,3364 2290,3362 2337,3359 2384,3357 2431,3355 2478,3354 2524,3353 2571,3351 2618,3350 2665,3349 2712,3348 2759,3347 2806,3346 2852,3344 2899,3342 2946,3340 2993,3339 3040,3335 3087,3332 3134,3328"/>
                <TextEquiv>
                    <Unicode>schen Volkstheater aufführte, durfte ein Wiener</Unicode>
                </TextEquiv>
            </TextLine>
            <TextLine id="r2l46" custom="readingOrder {index:45;}">
                <Coords points="2306,3442 2393,3442 2427,3425 2496,3429 2518,3411 2540,3419 2561,3408 2630,3423 2650,3408 2681,3411 2679,3371 2619,3358 2590,3379 2552,3381 2516,3366 2301,3360"/>
                <Baseline points="2317,3415 2342,3414 2367,3414 2392,3413 2417,3411 2442,3409 2467,3408 2493,3406 2518,3405 2543,3403 2568,3402 2593,3401 2618,3399 2643,3398 2669,3396"/>
                <TextEquiv>
                    <Unicode>*) H. Bahr a. a. O.</Unicode>
                </TextEquiv>
            </TextLine>
            <TextLine id="r2l47" custom="readingOrder {index:46;}">
                <Coords points="2369,3545 2419,3542 2441,3528 2503,3536 2552,3526 2543,3441 2483,3438 2477,3446 2458,3446 2443,3464 2407,3456 2361,3468"/>
                <Baseline points="2378,3518 2404,3514 2431,3511 2458,3508 2484,3506 2511,3503 2538,3500"/>
                <TextEquiv>
                    <Unicode>S</Unicode>
                </TextEquiv>
            </TextLine>
            <TextEquiv>
                <Unicode>Mund“ die „herzlosen grünen Smaragde“ die
„abgestumpften, wurzelwelken Nerven“ reizen.
Aber es bleibt eine Lust des Verstandes, ohne
an das Gefühl zu gelangen. Sie bleiben deco¬
rativ wie Farben auf einer Palette, welche Glanz,
Pracht und Feuer, aber keinen Sinn, keine
Sprache zur Seele haben, oder wie eine Wahl
von bunten Mustern, welche doch, um zu kleiden,
erst in Gewänder zu schneiden wären, oder wie
eine Sammlung der besten Citate aus allen
Stilen der Gegenwart. Aber wer so in Citaten
der anderen nur spricht, kann natürlich das
Eigene, seine Art nicht sagen. Sein Apparat,
statt ihm zu dienen, lyrannisirt ihn. Er redet
nicht aus dem Leben: er redet immer aus frem¬
den Literaturen. Seine Schmerzen find von
Baudelaire, seine Wünsche sind von Swieburne.
Sich verkündet er nirgends. Anfangs durfte man
meinen, daß er sich eben erst suchte. Aber er sucht
schon etwas lange.
Das gilt nicht nur von Dörmann. Es gilt
von der ganzen Gruppe, von Richard Specht,
Paul Fischer, von Arthur Hollitscher, einem
Mittelding zwischen d' Annunzio und Hugo v.
Hofmannsthal. Die Schwüle Indiens ist über
seinen eben erschienenen Roman „Der vergiftete
Brunnen“ gelagert. Hollitscher's Gestalten haben
fast alles dasselbe Merkmal: sie sind Menschen,
vollblütige Menschen; aber ein Glashaus ist über
sie gestellt, ein Glashaus, das exotische Farben¬
pracht und wunderliche betäubende Düfte zeigt.*)
Auch er gehört zu den Suchenden und kenn¬
zeichnet sich dadurch als Jung=Wiener, ebense
wie Paul Arnheimer und Felix Salten, die
Jüngsten der Jungen.
Es ist nicht lange her, daß man in Wien
nur mit eigenartigem Lächeln von dem Herrn
Dr. med. Arthur Schnitzler sprach, dem blonden
Sohne des bekannten Profissors. E##f#ll auch
„dichten“ — hieß es. Und man erklärte, daß
dieser schreibende Herr wahrscheinlich unter den
Aerzten ein guter Dichter, unter den Dichtern
ein guter Arzt sei. Und als man vor einigen
Jahren Ludwig Fulda's „Kameraden“ am deut¬#
schen Volkstheater aufführte, durfte ein Wiener
*) H. Bahr a. a. O.
S</Unicode>
            </TextEquiv>
        </TextRegion>
        <TextRegion orientation="0.0" id="r3" custom="readingOrder {index:2;}">
            <Coords points="3143,4029 3143,4186 3296,4186 3296,4029"/>
            <TextLine id="r3l1" custom="readingOrder {index:0;}">
                <Coords points="3131,4146 3256,4148 3308,4141 3304,4056 3234,4064 3224,4059 3199,4068 3187,4061 3128,4066"/>
                <Baseline points="3143,4134 3168,4136 3194,4136 3219,4135 3245,4133 3270,4131 3296,4129"/>
                <TextEquiv>
                    <Unicode></Unicode>
                </TextEquiv>
            </TextLine>
            <TextEquiv>
                <Unicode></Unicode>
            </TextEquiv>
        </TextRegion>
    </Page>
</PcGts>
