3344 4320
190 195 795 303 2. Cuttings
939 187 1414 276 box 38/4
1537 798 1902 876 Bühne und Welt.
877 883 2571 982 dennoch an einer wirklichen Literatur, einem, den Zug und das Wesen der Zeit nur annähernd
871 954 2580 1012 verkörpernden Stil gebrach. Diese Schaffensperiode brachte alle Attribute dichterischer Wirkung.
884 1008 2578 1064 auf: Kraft und Innigkeit, Geist, Satire, Dollendung der Form, Unmut und Schwung, Schlichtheit
883 1053 2562 1118 und psrchologische Tiefgründigkeit. Und doch, den tiefgehenden, den Geschmack gleichsam auf¬
884 1100 2581 1160 wühlenden Erfolg brachte keines der erfolgreichen Werke der letzten Literaturperiode hervor.
876 1141 2575 1204 Dieser war einem Dichter beschieden, der durchaus herb, dem Durchschnittsgeschmack vielleicht sogar
893 1184 2578 1266 ungefällig, geradlinig und den Launen der Tagesmoden gegenüber seltsam unempfindlich und
879 1259 2577 1304 harthörig erscheint: Karl Schönherr. In aufsteigender Linie bewegte sich sein Erfolg als das
873 1297 2588 1359 Bild eines literarischen Ruhmes, der in einer tiefen Redlichkeit wurzelt, in einer in sich selbst
887 1356 2062 1427 abgeschlossenen, von Geschmackseinflüssen unbeirrten Persönlichkeit.
997 1391 2579 1459 Mit einem Andreas=Hofer=Drama be##in Schönherr seine dramatische Laufbahn. Wie die
894 1451 2586 1513 meisten jungen Calente von der Kritik mit lauem Wohlwollen oder mit jener Ironie auf¬
890 1490 2582 1560 genommen, die gern am fremden Werk den eigenen Geist erprobt, von einigen sogar mit dem
893 1540 2579 1608 radikaleren Dorgang des Mausetotmachens bedroht. Der Name Schönherr hatte damals noch
890 1601 2582 1655 keinen Klang gewonnen, und der Dichter mußte im stillen ruhig weiterschaffen. Ob durch das
891 1641 2576 1701 kritische Verständnis wesentlich ermuntert, bleibt freilich dahingestellt. Dann kamen „Die Bild¬
884 1685 2589 1754 schnitzer“, diese kleine Meistertragödie, schon ganz aus dem festen Material der späteren Schön¬
888 1740 2589 1811 herrschen Kunst gebildet. Eine Tragödie armer Leute, ein erschütternder Lebensausschnitt, durch
892 1787 2584 1858 eine kleine Luke gesehen. Da war kein Zuviel, kein Zuwenig. Mit der Schlichtheit guten, red¬
880 1838 2310 1893 lichen Handwerks war hier eines Dichters tiefes Fühlen zum Kunstwerk gefügt.
1007 1896 2586 1947 Im „Sonnwendtag“ spielt schon die Außenwelt, der Kampf der Zeit hinein in die enge
895 1939 2584 2000 Stube. Die kräftige Tragödie klingt in eine wundersam tiefe, aus Herz greifende Szene aus.
890 1984 2591 2039 Wie die alte Rofnermutter, vom Schicksal in ihrem tiefen Glauben enttäuscht, den Altar der
889 2034 2589 2103 Gottesmutter stumm und lautlos abräumt, die heiligen Dinge, die sie ein Leben lang gehegt
898 2082 2590 2146 und gepflegt, wortlos in die Cruhe sargt, da wurde eine der tiefsten Wirkungen alles Dramat schen
887 2132 2598 2185 lebendig: die wortlos, aus den Ereignissen allein wirkende Tragödie, der künstlerisch vollendetste
900 2177 2588 2240 Ausdruck lebendiger Lebensschilderung. Die Wortkargheit Schönherrs, die der stärkste Dorzug
898 2234 2597 2301 seiner Kunst ist, war hier zu einer stummen Szene geworden, einer jener, deren Gefühlsmacht
893 2289 2004 2357 und Gedankenausdruck keines Dichters Wort gewachsen wäre.
1012 2326 2585 2386 Das Armeleutestück und die Elendtragödie waren bedenklich in Mißkredit gekommen. Dor¬
896 2389 2603 2441 nehmlich in jener Zeit, da man nur als Kunst betrachtete, was sich mit aristokratischen Allüren
904 2419 2602 2489 umgab. Schönherr hatte die Kraft, den Bann zu brechen, den Geschmack wieder zur tiefsten
896 2466 2596 2538 Tragödie, zu der des Mitleids, hinzuleiten. Das Geheimnis seines Erfolges lag darin, daß er
903 2536 2595 2582 nicht in den billigen Wirkungen lag, mit denen spekulative Autoren auf die Erschütterung der
902 2571 2603 2644 Gemüter, auf die Tränendrüsen der Zuhörer hinarbeiten, sondern in der elementareren Kraft
896 2628 2607 2681 des rein Dichterischen, daß seine Vorgänge von innerlicher, nicht von äußerlicher Cragik erfüllt
903 2676 2607 2734 waren. Denn das ist das wunderbar Feine an diesem Dichter, daß seine Tragik im Kern nicht
908 2724 2602 2785 die Tragik der Armut, sondern die des menschlichen Herzens ist, die freilich um so mächtiger wirkt,
900 2774 2598 2840 je mehr sie in primitivster Menschlichkeit an uns herantritt. In „Karrnerleut“ ist es für den
901 2825 2595 2879 tiefer Blickenden nicht die Not der Armen, die erschüttert, sondern das grausame Spiel mit dieser
900 2866 2609 2922 Not, die Tragik der Verkettungen, die bei den Aermsten der Landstraße aus den kleinen Ereignissen
902 2914 2596 2977 des Alltags die verhängnisvollen Schicksale emporsteigen macht. Auch hier ist es das tiefe Mit¬
907 2963 2593 3029 leid, das dem Werk seine dichterische Weihe gibt, aber nicht ein schwächliches, rührseliges Mitleid,
909 3026 2279 3082 sondern ein quälendes, bitteres, das voll herben, schmerzlichen Dorwurfes ist.
1016 3048 2595 3131 Wie weit auch das große Leben seine Kreise zieht, wie bunt und mannigfach auch die
909 3111 2595 3179 Geschicke menschlichen Erlebens sind, alles Glück und Unglück des Lebens drängt sich schließlich
912 3175 2604 3230 nur auf einen kleinen Raum der Begriffe zusammen, den ein paar einfache, primitive Gefühle
906 3232 2610 3293 und Leidenschaften umkreisen. Auch die Kunst Schönherrs bewegt sich in engem Kreise um die
903 3258 2603 3336 Tragödien der tiefen Menschlichkeiten, hält sie fest in den Schicksalen primitiver Menschen und
915 3312 2601 3380 weiß dennoch aus dieser Enge des Stofflichen einen überraschenden Reichtum des Schöpferischen
912 3372 2604 3436 zu holen. In den beiden Stücken „Die Familie“ und „Ueber die Brücke“ handelt es sich um Sonder¬
907 3406 2608 3473 schicksale, Familientragödien im eng umschriebenen Sinne, während der Dichter im „Königreich“ den
913 3475 2603 3541 Flug in allgemeine Ideenweiten nimmt, mit einem faustischen Einschlag abstrakte Gedanken¬
914 3510 2612 3580 welten in die konkreten Dorgänge zu tragen, die irdische Tragödie der Liebe und Leidenschaften in
909 3554 2612 3617 eine mpstische, phantastische Gedankenformel zu bringen versucht. In diesem Werk ringt Schön¬
908 3629 2620 3704 herr mit seiner eigenen Kraft, mit der Wurzelkraft seiner Gestaltungen. Immer wieder ver¬
