3392 4320
118 200 1350 339 2. Cuttings box 38/4
2685 724 2906 805 A
1704 767 2896 869 Ausspruche verleiten, wir sollen doch nicht alles glauben,
493 804 1719 906 PLagen niche länger dor der Muft verschneßen, die
185 825 355 913 „
1708 830 2901 912 was in den „dummen Zeitungen“ stehe, eine solche Sache
528 846 1728 943 zwischen den Errungenschaften der mobernen Wissenschaft
104 865 536 962 Und ebenso hat es
1703 883 2910 949 wie die Unfehlbarkeit — der Mann, der nachmals Abt
534 893 1724 983 und dem überlieferten Glauben entstanden ist, sie be¬
109 931 534 1007 es Religionssystems
1715 927 2819 1012 und dann Erzbischof und Kardinal geworden ist,
537 951 1722 1044 fürchten, daß es den Gläubigen ergehen werde wie ihnen,
127 981 530 1052 über Philosophie,
1719 971 2904 1057 brauchte da einen sehr drastischen Ausdruck — eine solche
530 1001 1728 1075 ja daß diese, wenn sie einmal mit dem Zweisel begonnen
125 1030 450 1096 u disputieren
1714 1023 2906 1107 Sache könne niemals vom Konzil beschlossen werden.
98 1052 1725 1136 system der Katholi= haben, rasch werden weiter gedrängt werden auf der Bahn
1722 1066 2910 1159 Und als wir dann nach den Ferien in der ersten Reli¬
520 1093 1726 1173 des — Unglaubens. Und darum suchen sie das Ganze
94 1122 363 1193 terreich lebt.
102 1120 2916 1235 bis gar nicht so sehr durch Aufgeben von Teilen zu retten, oder, anders aus= gionsstunde unseren Lehrer wieder begrüßten, da wetzten
100 1183 2921 1292 mt Stellung gegen gedrückt, sie suchen die Einheit zwischen Glaube und einige der Kühneren recht auffällig auf ihren Bänken
1332 1257 1412 1311 —.
1004 1255 1115 1316 —
1720 1257 2933 1354 Spielarten einer gewissen Art erotischen Empfindens so
607 1291 1739 1363 symbolisieren wagt. Liebe, Tod und Theater, diese
1739 1320 2928 1399 genau Bescheid weiß, daß einige seiner Bücher zur
539 1358 1741 1419 drei Grundfarben, verbunden und verschmolzen durch alle
1746 1363 2924 1440 Lieblingslektüre höchst wählerischer Lebemänner geworden
551 1390 1740 1468 möglichen Uebergänge und Mitteltöne, leuchten aus dem
1738 1411 2933 1491 sind, üben die Heimlichkeiten und Pikanterien des
546 1433 1744 1523 poctischen Spektrum Heraus, in welche Schnitzlers seines
1740 1458 2928 1536 Sterbens beinahe einen noch schärfeen Reiz aus als
563 1486 1734 1569 Talent das Phänomen des Lebens wie ein durchsichtiger,
1737 1521 2940 1586 die neuen Entdeckungen, die dem Geschlechtsleben durch
97 1504 462 1614 umer:
552 1513 1744 1619 eigenartig geschliffener Kristall zerlegt. Schnitzlers poelisches
1735 1555 2939 1638 subtile Beobachtung etwa noch abgelauscht werden können.
550 1575 1738 1661 Ersinden besteht darin, alle ersinnlichen Kombinationen
101 1589 554 1696 2 bringen wir die
1745 1602 2941 1682 Jeder Seite, die Schnitzler über Tod und Sterben ge¬
553 1623 1746 1710 dieser drei Farben abwandelnd zu erschöpjen, den Tod
1753 1655 2949 1732 schrieben hat, fühlt man's an, daß da einer redet, der
98 1669 290 1758 ihlung
553 1667 1746 1759 durch die Liebe, die Liebe durch den Tod hindurchscheinen
1752 1705 2955 1776 hierin Erfahrung hat. Ich will hiemit nicht etwa, wie
563 1722 1740 1806 und Tod und Liebe und Liebe und Tod in das trügerische
263 1721 394 1823 40.
1748 1755 2939 1820 dies manche Kritiker zu tun pflegen, nur darauf an¬
112 1743 306 1857 er
569 1770 1744 1864 Zwielicht der Illusion zu tauchen, das alle Gegenstände,
1743 1792 2946 1868 spielen, daß Schnitzler als Arzt vielfache Gelegenheit ge¬
564 1801 1746 1898 die es überhaucht, ins Traumhafte und Unwirkliche ver¬
1754 1839 2940 1921 habt hat, das Sterben zu studieren, und daß er die
571 1858 1754 1947 flüchtigt und auflöst. Gerade jene unter Schnitzlers Sachen,
1755 1914 2940 1974 Früchte seines Studiums als Poet verwertet. Nein,
567 1911 1752 1997 die sich unwillkürlich auch dem blasiertesten Gedächtnis ein¬
105 1924 323 2025 nelli.
1758 1942 2950 2017 Schnitzler kennt das Sterben wie einer, der es selbst
572 1965 1757 2046 wurzeln — nach meiner Erfahrung das verläßlichste Kenn¬
1744 1987 2943 2079 erlebt hit, er weiß es zu schildern wie einer, der schon
562 2010 1742 2096 zeichen echten und eigenartigen Wertes, wen das nur Werke
117 2015 337 2105 ummer:
1743 2034 2949 2126 einmal gestorben ist. Ich vermute, daß er zu jenen
554 2062 1750 2133 tun, in denen mindestens ein Körnchen von Urneuem
1734 2085 2951 2169 Merschen gehört, deren Gedanken, oyne daß ihre Freunde
106 2076 566 2182 le de Chateau¬
565 2110 1750 2190 steckt — gerade diese erweisen sich fast immer als Ver¬
1755 2140 2951 2208 dies zu bemerken brauchen und ohne daß ihre Stimmung
558 2153 1765 2232 flechtungen der genannten drei Themata, wobei bald der
106 2159 576 2244 keinberg (Bonn).
566 2168 2952 2280 Liebe, bald dem Tod bald dem Wahn die führende dadurch getrübt würde, unablässig mit dem unausweich¬
121 2223 582 2315 rwaltung.“ Von“
582 2236 2957 2332 Stimme zusällt. So ists in „Sterben“ in der Novelle lichen Tod beschäftigt sind, die sich die Zeit vertreiben,
1756 2272 2952 2355 indene sie sich so intensiv wie möglich in das große Er¬
572 2287 1757 2384 „Die Toten schweigen“, in „Parazelsus“, in der „Gefährtin“,
119 2287 576 2379 krische Notizen.
1752 2323 2966 2398 lebnis des Sterbens hineinzufühlen suchen, von dem
564 2321 1767 2419 im „Grünen Kakadu“, in der „Frau mit dem Dolch“,
113 2357 585 2455 ender für das
1757 2370 2960 2458 keiner, der es einmal in Wirklichkeit erfahren hat, Be¬
574 2394 1767 2482 den „letzten Masken“, im „Schleier der Beatrice", den
1765 2415 2961 2497 richt abstatten kann, die jeden Tag etlichemal in der
568 2440 1760 2524 „Dämmerseelen", im „Lieutenant Gustl“ und manchen
1768 2473 2960 2547 Phantasie sterben. „Gestorbene“ möchte ich diesen Typus
567 2495 1765 2565 anderen Geschichten und Bühnenspielen. In allen führen
1761 2522 2964 2593 taufen, der häufiger ist als mancher ahnt. Nur ein solcher
584 2531 1765 2618 Eros, Thanatos und Dionysos mannigfaltig variierte,
112 2546 588 2654 us „Die Liebe,
1756 2573 2977 2643 Mensch ist fähig, wie Schnitzler dies in „Lieutenant
577 2579 1776 2662 viel verschlungene Tänze und Spiele auf, haschen sich
1769 2625 2958 2693 Gustl“ vollbracht hat, die Gedanken und Stimmungen,
588 2620 1777 2716 und fliehen sich, suchen bald einander nachzuäffen, bald
119 2617 572 2724 urd Voß. Seite
1766 2666 2968 2739 die einem jungen, mit heißem Lehen überfüllten Menschen
583 2679 1764 2758 voneinander grell abzustechen, stehlen eines des andern
1766 2713 2968 2787 in den wenigen Stunden, die ihn vom unvermeidlichen
588 2722 1773 2804 Wasse oder Symbol, so daß einmal Eros oder Thanalos
1762 2767 2965 2837 Ende trennen, durch Kopf und Nerven gehen,“ so zu
586 2776 1771 2854 die Maske des mimischen Gottes trägt, dann wieder
1763 2796 2977 2884 schildern wie Schnitzler, mit brutaler Unmittelbarkeit und
114 2800 381 2892 ton.
586 2816 1778 2902 Thanatos sich statt seiner Sense des Erospfeiles bedient,
1774 2841 2986 2933 Selbstverständlichkeit, sekundenweise, wie etwas persönlich
589 2871 1778 2947 um ein Leben zu vernichten. Niemals aber zerreißt der
1775 2909 2971 2984 Empfundenes, so daß er unwillkürlich die erzählende
583 2930 1774 2992 darüber gebreitele feine Traumschleier, niemals, trotz aller
111 2920 267 3001 er.
1775 2960 2977 3020 Form mit dem Monolog vertauschen muß. Nur ein
581 2957 1784 3042 Wahrheit und Lebendigkeit der Darstellung, wirft uns
127 2979 303 3063 Herger.
1780 3004 2980 3072 solcher Mensch kann auch so vertraut sein, mit den
580 3012 1773 3107 die Empfindung, einen Naturabklaisch vor uns zu haben,
1763 3039 2987 3118 Wirkungen, die, oft, ohne daß wir's selber wissen, die Gewiß¬
109 3033 591 3131 In Arthur Schnitzlerg
588 3075 1779 3159 aus der Welt der Poesie in die nüchterne Wirklichkeit ...
123 3107 604 3176 und sonders nur von
1771 3099 2974 3191 heit, daß wir über kurz oder lang sterben müssen, auf
662 3118 1782 3208 [drei Gebiete des Seelenlebens beherrscht Schnitzler,
129 3150 608 3229 Sterben und vom
1773 3149 2986 3222 unser ganzes Seelenleben übt, nur er durchschaut, duß
589 3177 1784 3264 um einen seinem bürgerlichen Beruf, dem ärztlichen, ent¬
1784 3200 2979 3276 der Gedanke an die nahe unausweichliche Vernichtung
120 3212 609 3279 pielen“ im denkbar
590 3222 1797 3300 lehnten Ausdruck zu gebrauchen, als Spezialist: das
125 3239 603 3325 id Traum in sich be¬
1780 3241 2976 3315 unseren Lebensdrang zum höchsten Grade steigert, daß
598 3267 1790 3349 crotische Gebiet, das innere Verhältnis des Menschen zum
124 3295 609 3379 an Stelle von „Lieben“
593 3290 2980 3399 Tod und endlich das in uns allen spukende schau= der Tod die geheime Quelle der Genußsucht ist, wie schon
129 3348 607 3418 enken ist, dessen Be¬
118 3339 2982 3473 iner charakteristischesten spielerische, genauer komödlantische Etwas. Es ist selt= in der Bibel zu lesen: „Lasset uns essen und trinken
133 3382 2989 3522 stumme Gedankenstriche sam, auf diesen Dichter, der in allen Nuancen und und fröhlich sein, denn morgen sind wir tot.“ Es i#
