3344 4384
903 277 1387 382 box 38/4
167 297 781 406 2. Cuttings
2825 460 2980 554 619
1505 474 1929 564 Die Brtion.
463 604 3003 678 machen mußten: Die Leute sind weiß; ihre Haut ist lose und] Es erhob sich ein wisthender Sturm, so daß der britische
461 653 3011 741 faltenreich; ihre Köpfe sind eckig; Feuer und Rauch kommt; Entdecker gezwungen am 11. Februar zur Kealakekna¬
1731 700 3005 767 bai zurückzukehren.. and kam ihnen entgegen, kein
456 718 1739 778 aus ihrem Munde; an den Seiten ihres Körpers haben!
1731 749 3002 815 einziges Canoe war auf der Bucht zu sehen, denn die Priester
464 760 1731 826 sie Oeffnungen, in welche sie ihre Hände stecken, um Eisen,
1728 789 3008 885 hatten dieselbe mit dem Tabn belegt. Als endlich während
456 809 1733 870 Knöpfe, Nägel und andere Schätze herauszuziehen. Ihre
1735 846 3012 906 der Nacht sich einige Boote herbeiwagten, zeigte sich in dem
455 854 1736 915 Sprache ist unverständlich. Sie sagen: a hikapalale, hikz-
1740 887 3017 945 Benehmen der Insassen eine große Veränderung. Der vor
456 903 1484 968 palale, hioluai, oalaki, walawalaki, poha' 2c.“
1742 933 3010 1001 sich gegangene Wandel wurde jedoch nur allzu klar, als am
585 926 1722 1008 Nachdem die britischen Entdecker das nördliche Eis¬
1741 976 3006 1052 nächsten Tage einige Eingeborene an Bord kamen und dort
460 994 1731 1040 meer besucht, kehrten sie im November desselben Jahres zur
1734 1029 3017 1090 eine Zange nebst einem Meißel stahlen. Sobald sie sich
462 1040 1729 1101 Insel Maui zurück, wo sie am 26. landeten. Sie wurden
1740 1067 3010 1135 beobachtet sahen, sprangen sie schnell in ihr Boot und er¬
457 1080 1746 1143 abermals mit göttlichen Ehren empfangen, denn es war
1734 1108 3023 1181 reichten, trotz der nachgefeuerten Schüsse, das Ufer. Hier
467 1131 1731 1187 mittlerweile den Priestern offenbart worden, daß Kapitän
1738 1159 3015 1233 sammelte sich sogleich eine zahlreiche Schaar von Einge¬
467 1176 1731 1236 Cook niemand anders sei, als der so lange herbeigesehnte,
1742 1203 3019 1270 borenen, welche die Fliehenden vor Verfolgung schützten.
467 1219 1744 1288 wieder Fleisch gewordene Gott Lono, der vor langen Jahren
1736 1255 3013 1310 Als in der nächsten Nacht ein zu der „Discovery“ gehöriges
462 1267 1739 1327 seine zweite Wiederkehr zur Erde vorausgesagt und ver¬
1741 1297 3012 1371 Boot gestohlen wurde, beschloß Kapitän Cook, der längst
462 1312 1733 1363 sprochen hatte. Lono=Cook war mit der den Priestern zu
1735 1353 2993 1417 aufgehört hatte, Lono=Cook zu sein, den greifen König ge¬
466 1362 1746 1416 Theil gewordenen Inspiration durchaus zufrieden. Er er¬
469 1383 3026 1465 schien in den Tempeln, um sich anräuchern und Schweine“ fangen zu nehmen, um ihn als Geisel zu behalten Die
467 1438 3008 1509 opfern zu lassen, während die Schaaren der Insulaner vor##cht wurde blockirt und der britische Kapitän ging an das
460 1498 3008 1546 ihm auf dem Boden lagen vad Gebete stammelten. Die Land. Unglücklicherweise beabsichtigte Kalimo, der Bruder
1734 1529 3018 1588 eines Häuptlings, ohne von der Blockade zu wissen, mit
466 1537 1752 1610 Hütte, in welcher Lono=Cook wohnte, wurde natürlich mit
1743 1578 3017 1646 seinem Canoe die Bucht zu durchfahren. Sobald er in die
460 1587 1747 1657 dem Tabu belegt und niemand durfte bei Todesstrafe auch
1745 1618 3016 1687 Nähe der Engländer kam, wurde er ohne weiteres erschossen.
459 1633 1742 1699 nur den Schatten derselben durchkreuzen. Wollte Lono¬
1732 1671 3019 1747 Durch diesen Vorfall erbittert, griffen die Insulaner, die an
463 1679 1752 1752 Cook unter den Palmenbäumen spazieren gehen, so schritten
1740 1716 3017 1787 der Küste befindliche Mannschaft an und in dem entstande¬
460 1730 1743 1794 einige würdige Mitglieder der inspirirten Priesterschaft vor¬
1735 1767 3015 1828 nen Handgemenge wurde Kapitän Cook erstochen. Die
463 1769 1752 1838 aus, um das Volk zu warnen und aufzufordern, sich vor
1738 1806 3018 1881 Briten rächten den Tod ihres Führers in blutiger Weise.
474 1819 1738 1876 dem nahenden Gotte demüthig auf den Bauch zu werfen.
1749 1855 3029 1922 Sie bombardirten die Bai, legten das Dorf Napoopoo und
470 1872 1753 1927 Kurze Zeit darauf eilte auch Kalaniopun, der greise König
1741 1896 3025 1980 #e umstehenden Häuser und Tempel in Asche, plünderten,
477 1915 1744 1981 von Hawaii herbei, um dem Gotte dafür zu danken, daß
1747 1950 3024 2021 mordeten, raubten, schändeten und begingen Akte der
458 1948 1751 2015 er sein Versprechen gnädigst erfüllt und zum zweiten Male
1732 1990 3028 2063 wildesten Grausamkeit. Nachdem sie sich endlich ausgetobt
472 2005 1746 2058 zur bedrängten Menschheit zurückgekehrt sei. Lono=Cook
1735 2044 3031 2115 und einen Theil der Gebeine ihrers Führers zurückerhalten,
464 2047 1751 2107 war jedoch von praktischer Gesinnungsart. Zwar hatte er
1754 2087 2724 2159 verließen sie am 23. Februar 1779 die Bucht.
472 2095 1740 2153 nichts gegen geopferte Schweine, jedoch konnte er selber da¬
1847 2126 3017 2193 Der erste Akt der Tragödie war vorüber. Die euro¬
461 2135 1753 2202 bei nicht satt werden. Ein paar Winke, daß er auch andere
475 2184 1746 2248 Gaben gnädigst annehmen würde, genügten, um ihm ein
1748 2175 3029 2252 päische Civilisation hatte ihren Einzug gehalten. Die Apostel
470 2229 1750 2298 Paar kostbare mühenoll aus seltenen Federn gefertigte
1747 2237 3021 2302 chriftlicher Liebe waren als Götter ausgenommen und ver¬
477 2275 1745 2336 Mäntel, wie sie in den Häpstlingsfamilien von Generation
1738 2279 3024 2339 chrt worden, bis sie durch Thaten viehischer Zügellosigkeit
463 2327 1749 2384 auf Generation vererbt wurden, einzubringen. Lono=Cook
1748 2318 3032 2395 ihre irdische Abstammung verriethen. Und als dann Ent¬
1743 2357 3030 2435 rüstung und Widerstand der Eingelorenen erwachte, ver¬
461 2376 1738 2438 mußte sich revanchiren. Er gab dem greisen König ein
470 2421 1740 2479 frisch gewaschenes, nicht allzu abgetragenes Hemd und
1742 2422 3028 2489 kündeten die Vertreter der Civilisation mit Bomben und
470 2458 1753 2533 einen blitzblanken Säbel. Da jedoch weder Hemd noch
1759 2470 2878 2535 Granaten das Gesetz von dem Rechte des Stärkeren.
471 2508 1751 2568 Säbel so ohne Weiteres das Ansehen haben, als seien sie
2033 2494 3023 2577 Sie hatten in der kurzen Zeit viel gelernt,
469 2551 1755 2609 in überirdischen Werkstätten gefertigt worden, ließ Lono¬
1739 2558 3023 2625 die armen Insulaner!.. Aber dafür hatten sie ja Ziegen¬
468 2603 1741 2673 Cook ein großartiges Feuerwerk abbrennen, dessen einzelne
2024 2606 3027 2691 und Ziegenmilch ist ein äußerst nahrhaftes,
1745 2622 1906 2687 milch
461 2652 1748 2713 Körper für feurige, fliegende Geister ausgegeben und auch
1743 2659 2730 2726 allerdings etwas streng schmeckendes Getränk!
481 2702 1752 2755 als solche von den staunenden Eingeborenen betrachtet wurden.
2198 2715 2590 2817 (Weitere Artikel folgen.)
597 2743 1748 2801 Jedoch der erste Rausch des kindlichen Staunens ver¬
468 2784 1745 2854 flog weit schneller, als die Pfeudogötter erwartet hatten.
2346 2807 2902 2911 Curt Abel=Musgrave.
478 2839 1759 2895 Die wüsten, viehischen Ausschweifungen der Seeleute und
481 2881 1761 2937 die quälenden Krankheiten, mit denen man die harmlosen,
474 2927 1757 2983 bisher von Gesundheit strotzenden Insulaner inficirte, er¬
477 2971 1763 3037 regten gar bald Bedenken und veranlaßten den gesunden
476 3001 1763 3087 Menschenverstand der Insulaner zu allerlei Erwägungen.
489 3068 1750 3122 Das entscheidende Ereigniß trat jedoch am 28. Januar 1779 ein.
476 3100 1762 3173 An diesem Tage starb ein Matrose, und als man denselben
1781 3121 2997 3228 Das dramatische Schaffen in Oesterreich.
487 3147 1767 3223 mit gemischten christlichen und heidnischen Ceremonien in
475 3198 1755 3266 die Grube senkte, schien es sich plötzlich wie eine Offen¬
1844 3223 3026 3302 Die Wiener germanistische Schule stand immer in
484 3242 1764 3309 barung auf die nach Tausenden zählenden Anwesenden zu
1762 3282 3043 3351 Ansehen und Geltung. Auf Pfeiffer folgte Scherer; hinter
473 3304 1766 3347 legen daß die fremden Eindringliche Menschen seien, wie
1759 3331 3033 3402 diesem kam Richard Heinzel, ein Lehrer und Aureger der
484 3346 1758 3410 sie selber. Wenige Tage darauf, am 2. Februar, machte sich
1756 3379 3030 3454 seltenen Eigenschaften. Erich Schmiot wirkte hier und nun
486 3392 1760 3446 die Mannschaft der englischen Kriegsschiffe einer überaus
1758 3421 3032 3496 verwaltet Jakob Minor mit aller Tüchtigkeit und mit dem
485 3429 1756 3494 frivolen und unklugen Handlung schuldig, indem sie den
1757 3484 3034 3539 vollen Ernste seiner schweren und gründlichen Natur diesen
476 3494 1756 3545 Zaun eines Tempels, ja sogar die Götzenbilder desselben zu
1757 3518 3041 3576 Lehrstuhl. Sie Alle haben gewirkt mit ihren Gaben und
478 3536 1764 3601 einem Feuer für ihre Mahlzeiten benutzte. Vergebens er¬
1770 3564 3031 3629 haben sich Schüler herangezogen, die nun, in dieser oder
482 3560 1765 3631 hoben die entsetzten Priester Einspruch. Ohne Frage gibt
1768 3595 3044 3680 jener Stellung, mit der überkommenen Methode nach besten
483 3630 1757 3681 es Leute, die den christlichen Eifer der Matrosen, ihren
1764 3658 3032 3727 Kräften arbeiten. Allenthalben begegnet man ihren Jüngern;
491 3669 1758 3727 berechtigten Abscheu vor den Götzenbildern als Entschuldi¬
1763 3704 3040 3755 nicht nur an unseren Mittelschulen, an denen heute fast
1104 3714 1768 3776 aber die dummen heidnischen
483 3711 1030 3780 gung anführen werden
1774 3755 3035 3811 durchwegs die deutsche Philologie im modernsten Geiste ge¬
485 3756 1759 3827 Insulaner betrachteten den Vorfall als Schändung des
1767 3793 3035 3880 trieben wird, wie an den Lehrkanzeln heimischer und deutscher
488 3805 1762 3876 Heiligthums ihrer Väter. Ganz anders, wie beim ersten
1774 3836 3038 3898 Universitäten. Auch in die schöne Litteratur sind sie vorge¬
493 3850 1763 3909 Male, war deshalb die Stimmung des Volkes, als die
1766 3890 3034 3953 drungen; und Einer daraus, Hans Sittenberger tritt
493 3897 1761 3975 fremden Tempelschänder endlich am 4. Februar absegelten.
1758 3942 3035 4007 eben im Verlage von E. H. Beck in München mit einem
606 3953 1766 4002 Die Elemente schienen jedoch mit dem schnellen Fort¬
496 3978 3046 4063 schreiten der Civilisation ein Bündniß geschlossen zu haben. ansehnlichen Bande von über 400 Seiten: „Studien zur
2747 4168 3073 4238 —
