3296 4352
915 244 1382 329 box 38/4
179 244 776 347 2. Cuttings
158 983 1126 1052 empfundene Rhythmus eines starken Dichters
150 1042 1139 1109 im Schüler nach seinem unentrinnbaren Gesetz
148 1092 1129 1140 Der Adept Schopenhauers, der in einem Jäh¬
147 1138 1121 1196 örenden Papagei' erwürgt, weil er ihn bei Ab¬
147 1186 1128 1258 handlung über die Heilsordnung im Allgemeinen
150 1253 1133 1300 ose Mitleid mit den Tieren im Besondern stört,
151 1282 1133 1349 nig, der so unsanft in den bürgerlichen Alltag hin¬
144 1319 1125 1393 ler, der immer verliert, weil er mit „Leidenschaft
154 1384 1123 1438 Bibliotheksbeamte, der seine Seele an den flim¬
175 1430 1131 1502 einer Filmdiva verausgabt: all das sind Ver¬
159 1494 1136 1542 Kröger, sind verirrte Bürger, ebenso wie die
143 1530 1133 1597 hantastischen Instituts für Lebenslüge, das sich
166 1577 1135 1629 Enttäuschten nennt, oder wie selbst jener un¬
160 1637 1134 1688 r, den der banale Schicksalsschlag eines großen
174 1676 1133 1743 Ein Verwandter jener Halbkünstler ist schließ¬
164 1736 1136 1783 der Skizze La Buena Sombra“. Hier meldet
171 1769 1135 1839 in der ich Bruno Franks Eigenstes und Bestes
157 1833 1133 1890 her Positivismus, ein Bekenntnis zur einfachen
160 1885 1136 1933 Menschen geistiger Kultur heute selten so rein
172 1921 1146 1984 ist. In der außerordentlichen kleinen Dichtung
166 1970 1137 2032 das Negativ dieses Gefühls als eine großartige
166 2024 1130 2078 der schönen Skizze Die Mutter einer ganzen
177 2069 1138 2144 gleiche Leidenschaft positiv zum Ausdruck als
184 2117 1138 2171 alles befruchtenden Kraft einer großen Seele.
165 2167 1139 2226 eGrundzug gibt auch dem Roman Bruno Franks
156 2224 1125 2280 tung und Rang. Die Geschichte ist glatizvoll ge¬
149 2266 1137 2333 manchen Nebenfiguren (besonders in dem leicht
149 2325 1136 2378 ortrait einer bekannten seelenlos gescheiten ber¬
151 2363 1143 2426 in) höchst amüsant. Aber sie handeli von einem
190 2410 1132 2480 dessen grundschwache, zur Hörigkeit geborene
149 2471 1133 2527 die Herrin, die „Fürstin“ sucht, bis er aus einer
149 2517 1145 2572 ung schließlich in den lautern Dienst der Natur
143 2558 1128 2623 kter der Seetiere in einer Station für Meeresfor¬
160 2606 1137 2670 diese Geschichte könnte in ihrem ganzen Weg,
149 2661 1139 2718 im Abschluß, so leicht ins peinlich Sexuelle ab¬
158 2703 1144 2763 nicht ein unbeirrbarer Sinn für das sittliche
151 2754 1146 2817 dürfnis, den grundreligiösen Vollkommenheits¬
142 2808 730 2866 ern Seele aufrecht erhielte.
159 2840 1140 2915 ngt es mit diesem bekennerhaften Zug seiner
183 2889 1142 2958 daß Bruno Frank im Gegensatz zu Thomas
152 2948 1140 3014 yriker ist. Freilich ringt sich die eigentliche Melo¬
147 2999 1142 3061 nur schwer aus einer gewissen epigrammatischen
161 3054 1144 3109 Auch Thomas Mann würde, wenn er Lyrik
145 3088 1147 3173 frlich am meisten an Conrad Ferdinand Meyers
142 3146 1148 3202 kener Form schulen. Die Gedichte, in denen
153 3187 1148 3266 ten der Dinge' nachzeichnet, haben, an der großen
142 3246 1141 3304 lle einen Gran des Bewußten zu viel, sind mehr
164 3294 1157 3374 als lebendige Tropfen des heiligen Geistes. Aber
1495 977 2823 1066 dies macht vielleicht grade ihren „schattenhaften“ Charakter aus.
1505 1056 2826 1115 Bis in das Wesen der Dinge aber führt statt eines gläubigen Welt¬
1495 1103 2837 1183 gefühls auch hier wieder schließlich ein sittliches Menschengefühl:
1640 1159 2721 1227 Verlanget, Freunde, nicht, im Schicksalsbuch zu lesen,
1640 1202 2832 1289 Denkt nicht, das Jetzt sei Sein, die Zukunft sei das Wesen.
1644 1267 2620 1323 So hart die Rätselnuß auch euern Zähnen war,
1640 1341 2686 1391 Sie ist gewiß zuletzt trotz allem taub gewesen ...
1641 1377 2722 1435 Das ist gemeines Los und nimmer Grund zur Reue.
1644 1432 2742 1513 Schaut froh den Weg zurück, gesteht es ohne Scheue:
1642 1503 2511 1556 Das einzig Seiende in allem Wähnen war
1648 1534 2636 1625 Ein bißchen Güte und ein bißchen Herzenstreue.
1597 1605 2837 1670 Dies hier nur formulierte =Ergebnis schmilzt anderswo als
1493 1663 2843 1723 lebendige Kraft Franks halb lyrische Kristalle zuweilen zu freiem
1494 1722 2840 1780 Fluß. Bruno Frank hat aus einer phrasenlosen Erschütterung her¬
1501 1773 2844 1815 aus im Kriegsbeginn die schönsten Worte für den grauen „neuen
1491 1813 2842 1861 Ruhm“ gefunden, der das alte, bunte Heldentum abgelöst hat; aber
1494 1860 2837 1923 er hat im Verlauf einen noch eigenern und stärkern Ton gefunden:
1737 1921 2301 1983 Ach, unser Leiden flammt!
1742 1955 2696 2020 Den Bruder töten müssen, lähmen, blenden,
1736 2014 2301 2071 Es ist nicht Menschenamt!
1590 2054 2831 2124 Er hat das schöne Wort gefunden von dem „Enkel der Erde'
1493 2090 2841 2170 der sich aus dem allzuharten Dienst des Vaterlandes sehnt. Und
1496 2167 2847 2218 Frank hat (schon einige Zeit vor dem Kriege) als sein künstlerisch
1501 2203 2849 2256 reifstes und schönstes Gedicht ein Requiem geschaffen. Die Klage
1505 2255 2846 2316 um eine verlorene Freundin gewinnt hier durch einen Wahrheits¬
1495 2302 2843 2366 willen, der mit der verhüllenden und schwächenden Macht der
1505 2347 2840 2415 Worte selbst immer wieder ringt, eine Wortkraft von größter sitt¬
1509 2400 2850 2458 lich=künstlerischer Tiefe. Die edle Sprache dieser Klage ist aus der
1498 2461 2854 2517 Kultur des alten Goethe, aus den fehllos klaren Schmerzenslauten
1506 2497 2849 2555 der Marienbader Elegie etwa, entwachsen; Franks auch in letzter
1512 2545 2848 2605 Erschütterung leidvoll gehaltenes, nie titanisch aufbegehrendes Ge¬
1514 2597 2840 2657 müt hat auch hier keine durchaus neuen Waffen geschmiedet: aber
1499 2654 2847 2705 es heißt schon etwas, die Rüstung des Riesen mit so hohem An¬
1511 2698 2851 2768 stand tragen können. Dies Requiem hat Verse von schlechthin un¬
1496 2753 1943 2826 vergeßlichem Klang:
1660 2791 2631 2857 Kein Ding, das ohne Wirkung steig' und falle;
1650 2853 2410 2915 Aber Ein Herz ist weniger als alle.
1501 2894 1921 2961 Und als äußerstes:
1649 2932 2573 2996 Kann ich dir nichts als feile Trauer geben!
1662 2998 2607 3064 Es ist nicht recht! Ich sollte nicht mehr leben!
2151 3039 2213 3091 *
1595 3082 2849 3144 Ein Dichter, dem seelische Wahrhaftigkeit Worte von so er¬
1506 3137 2857 3198 schütternd zwingender Einfachheit gibt, hat sich nun also auch dem
1509 3190 2855 3244 Theater zugewendet. In dieser Woche kommt er zum ersten Mal
1515 3244 2851 3294 auf eine berliner Bühne; da will ich dem Herausgeber nicht ins
1507 3295 2850 3360 Wort fallen. Wenn Bruno Frank — nur soviel will ich sagen
2740 3329 2851 3394 415
