3344 4320
81 248 672 340 2. Cuttings
834 227 1278 315 box 38/4
1567 1235 2206 1291 Neuerdings tuts auch Herr Harden ..
878 1237 1536 1308 Reinhardts noch immer, die läng¬
1557 1273 2034 1313 Welchem vieles daran liegt,
868 1296 1539 1341 sten, in denen aus Wut gegen den
1556 1297 2157 1359 Daß der Brahm die Kränke kriegt.
877 1335 1543 1383 wahrhaft bedeutenden Mann der
879 1362 1534 1422 Ibsen= und Hauptmann=Periode Un¬
866 1409 1536 1466 glaubliches svon Harden zusammen¬
878 1450 1207 1518 geschrieben wird.
1179 1499 1218 1544 *
1599 1504 2220 1581 23. II. 1906. Darin erscheint
911 1510 1536 1579 18. III. 1906. Mit Brahms Zu¬
1562 1558 2237 1625 Nemirowitsch=Dantschenko fast wie
880 1569 1541 1618 sammenspiel kann man die Truppe
1565 1603 2138 1657 ein Reinhardt von Moskau
875 1604 1530 1658 nicht gut vergleichen... Ich sehe,
1567 1637 2223 1699 doch auf eine Art, daß Reinhardt
872 1648 1527 1704 daß Brahms große Leistungen durch
1563 1684 2233 1743 in manchem Punkt von ihm lernen
869 1692 1530 1738 die Russen nicht nur nicht erschüttert
1566 1720 1720 1771 könnte.
871 1724 1544 1793 werden, sondern rein unberührt
1603 1756 2227 1814 1906. Die Schlichtheit des Mär¬
883 1770 1047 1825 bleiben.
1561 1797 2232 1857 chens, das winterlich hinzieht .. diese
915 1792 1543 1857 1906. Die Luft macht es, die hier
1556 1841 2234 1894 Schlichtheit war durch Lackierungen,
874 1852 1534 1903 weht.. Alter und neuer Bewunderung
1558 1883 2238 1934 Drückerchen, Grellheiten, Indiskre¬
876 1886 1535 1937 wert ist, wie das Seelische so eines
1568 1917 2228 1985 tionen verjagt .. . Oberammergan;
870 1922 1535 1976 Werkes [Hedda Gabier), bei halb an¬
1556 1958 1849 2010 Meyerbeer
875 1965 1543 2017 sechtbarer Besetzung, in vielen her¬
1602 1998 2223 2049 Der Leser denke für sich an Sha¬
882 2005 1537 2064 ausgehobenen Linien, Fäden, Strän¬
1566 2041 2227 2091 kespeares (gedruckten) „Kaufmann
876 2043 1536 2103 gen rönigenmäßig als ein feltenes
1558 2079 2221 2137 von Venedig;; er denke hiernach an
884 2081 1536 2136 psychisches Netz ins Licht gebracht
1569 2123 2233 2171 jenes gewisse Maß der Verslitterung
884 2128 1536 2185 wird. Wie das Innere, sich verzwei¬
1563 2163 2224 2217 bei Reinhardt: und stelle nun fest,
877 2167 1547 2211 gend, vor den Augen wächst. Man
1635 2195 2227 2247 in der Erinnerung das Werk
884 2208 1535 2270 fühlt: hier werden die Dinge bloß¬
1570 2238 2233 2285 nicht ähnlich verleidet zu werden
874 2244 1539 2293 gelegt, die uns angehen..... Man
1555 2277 2228 2338 droht wie . .. sagen wir: in pracht¬
888 2288 1542 2335 fühlt: hier trägt sich die Kunst vom
1557 2321 2228 2375 vollen Geschäftshäusern Boecklin¬
881 2334 1548 2379 Menschen zu. Und der Mann, der
1568 2351 2231 2418 reproduktionen durch allzu schöne
877 2364 1545 2420 ihre Darstellung so durchgesetzt hat,
1556 2400 1919 2454 Bijonterierahmen.
889 2403 1539 2465 O. Brahm aus Hamburg; der diese
1610 2439 2231 2488 Der Stil dieses Hauses besteht
874 2445 1538 2490 innerlichste Kunst unter allerhand
1564 2475 2223 2532 noch immer darin, aus einem Neben¬
885 2483 1543 2538 Schwankungen, einsam arbeitend,
1569 2516 2143 2572 satz einen Hauptsatz zu machen.
886 2523 1537 2569 emporbrachte, der hat den größten
1609 2546 2232 2605 1907. Ich kann von solcher
877 2561 1547 2620 und entscheidenden Schritt getan seit
1562 2588 2231 2642 Schmierendarstellung sder „Hedda
881 2602 1552 2661 Menschenaltern: er hat die deutsche
1568 2638 2079 2691 Gabler“] nicht ernst reden.
885 2638 1382 2699 Bühne europäisch gemacht.
1614 2668 2235 2725 Im übrigen scheint mir, daß Trees
926 2668 1545 2730 1907. Was ich im Lessingtheater
1560 2715 2226 2774 berliner Gastspiel der Kunst nicht
882 2717 1547 2782 sah [Florian Geyer] .. was ich er¬
1565 2756 2223 2816 schädlich ist. Denn auf seine Mätz¬
886 2762 1547 2819 lebte, war kein Theater mehr. Es
1569 2787 2234 2850 chen fällt niemand bei uns hinein
883 2798 1539 2857 war etwas Sellenes. Etwas an in¬
1720 2840 2229 2889 Gefahrvoller sind, ich glaube
1679 2847 1725 2881 **
1576 2851 1624 2886 *
884 2843 1547 2897 nerlicher Darstellungskraft ganz
1568 2874 2246 2921 das fest, geistig höherstehende Lei¬
890 2880 1548 2935 Seltenes. Größte Schauspielkunst.
1563 2912 2236 2968 stungen in Berlin, die auf halb so
885 2912 1548 2977 Hier liegt es, was uns bewegt; was
1569 2964 2247 3007 deutlichem Wege statt zur Shale¬
881 2948 1537 3015 uns angeht. Diese kaum beschreib¬
1566 2993 2249 3059 speare=Erschließung zur Shakespeare¬
890 3000 1550 3051 lichen Wirkungen kommen nicht wie¬
1574 3041 1961 3096 Vermießung steuern.
889 3048 1547 3094 der. So bald nicht.... Es wäre
1613 3071 2247 3127 1908. Daß man von so einer
886 3086 1553 3135 recht einfach, von dem Namhaften,
1563 3113 2238 3170 Aufführung [der „Räuber“] Wesens
876 3114 1550 3170 von Nummern zu sprechen... Nein,
1566 3148 2247 3205 macht, ist ein Mißstand. Zwar hat
888 3160 1551 3214 das Erstannliche lag darin: wie
1575 3191 2245 3246 dieser Winter — dessen vergleichslose
883 3197 1551 3251 namenlose Leute, mittlere Leute,
1574 3242 2247 3289 Höhe Brahms Darstellung von
887 3238 1541 3299 schlechte Leute gebändigt wurden,
1566 3269 2201 3331 „John Gabriel Borkman“ bildet —
883 3279 1543 3336 eingeordnet wurden . . . und hoch¬
1565 3307 2235 3370 wenig gebracht, das die Entwicklung
889 3308 1555 3374 gebracht wurden. Es ist die Luft
1572 3364 2242 3407 fördert. Trotzdem ist diese An¬
891 3358 1552 3411 [Emil Lessings], an der sie genesen.
881 3406 2235 3462 Das kommt nicht wieder..... Es, spruchslosigkeit des Urteils über¬
883 3493 1029 3573 386
