3296 4384
146 248 747 355 2. Cuttings
895 248 1347 334 box 38/4
860 1204 2218 1268 mit einem ............ zusammen Mitglied eines Verbandes
865 1272 2216 1326 zu sein, der überwachend und führend für die Würde der deutschen
863 1321 2221 1365 Presse und für die Redlichkeit ihrer Mitglieder einzustehen hat.
865 1369 2208 1428 Ich bin durchaus überzeugt davon, daß die Leitung des Reichs¬
868 1418 2209 1482 verbandes auch ohne irgendwelche Aufforderung in dieser Sache
865 1465 2207 1509 veranlaßt hätte, was notwendig erscheint. Wenn ich dennoch vor
858 1519 2210 1575 breiter Oeffentlichkeit ausspreche, was eigentlich nur selbstverständ¬
875 1565 2213 1619 lich ist, so geschieht das, weil trotz allen Leistungen der Presse
878 1616 2209 1670 wahrend des Krieges noch heute beachtenswerte Volksteile dem
867 1667 2219 1722 Jouknalisten ein weniger empfindliches Ehrgefühl zutrauen als den
868 1717 1422 1772 Vertretern handrer Berufe.
855 1809 1787 1916 Bruno Frank von Julius Bab
902 1898 2205 1969 (Das Bild Bruno Franks mit einiger Betonung den Zeitge¬
974 1964 2204 2020 nossen vor Augen zucstellen, gebietet mir nicht nur dank¬
884 1998 2217 2057 bare Erinnerung an schöne Augenblicke, die ich der Gesellschaft
884 2057 2212 2119 seiner Dichtkunst verdanke, sondern fast noch mehr die Ueberzeu¬
870 2119 2212 2164 gung, daß er einen Thpus darstellt, dessen Kenntnis und Aner¬
878 2164 2223 2215 kennung unsrer gegenwärtigen literarischen Situation nur gut sein
877 2201 2215 2257 kann. Oder wäre es nicht gut, inmitten dieser unendlich viel ver¬
877 2252 2208 2308 sprechenden, höchst himmelstürmenden Genies von überaus frag¬
878 2304 2204 2364 würdigem Talent einmal den Blick auf eine Begabung von deut¬
879 2348 2222 2399 lich begrenzten, aber zweifellos sicherm und reinem Können zu
867 2394 2223 2458 richten? Bruno Frank hat allerdings nichts von den ungeheuern
872 2445 2220 2497 Möglichkeiten, die der eine Auserwählte von fünfhundert chaotisch
879 2503 2224 2556 kreißenden Genies vielleicht zur Welt bringen wird. Aber er hat
884 2548 2224 2600 auch nichts von den lärmenden und verlogenen Unarten, mit denen
881 2605 2213 2660 uns vierhundertnennundneunzig von diesen Chaotikern ganz be¬
880 2654 2225 2709 stimmt völlig zwecklos zur Last fallen. Bruno Frank kommt aus
881 2693 2221 2752 einem fest umfriedeten Kulturkreis; er stürzt sich nicht ins Boden¬
883 2738 2218 2801 lose, um unerhörte, völlig neue Formen zu finden. Ihm genügt
885 2797 2228 2856 es, auf dem Instrument, das die großen Urheber künstlerischer
886 2842 2219 2904 Kultur geschaffen haben, eine immerhin eigene Melodie zu spielen.
885 2889 2223 2938 Daß er dabei Vorbild und Führer nicht unter den großen Toten,
883 2951 2231 3000 daß er ihn besonders ausgesprochen in einem etwas ältern Autor der
874 2986 2217 3041 deutschen Gegenwart findet, dem er sich enthusiastisch anschließt,
886 3048 2226 3096 auch das ist an sich gar kein Einwand. „Ein Prophet tauft den
880 3086 2225 3135 andern“ sagt Hebbel. „Wem die Feuertaufe das Haar versengt,
883 3134 2229 3176 der war keiner. Dagegen ist es wohl in einem begrenzenden
883 3199 2227 3240 Sinne charakteristisch, daß Bruno Frank seinen Meister — ich
890 3239 2216 3300 will nicht sagen „überschätzt“ denn künstlerische Rangfragen wer¬
890 3279 2231 3338 den stets nur vom persönlichsten Gefühl entschieden — aber doch
878 3329 2231 3393 generell verkennt. Bruno Frank hat die einzige größere kritische
878 3380 2228 3433 Arbeit, die von ihm bekannt geworden ist (und die übrigens sehr
885 3433 2231 3488 gut und sehr klug geschrieben ist), seinem Meister Thomas Mann
887 3474 2227 3532 gewidmet. Und er bringt ihn da in eine Sphäre des elementaren
888 3530 2234 3605 Genies, in die dieser ausgezeichnete Autor nicht gehört. Man
883 3580 1005 3651 412
