3344 4352
909 214 1384 302 box 38/4
173 196 776 326 2. Cuttings
660 1564 3095 1639 Wilhelm Fischer, der der Altmeister der österreichischen Bergroman=g bis in die letzte Fiber — „Das Glückskind“, „Leben und Sterben“,
1893 1562 3099 1642 diese aus der Wiener Stadt; das sind vier Erzählungen
147 1589 667 1656 beide in Graz, noch Schön=
662 1604 1881 1666 tiker ist. Er war es, der schon vor zwanzig Jahren das Leben
1893 1612 3113 1676 von einer Schärfe des Gesichtes, Umfassung ethischen In¬
140 1634 667 1695 en dieses ihnen gemeinsame,
667 1652 1883 1716 als Fest der Kraft, Tat und des Schaffens besang; er war
1896 1641 3102 1722 haltes, Treffsicherheit der sozialen Satire, einem Griff der
166 1657 663 1736 ihres Schaffens so nach¬
669 1669 1889 1758 es, der an die Schweizer Meister der gehämmerten, geschmiedeten ge¬
1888 1670 3115 1752 Gestaltung, die bewundernswürdig sind. Das blaue Licht
146 1708 664 1765 wie Bartsch. Noch stecken
677 1701 1880 1794 härteten, getriebenen Wortkunst anknupfte. Keller und K. F. Meyer
1898 1723 3107 1798 der Romantik leuchtete hier nicht. Der Berge Ernst, der
145 1747 661 1823 rgends so Angst, ein „vater¬
680 1753 1881 1841 sind die Ahnen unserer Bergsänger überhaupt. Der Satz Carlyles:
1889 1756 3114 1837 Millionenstadt Schmerz heult — man kann hek dieser Vehemenz nicht
151 1795 422 1853 in Österreich.
678 1793 1878 1869 „Wer nicht auf das Unsichtbare seine sichtbare poetische Welt auf¬
1903 1790 3118 1888 anders sagen — aus diesem Verismus. Der Arzt Schnitzler schrieb
142 1816 663 1889 ischen Kleinstaat einer öster¬
686 1824 1884 1909 baut, der hat keine Wirklichkeit zu erwarten, auch wenn er der erste
1905 1840 3114 1917 „Sterben“, der Arzt Schönherr „Caritas' zwei Bücher, aus gleichem
135 1862 666 1948 Roman der nicht mit der
685 1883 1897 1946 Realist der Gegenwart heißt.“ — Der Satz erschließt restlos die
1896 1880 3115 1944 Punkt entspringend: unendlichem Schukerz mit der Kreatur, unend¬
154 1901 675 1969 ist! Nicht das Zinshaus,
677 1907 1887 1991 dichterische Natur Fischers und all der jungeren alpenländischen
1896 1918 3115 1984 lichem Hohn wider die unsinnigen Verkettungen, die Schicksal ge¬
138 1941 679 2008 Ort der Handlung. .. Vater
682 1950 1882 2022 Dichter. Realisten wie etwa die Steinmetze, die Eisenschmiede der
1900 1968 2192 2048 heißen werden.
138 1983 668 2044 ls er genug verdiente, mit
682 1987 1891 2065 Gotik. Ihre Motive, ihre Stoffe wurzeln in der Erde, aber die
1922 1972 3113 2057 In Graz sitzt der Wiener Emil Ertl, der die zwei Romane
152 2019 676 2091 die Abhänge des Wiener
692 2023 1891 2100 Seele, die eingehaucht wird, strebt ins unsichtbare, blaue Land der
1904 2020 3104 2115 „Das blaue Guguckshaus" und „Freiheit, die ich meine“
140 2048 661 2132 n wird ein „Heist=Haindl“
683 2060 1892 2146 Phantasie, in Zeiten und Welten die gären und brodeln, wallen
1908 2060 3122 2151 schrieb. Diese eine Fortsetzung des ersten. Beide sind beste
143 2089 679 2158 äppter Dichter, der zweite
693 2093 1893 2180 und dampfen. Und Meister Fischer steckt am tiefsten in der
1904 2098 3125 2183 Erzählungsliteratur. Eril hat wahrhaftig die heute sellene Gabe
136 2131 678 2205 flitisch Empfindender, ein Ab¬
691 2128 1902 2223 Romantik. Sein Lebenswerk, der Roman „Die Freude am Licht“
1908 2145 3118 2228 des sich Zeitlassens. Rosegger rühmte ihm das sehr an. Man darf sich
149 2171 682 2236 iden Idealparlamentes; dem
696 2165 1900 2258 ist in seinen besten Teilen eine Andacht germanischen Sonnenkultes.
1904 2190 3125 2267 mit beruhigtem, künstlerischem Gewissen der schönen Erzählung erfreuen,
136 2204 679 2291 I zu entwickeln: er läßt sich
690 2224 1890 2311 Die Unruhe vor dem Rätsel der Welt ist seine dichterische Emotion.
1906 2230 3128 2298 wie es Anno 1802 den biederen Handwebern und Färber vom Neu¬
152 2268 677 2317 Wohlschmeckende, woher und
1904 2267 3125 2347 bau, als der Napoleon und seine Musjöhs in Wien einrückten,
731 2266 1903 2353 Er schreibt einen gotischen Stil; er hat eine Spitzbogensyntax
147 2289 677 2353 frühzeitig Geld und die Gicht
1919 2308 3131 2387 erging. Ertl raffte an Kraft und Temperament zusammen, was ihm
691 2314 1903 2399 und nach einer geheimen Bauhütten=Lehr' zurechtgeformte Worte.
133 2330 682 2396 Kindl aber ist doch eigentlich
1911 2340 3137 2436 gegeben ist, zum Entrollen der Schicksale der Nachkommen jener
703 2356 1903 2436 Manchem mag er drum „maniriert“ erscheinen. Ist aber nur „die
137 2374 689 2435 lle drei Buben in sich. Und
1918 2375 3133 2459 Handweber, der Fabrikanten vom Brillantengrund und Schottenfeld
1021 2408 1067 2451 19
699 2394 1912 2474 eigene Seelen=Weis'“, die ja auch bei Bartsch sehr kräftig aus der
132 2396 696 2477 Palische Welt des guten Kaisers
1922 2425 3128 2494 im Sturmjahre 1848. Hier wie dort bietet er kein trockenes Kultur¬
702 2429 1912 2513 Tiefe klingt. Er liebt es seinem Stil Kolorit zu geben, und seine
147 2434 695 2524 den die gewiß an Originalen
1919 2462 3136 2539 bild. So wienerisch diese beiden Romane sein mögen sie fesseln
696 2477 1920 2566 besten Arbeiten sind nachgedunkelt wie alte Familienbilder unbe¬
147 2493 689 2558 saß. Haindl sen. ist Patriot
1914 2491 3141 2573 auch den Fernstehenden durch ein wahrhaftiges Innenleben. Wenn
705 2514 1911 2594 kannter Meister. Fischers Poesie ist jene des Geheimnisvollen.
161 2524 690 2592 berüchtigte Genußsucht des
1931 2540 3127 2610 Ertl das künstlerisch weniger scharfe Profil aufweist, wird dies seine
711 2554 1920 2632 Keiner hat die Kunst so weg, die alten Zeiten, den alten Geist!
149 2564 697 2627 ische Verklärung, keine so fast
1930 2568 3135 2654 Wirkung auf das Publikum nicht mindern, vielleicht sogar erhöhen.
709 2584 1912 2668 raunen und tönen zu lassen. Unser alter Märchenerzähler ist Fischer.
145 2612 693 2671 ßt den königlichen Fasau ver¬
1928 2621 3137 2706 Er ist der Schriftsteller mit gewandter Technik und fließendem Stil.
701 2634 1907 2699 Die Geschichten im Buche „Lebensmorgen“ sind märchengoldene
142 2641 693 2709 kuntergleiten in euch! Weihe!
2005 2654 3142 2732 .. Diese und ein paar Tiroler Lyriker, von denen vielleicht ein
710 2671 1920 2745 Wunderträume eines späteren Bruders Friedrich v. Hardenbergs.
141 2681 705 2747 sen Waldherbst, die Poesie der
1931 2706 3147 2775 andermal gesprochen wird, sind unsere Dichter des Lebens. Formalen,
710 2705 1925 2785 Wie Wilhelm Fischer ja überhaupt der großte Formalist des öster¬
139 2723 691 2787 traum eines Sommers mit
1940 2718 3134 2809 artistisch=literarischen Realismus vermeiden sie ebenso, wie seelische
153 2759 701 2840 die Sprache Bartsch' auf der
712 2759 1229 2831 reichischen Romans jetzt ist.
1932 2769 3149 2848 Subtilitäten oder Übertriebenheiten. Ihnen ist das Leben keine
742 2769 1920 2869 Er hat einige wesenlose („Der Mediceer"), einige hübsche
1929 2798 3141 2893 Form des Todes, oder bloß Gegenstand der Erkenntnis über die
1187 2825 1918 2902 „Sonnenopfer“) und zwei pracht¬
133 2821 697 2909 risch gewertet, keineswegs auf
706 2851 1182 2916 („Unter dem Himmel“
1933 2851 3142 2928 Relativität der Lebenswerte. Sie wollen einfach sein, zum Gegen¬
139 2877 714 2939 er soll nicht klassifiziert, sondern
718 2869 1911 2953 volle Bücher geschrieben. Im Roman „Die Freude am Licht“
1947 2888 3147 2963 satze des Hofmannsthalschen Bekenntnisses: „Und einfach hab' ich
140 2917 697 2988 ntwicklung betrachtet werden.
720 2904 1929 2990 und in der Erzählung „Hans Heinzlin“ ruhte Fischers Wissenschaft:
1996 2924 3148 3001 In verlernt zu fühlen.“ Oder im Gegensatz zu Schnitzler im
141 2936 702 3024 eines Wesenzuges der ganzen
717 2941 1930 3031 geradliniger und doch reich verzierter Vortrag, eine Deutschheit
1979 2971 3139 3044 Weg ins Freie": „Wir spielen alle; wer es weiß, ist klug.“
154 2994 705 3064 in eine romantische Lokalfarbe
726 2994 1928 3065 wie jene der kunstvollen, weitläufigen stählernen Schlösser in alten
1946 2993 3158 3078 Dies ist der Unterschied: die von den Bergen kamen, „spielen“ nicht
720 3025 1930 3103 Burgen, so grünend, blühend, mannhaft wie die Linden in den
153 3023 711 3110 erscheinen zu lassen, das die
1946 3039 3143 3130 Literatur, sind auch nicht „klug". Sie haben nicht wie die
151 3086 391 3136 icht umgibt.
713 3082 1351 3162 Höhen einer zeitzermürbten Feste.
1940 3093 3149 3165 färtistischen Stilisten den Weg ins Freie verloren. Die Literatur
151 3087 708 3183 Siegeskränze zu, um die ein
826 3093 1936 3192 Es sei gestattet, ein Buch des jetzt vielgenannten Karl
1945 3123 3153 3195 des Österreichers hat sich mit der Sehnsucht nach einem wunder¬
167 3153 706 3217 rosigen Poctenweg schreiten,
727 3157 1936 3228 Schönherr aus der Vergessenheit zu ziehen das vielleicht wertvoller
1941 3172 3071 3256 baren Licht, zur Sonne aufgemacht und träumt, singt, tirilliert.
148 3190 712 3251 schungen, an Zurücksetzung hin¬
717 3184 1944 3277 ist als seine Dramen. „Caritas“ enthält sieben Geschichten „Gottes
649 3227 716 3277 in
150 3231 611 3292 sies Los Wilhelm Fischer -
151 3233 1938 3355 kamen hinzusetzte — beschieden; Schwiegermutter“, „Fuhrmanns=Engeln“, — in Tirol spielend, echt
2320 3255 2447 3344 GRR
