<?xml version="1.0" encoding="UTF-8" standalone="yes"?>
<PcGts xmlns="http://schema.primaresearch.org/PAGE/gts/pagecontent/2013-07-15" xmlns:xsi="http://www.w3.org/2001/XMLSchema-instance" xsi:schemaLocation="http://schema.primaresearch.org/PAGE/gts/pagecontent/2013-07-15 http://schema.primaresearch.org/PAGE/gts/pagecontent/2013-07-15/pagecontent.xsd">
    <Metadata>
        <Creator>prov=University of Rostock/Institute of Mathematics/CITlab/Gundram Leifert/gundram.leifert@uni-rostock.de:name=ONB_Newseye_GT_M1+(htr_id=10810)::::v=2.4.2
prov=University of Rostock/Institute of Mathematics/CITlab/Tobias Gruening/tobias.gruening@uni-rostock.de:name=de.uros.citlab.module.baseline2polygon.B2PSeamMultiOriented:v=2.4.2
prov=University of Rostock/Institute of Mathematics/CITlab/Tobias Gruening/tobias.gruening@uni-rostock.de:name=/mnt/transkribus/LA/DEA/URO/LA_news_onb_att.pb:de.uros.citlab.segmentation.CITlab_LA_ML:v=2.4.2
Transkribus</Creator>
        <Created>2019-10-07T15:19:22.725+02:00</Created>
        <LastChange>2019-10-08T16:30:03.621+02:00</LastChange>
        <TranskribusMetadata docId="224264" pageId="9516696" pageNr="123" tsid="16601144" status="IN_PROGRESS" userId="40391" imgUrl="https://files.transkribus.eu/Get?id=PJALNFZKQCJPLATJEYNOCRUL&amp;fileType=view" xmlUrl="https://files.transkribus.eu/Get?id=DCDRFIKWEWTDRBQRQKLNECIO" imageId="6204510"/>
    </Metadata>
    <Page imageFilename="224264_0123.jpeg" imageWidth="3344" imageHeight="4256">
        <ReadingOrder>
            <OrderedGroup id="ro_1711443076214" caption="Regions reading order">
                <RegionRefIndexed index="0" regionRef="r1"/>
                <RegionRefIndexed index="1" regionRef="r2"/>
                <RegionRefIndexed index="2" regionRef="r3"/>
                <RegionRefIndexed index="3" regionRef="r4"/>
                <RegionRefIndexed index="4" regionRef="r5"/>
                <RegionRefIndexed index="5" regionRef="r6"/>
            </OrderedGroup>
        </ReadingOrder>
        <TextRegion orientation="0.0" id="r1" custom="readingOrder {index:0;}">
            <Coords points="379,67 379,4070 1320,4070 1320,67"/>
            <TextLine id="r1l1" custom="readingOrder {index:0;}">
                <Coords points="895,107 963,121 995,111 1014,119 1052,102 1092,116 1152,101 1183,119 1182,78 1152,61 1062,71 1038,63 1025,73 894,69"/>
                <Baseline points="900,96 925,97 950,98 975,98 1000,97 1025,96 1051,96 1076,95 1101,94 1126,93 1151,92 1177,91"/>
                <TextEquiv>
                    <Unicode>Diego Angeli.</Unicode>
                </TextEquiv>
            </TextLine>
            <TextLine id="r1l2" custom="readingOrder {index:1;}">
                <Coords points="388,296 488,286 581,304 649,282 749,298 775,282 939,280 955,276 953,197 676,200 631,226 595,203 499,207 457,251 408,210 385,214"/>
                <Baseline points="393,283 420,283 448,283 476,282 504,281 532,281 560,279 587,279 615,278 643,277 671,275 699,274 727,273 755,271 782,271 810,269 838,269 866,268 894,267 922,266 950,266"/>
                <TextEquiv>
                    <Unicode>LULTIMO</Unicode>
                </TextEquiv>
            </TextLine>
            <TextLine id="r1l3" custom="readingOrder {index:2;}">
                <Coords points="469,397 622,417 1193,394 1226,375 1225,301 1125,295 1044,327 903,304 777,328 529,322 468,356"/>
                <Baseline points="474,399 511,398 548,398 586,398 623,397 660,397 698,397 735,396 772,396 810,395 847,394 884,394 922,393 959,392 996,391 1034,390 1071,389 1108,387 1146,386 1183,384 1221,382"/>
                <TextEquiv>
                    <Unicode>SCHNITZLER</Unicode>
                </TextEquiv>
            </TextLine>
            <TextLine id="r1l4" custom="readingOrder {index:3;}">
                <Coords points="420,478 674,501 723,477 1237,464 1236,433 1142,423 419,451"/>
                <Baseline points="426,481 466,481 506,481 546,480 587,480 627,479 667,478 707,477 748,475 788,474 828,473 868,472 909,470 949,469 989,468 1029,467 1070,466 1110,466 1150,465 1190,465 1231,465"/>
                <TextEquiv>
                    <Unicode>Viennese fin nel midollo delle ossa, Arthur</Unicode>
                </TextEquiv>
            </TextLine>
            <TextLine id="r1l5" custom="readingOrder {index:4;}">
                <Coords points="374,554 1239,518 1184,476 803,504 372,494"/>
                <Baseline points="379,536 421,535 464,534 507,533 549,532 592,530 635,529 677,527 720,526 763,524 806,523 848,521 891,520 934,518 976,517 1019,516 1062,515 1104,515 1147,514 1190,514 1233,514"/>
                <TextEquiv>
                    <Unicode>Schnitzler, era noto, fino a pochi anni fa,</Unicode>
                </TextEquiv>
            </TextLine>
            <TextLine id="r1l6" custom="readingOrder {index:5;}">
                <Coords points="375,593 1012,585 1205,568 1228,539 709,535 374,568"/>
                <Baseline points="380,586 422,585 464,583 506,582 548,581 590,579 632,578 675,576 717,575 759,573 801,571 843,569 885,568 927,566 970,565 1012,564 1054,563 1096,561 1138,560 1180,560 1223,559"/>
                <TextEquiv>
                    <Unicode>in Italia, soltanto per certe novellette dia¬</Unicode>
                </TextEquiv>
            </TextLine>
            <TextLine id="r1l7" custom="readingOrder {index:6;}">
                <Coords points="377,635 448,656 707,625 1141,627 1248,609 1248,586 376,596"/>
                <Baseline points="382,634 425,633 468,632 511,631 554,630 597,629 640,628 683,627 726,626 769,624 812,623 855,621 898,620 941,618 984,617 1027,615 1070,613 1113,611 1156,609 1199,607 1243,604"/>
                <TextEquiv>
                    <Unicode>logate, tradotte con gusto, e commentate</Unicode>
                </TextEquiv>
            </TextLine>
            <TextLine id="r1l8" custom="readingOrder {index:7;}">
                <Coords points="375,690 1206,681 1243,638 1175,620 374,664"/>
                <Baseline points="381,682 423,682 466,681 509,681 552,680 595,679 637,678 680,677 723,676 766,675 809,674 851,673 894,672 937,670 980,668 1023,666 1065,664 1108,661 1151,658 1194,655 1237,651"/>
                <TextEquiv>
                    <Unicode>con intelligenza, dal nostro compianto Ce¬</Unicode>
                </TextEquiv>
            </TextLine>
            <TextLine id="r1l9" custom="readingOrder {index:8;}">
                <Coords points="374,735 416,745 507,741 514,747 588,733 618,736 617,699 597,705 572,694 533,705 496,698 470,711 452,704 424,711 404,702 373,707"/>
                <Baseline points="379,730 404,731 430,731 456,730 482,729 508,729 534,728 560,728 586,728 612,729"/>
                <TextEquiv>
                    <Unicode>sare Levi.</Unicode>
                </TextEquiv>
            </TextLine>
            <TextLine id="r1l10" custom="readingOrder {index:9;}">
                <Coords points="428,781 998,788 1250,758 1249,729 1178,718 1103,740 888,719 669,757 606,736 427,752"/>
                <Baseline points="433,781 473,781 514,780 554,779 595,778 635,777 676,776 716,775 757,774 797,772 838,771 879,769 919,768 960,766 1000,764 1041,763 1081,761 1122,760 1162,759 1203,757 1244,756"/>
                <TextEquiv>
                    <Unicode>In realtà, erano state appunto quelle</Unicode>
                </TextEquiv>
            </TextLine>
            <TextLine id="r1l11" custom="readingOrder {index:10;}">
                <Coords points="383,837 1104,826 1224,814 1252,781 382,798"/>
                <Baseline points="389,830 431,830 474,830 517,829 560,828 603,827 646,826 689,825 732,823 775,822 818,821 860,819 903,817 946,815 989,814 1032,812 1075,811 1118,809 1161,808 1204,807 1247,806"/>
                <TextEquiv>
                    <Unicode>novelle, raccolte in Anatol, Märchen e</Unicode>
                </TextEquiv>
            </TextLine>
            <TextLine id="r1l12" custom="readingOrder {index:11;}">
                <Coords points="374,886 1241,868 1246,837 956,820 372,854"/>
                <Baseline points="379,879 422,879 465,878 508,878 551,877 594,876 637,874 680,873 723,871 766,870 810,868 853,867 896,864 939,863 982,861 1025,860 1068,858 1111,857 1154,855 1197,854 1241,854"/>
                <TextEquiv>
                    <Unicode>Liebelei, nell'ultimo decennio del sccolo</Unicode>
                </TextEquiv>
            </TextLine>
            <TextLine id="r1l13" custom="readingOrder {index:12;}">
                <Coords points="377,934 1184,922 1253,911 1252,869 376,895"/>
                <Baseline points="383,929 426,929 469,928 512,927 555,926 599,925 642,924 685,922 728,920 771,918 815,916 858,914 901,912 944,910 987,908 1031,906 1074,905 1117,903 1160,902 1203,901 1247,900"/>
                <TextEquiv>
                    <Unicode>scorso, a dare la prima fama al giovine</Unicode>
                </TextEquiv>
            </TextLine>
            <TextLine id="r1l14" custom="readingOrder {index:13;}">
                <Coords points="379,978 720,995 1255,953 1237,914 1027,945 889,925 663,951 615,928 379,956"/>
                <Baseline points="385,978 428,978 471,978 514,977 557,976 601,975 644,974 687,973 730,971 773,969 817,967 860,965 903,964 946,962 989,960 1033,958 1076,957 1119,955 1162,954 1205,952 1249,951"/>
                <TextEquiv>
                    <Unicode>medico della çapitale austriaca, e a fargli</Unicode>
                </TextEquiv>
            </TextLine>
            <TextLine id="r1l15" custom="readingOrder {index:14;}">
                <Coords points="394,1043 1215,1014 1248,1004 1247,959 1183,984 986,964 883,1001 817,972 756,999 618,976 528,1009 475,983 392,1008"/>
                <Baseline points="399,1026 441,1026 483,1026 525,1025 567,1025 610,1023 652,1022 694,1020 736,1018 778,1017 821,1014 863,1012 905,1011 947,1008 989,1007 1032,1005 1074,1003 1116,1002 1158,1001 1200,1000 1243,1000"/>
                <TextEquiv>
                    <Unicode>subito attribuire quella caratteristica di</Unicode>
                </TextEquiv>
            </TextLine>
            <TextLine id="r1l16" custom="readingOrder {index:15;}">
                <Coords points="387,1086 1247,1071 1245,1024 1180,1010 386,1052"/>
                <Baseline points="392,1074 434,1074 476,1074 519,1073 561,1072 604,1071 646,1070 689,1068 731,1067 774,1064 816,1063 858,1061 901,1059 943,1058 986,1056 1028,1055 1071,1053 1113,1052 1156,1051 1198,1050 1241,1050"/>
                <TextEquiv>
                    <Unicode>aletizia sentimentale,, che essendo propria,</Unicode>
                </TextEquiv>
            </TextLine>
            <TextLine id="r1l17" custom="readingOrder {index:16;}">
                <Coords points="377,1135 1159,1118 1260,1092 1227,1064 985,1062 838,1094 376,1098"/>
                <Baseline points="382,1129 425,1126 469,1124 512,1122 556,1120 600,1118 643,1117 687,1115 731,1113 774,1112 818,1110 862,1108 905,1107 949,1106 993,1104 1036,1102 1080,1101 1124,1100 1167,1098 1211,1096 1255,1095"/>
                <TextEquiv>
                    <Unicode>per comune consenso, della vita mondana</Unicode>
                </TextEquiv>
            </TextLine>
            <TextLine id="r1l18" custom="readingOrder {index:17;}">
                <Coords points="386,1163 433,1187 1198,1164 1256,1140 1255,1115 385,1147"/>
                <Baseline points="391,1173 434,1173 477,1172 520,1171 563,1170 606,1169 649,1167 692,1166 735,1164 778,1162 821,1161 864,1159 907,1157 950,1156 993,1154 1036,1152 1079,1150 1122,1148 1165,1147 1208,1145 1251,1143"/>
                <TextEquiv>
                    <Unicode>viennese, dell’operetta viennese, dei valzer</Unicode>
                </TextEquiv>
            </TextLine>
            <TextLine id="r1l19" custom="readingOrder {index:18;}">
                <Coords points="388,1218 518,1243 605,1218 974,1224 1012,1202 1257,1208 1256,1173 387,1191"/>
                <Baseline points="394,1222 436,1221 479,1219 522,1219 565,1217 608,1216 651,1215 693,1213 736,1212 779,1210 822,1209 865,1207 908,1206 951,1204 993,1202 1036,1201 1079,1199 1122,1198 1165,1196 1208,1194 1251,1192"/>
                <TextEquiv>
                    <Unicode>viennesi, e insomma di tutto cio che, almeno</Unicode>
                </TextEquiv>
            </TextLine>
            <TextLine id="r1l20" custom="readingOrder {index:19;}">
                <Coords points="389,1275 1175,1263 1247,1242 1246,1214 438,1235 388,1258"/>
                <Baseline points="394,1273 436,1271 478,1270 521,1268 563,1267 605,1266 648,1264 690,1263 732,1262 775,1260 817,1259 859,1257 902,1256 944,1255 986,1253 1029,1251 1071,1249 1113,1248 1156,1245 1198,1244 1241,1242"/>
                <TextEquiv>
                    <Unicode>sino allo scoppio della Guerra, era consi¬</Unicode>
                </TextEquiv>
            </TextLine>
            <TextLine id="r1l21" custom="readingOrder {index:20;}">
                <Coords points="393,1327 1226,1303 1252,1255 940,1285 631,1271 545,1300 391,1286"/>
                <Baseline points="398,1324 440,1322 483,1320 525,1319 568,1318 610,1316 653,1314 695,1313 738,1312 780,1310 823,1309 865,1307 908,1305 950,1304 993,1301 1035,1300 1078,1298 1120,1296 1163,1294 1205,1292 1248,1290"/>
                <TextEquiv>
                    <Unicode>derato squisitamente viennese, lo fece sü¬</Unicode>
                </TextEquiv>
            </TextLine>
            <TextLine id="r1l22" custom="readingOrder {index:21;}">
                <Coords points="393,1364 457,1385 1032,1370 1123,1343 1224,1357 1250,1315 392,1338"/>
                <Baseline points="398,1372 440,1370 482,1367 525,1366 567,1364 609,1363 652,1362 694,1361 736,1360 779,1358 821,1357 863,1356 906,1355 948,1354 990,1352 1033,1351 1075,1349 1117,1347 1160,1345 1202,1342 1245,1339"/>
                <TextEquiv>
                    <Unicode>bito passare come l' interprete piu fedele</Unicode>
                </TextEquiv>
            </TextLine>
            <TextLine id="r1l23" custom="readingOrder {index:22;}">
                <Coords points="398,1418 597,1437 806,1403 901,1417 1016,1400 1015,1377 753,1369 697,1388 647,1370 599,1391 563,1377 396,1394"/>
                <Baseline points="403,1420 433,1421 463,1421 494,1420 524,1420 555,1419 585,1417 615,1416 646,1414 676,1413 707,1411 737,1409 767,1407 798,1405 828,1403 859,1401 889,1400 919,1399 950,1397 980,1396 1011,1395"/>
                <TextEquiv>
                    <Unicode>e geniale dell’anima viennese.</Unicode>
                </TextEquiv>
            </TextLine>
            <TextLine id="r1l24" custom="readingOrder {index:23;}">
                <Coords points="430,1462 631,1477 1065,1436 1247,1456 1251,1389 819,1433 712,1413 429,1434"/>
                <Baseline points="436,1464 476,1463 517,1462 557,1461 598,1459 638,1458 679,1456 719,1455 760,1453 800,1452 841,1450 882,1449 922,1447 963,1445 1003,1443 1044,1441 1084,1439 1125,1438 1165,1437 1206,1434 1247,1433"/>
                <TextEquiv>
                    <Unicode>Ma i racconti, ben piu solidi e vasti, e 1</Unicode>
                </TextEquiv>
            </TextLine>
            <TextLine id="r1l25" custom="readingOrder {index:24;}">
                <Coords points="388,1517 1199,1507 1267,1491 1266,1456 1103,1442 1035,1468 387,1490"/>
                <Baseline points="393,1510 436,1510 479,1510 523,1510 566,1510 610,1509 653,1508 696,1506 740,1505 783,1503 827,1501 870,1499 913,1497 957,1495 1000,1493 1044,1491 1087,1488 1130,1486 1174,1484 1217,1483 1261,1481"/>
                <TextEquiv>
                    <Unicode>drammi, ben piu profondi, che Schnitzler</Unicode>
                </TextEquiv>
            </TextLine>
            <TextLine id="r1l26" custom="readingOrder {index:25;}">
                <Coords points="390,1564 1187,1553 1253,1533 1252,1506 852,1503 808,1532 752,1513 491,1537 388,1519"/>
                <Baseline points="395,1560 437,1560 480,1559 522,1558 565,1557 608,1556 650,1554 693,1552 736,1550 778,1548 821,1546 864,1544 906,1542 949,1540 992,1539 1034,1537 1077,1536 1120,1534 1162,1534 1205,1533 1248,1533"/>
                <TextEquiv>
                    <Unicode>fece seguire, all’alba del nuovo secolo, po¬</Unicode>
                </TextEquiv>
            </TextLine>
            <TextLine id="r1l27" custom="readingOrder {index:26;}">
                <Coords points="397,1619 1212,1595 1251,1555 395,1580"/>
                <Baseline points="402,1609 444,1608 486,1608 528,1607 571,1606 613,1605 655,1603 697,1602 740,1600 782,1598 824,1596 866,1594 909,1593 951,1591 993,1589 1035,1588 1078,1586 1120,1585 1162,1583 1204,1582 1247,1581"/>
                <TextEquiv>
                    <Unicode>tevano forse mettersi anchra sotto 1 in¬</Unicode>
                </TextEquiv>
            </TextLine>
            <TextLine id="r1l28" custom="readingOrder {index:27;}">
                <Coords points="387,1683 1260,1638 1259,1605 1067,1595 386,1641"/>
                <Baseline points="392,1662 435,1661 478,1660 521,1658 564,1656 607,1654 650,1653 694,1652 737,1649 780,1648 823,1646 866,1644 909,1642 952,1641 996,1639 1039,1638 1082,1636 1125,1634 1168,1633 1211,1632 1255,1631"/>
                <TextEquiv>
                    <Unicode>segna del sentimentalismo e della frivolezza,</Unicode>
                </TextEquiv>
            </TextLine>
            <TextLine id="r1l29" custom="readingOrder {index:28;}">
                <Coords points="400,1704 699,1720 1237,1685 1193,1637 970,1674 917,1654 399,1686"/>
                <Baseline points="406,1708 447,1708 488,1707 529,1707 571,1706 612,1704 653,1703 694,1702 736,1700 777,1698 818,1696 859,1694 901,1692 942,1690 983,1689 1024,1686 1066,1684 1107,1682 1148,1681 1189,1679 1231,1678"/>
                <TextEquiv>
                    <Unicode>come le precedenti novelle e scenette?</Unicode>
                </TextEquiv>
            </TextLine>
            <TextLine id="r1l30" custom="readingOrder {index:29;}">
                <Coords points="441,1756 791,1773 840,1748 1259,1728 1258,1704 1122,1696 440,1723"/>
                <Baseline points="446,1755 486,1753 526,1752 567,1751 607,1751 647,1749 688,1748 728,1747 768,1746 809,1745 849,1744 889,1742 930,1741 970,1739 1010,1737 1051,1735 1091,1733 1131,1731 1172,1728 1212,1725 1253,1722"/>
                <TextEquiv>
                    <Unicode>In realtà, Schnitzler s'#é lentamente evo¬</Unicode>
                </TextEquiv>
            </TextLine>
            <TextLine id="r1l31" custom="readingOrder {index:30;}">
                <Coords points="395,1816 788,1823 847,1793 1277,1783 1276,1749 393,1773"/>
                <Baseline points="400,1808 443,1807 487,1806 530,1805 574,1804 617,1802 661,1801 704,1799 748,1798 791,1796 835,1794 879,1793 922,1791 966,1789 1009,1788 1053,1786 1096,1784 1140,1782 1183,1780 1227,1778 1271,1777"/>
                <TextEquiv>
                    <Unicode>luto, e, se proprio si voglia continuare a</Unicode>
                </TextEquiv>
            </TextLine>
            <TextLine id="r1l32" custom="readingOrder {index:31;}">
                <Coords points="396,1852 479,1876 1276,1824 1210,1782 1139,1812 985,1792 917,1819 395,1821"/>
                <Baseline points="402,1856 445,1855 488,1855 532,1854 575,1852 619,1851 662,1850 706,1849 749,1847 793,1845 836,1843 879,1841 923,1840 966,1838 1010,1836 1053,1834 1097,1832 1140,1830 1184,1829 1227,1827 1271,1825"/>
                <TextEquiv>
                    <Unicode>considerarlo l'interprete dell’amima della</Unicode>
                </TextEquiv>
            </TextLine>
            <TextLine id="r1l33" custom="readingOrder {index:32;}">
                <Coords points="401,1905 1273,1891 1278,1860 1016,1847 772,1881 675,1858 400,1894"/>
                <Baseline points="407,1908 450,1907 493,1906 536,1905 580,1903 623,1902 666,1900 710,1898 753,1896 796,1895 840,1893 883,1892 926,1890 969,1888 1013,1886 1056,1884 1099,1883 1143,1880 1186,1879 1229,1877 1273,1875"/>
                <TextEquiv>
                    <Unicode>capitale austriaca, occorre dire che, come</Unicode>
                </TextEquiv>
            </TextLine>
            <TextLine id="r1l34" custom="readingOrder {index:33;}">
                <Coords points="405,1960 1279,1932 1277,1889 1191,1886 404,1925"/>
                <Baseline points="410,1954 453,1954 496,1953 539,1952 582,1951 625,1950 668,1948 712,1947 755,1945 798,1944 841,1942 884,1939 927,1937 970,1936 1014,1933 1057,1932 1100,1929 1143,1927 1186,1925 1229,1923 1273,1921"/>
                <TextEquiv>
                    <Unicode>é stato il poeta della sua floridezza, é stato</Unicode>
                </TextEquiv>
            </TextLine>
            <TextLine id="r1l35" custom="readingOrder {index:34;}">
                <Coords points="400,2014 1211,1991 1276,1979 1275,1957 1135,1936 1087,1958 398,1974"/>
                <Baseline points="405,2007 448,2006 491,2005 534,2003 578,2002 621,2000 664,1998 708,1996 751,1994 794,1992 838,1990 881,1988 924,1986 967,1983 1011,1982 1054,1980 1097,1978 1141,1976 1184,1974 1227,1973 1271,1971"/>
                <TextEquiv>
                    <Unicode>anche — come lo salutó, nei sessantesimo</Unicode>
                </TextEquiv>
            </TextLine>
            <TextLine id="r1l36" custom="readingOrder {index:35;}">
                <Coords points="407,2053 633,2071 1281,2021 1275,1975 1035,2014 837,1995 808,2017 406,2022"/>
                <Baseline points="413,2053 456,2053 499,2053 542,2052 585,2051 628,2049 671,2048 714,2046 757,2044 800,2042 844,2039 887,2036 930,2034 973,2031 1016,2029 1059,2028 1102,2025 1145,2024 1188,2023 1231,2022 1275,2022"/>
                <TextEquiv>
                    <Unicode>compleanno, Hermann Bahr — dil poeta</Unicode>
                </TextEquiv>
            </TextLine>
            <TextLine id="r1l37" custom="readingOrder {index:36;}">
                <Coords points="403,2108 685,2115 826,2078 947,2108 1235,2075 1278,2096 1276,2045 1241,2038 403,2085"/>
                <Baseline points="409,2105 452,2103 495,2102 538,2100 581,2098 624,2097 667,2096 710,2094 753,2093 796,2091 840,2089 883,2088 926,2086 969,2085 1012,2083 1055,2082 1098,2079 1141,2078 1184,2076 1227,2074 1271,2072"/>
                <TextEquiv>
                    <Unicode>della sua agonia:: c oggi pud passare,</Unicode>
                </TextEquiv>
            </TextLine>
            <TextLine id="r1l38" custom="readingOrder {index:37;}">
                <Coords points="415,2163 1271,2132 1259,2088 413,2124"/>
                <Baseline points="420,2153 462,2152 504,2151 546,2149 589,2148 631,2146 673,2145 715,2143 758,2141 800,2139 842,2137 884,2135 927,2133 969,2132 1011,2129 1053,2127 1096,2126 1138,2124 1180,2123 1222,2121 1265,2120"/>
                <TextEquiv>
                    <Unicode>come il poeta della nuova Vienna, scoro¬</Unicode>
                </TextEquiv>
            </TextLine>
            <TextLine id="r1l39" custom="readingOrder {index:38;}">
                <Coords points="400,2205 1232,2193 1272,2179 1271,2144 399,2183"/>
                <Baseline points="405,2201 448,2200 491,2198 534,2197 577,2196 620,2195 663,2193 706,2192 749,2190 792,2189 836,2187 879,2186 922,2184 965,2183 1008,2182 1051,2180 1094,2178 1137,2177 1180,2175 1223,2173 1267,2172"/>
                <TextEquiv>
                    <Unicode>natae dolente, forse ancöra sorridente,</Unicode>
                </TextEquiv>
            </TextLine>
            <TextLine id="r1l40" custom="readingOrder {index:39;}">
                <Coords points="406,2258 836,2255 867,2237 984,2235 983,2214 921,2195 850,2194 800,2216 582,2221 527,2205 497,2225 405,2226"/>
                <Baseline points="411,2249 439,2249 467,2249 496,2248 524,2248 553,2247 581,2246 609,2245 638,2244 666,2243 695,2242 723,2240 751,2239 780,2237 808,2236 837,2235 865,2234 893,2233 922,2232 950,2231 979,2230"/>
                <TextEquiv>
                    <Unicode>ma d’un disperato sorriso.</Unicode>
                </TextEquiv>
            </TextLine>
            <TextLine id="r1l41" custom="readingOrder {index:40;}">
                <Coords points="443,2307 1290,2273 1289,2235 1228,2215 1125,2246 442,2260"/>
                <Baseline points="448,2290 489,2291 531,2291 573,2291 615,2290 657,2289 699,2288 740,2287 782,2284 824,2282 866,2280 908,2278 950,2276 992,2273 1033,2272 1075,2270 1117,2269 1159,2267 1201,2267 1243,2266 1285,2266"/>
                <TextEquiv>
                    <Unicode>Certo, chi legga i piu recenti romanzi di</Unicode>
                </TextEquiv>
            </TextLine>
            <TextLine id="r1l42" custom="readingOrder {index:41;}">
                <Coords points="416,2344 901,2350 950,2326 1280,2318 1272,2286 1136,2282 415,2312"/>
                <Baseline points="421,2344 463,2343 506,2342 549,2341 591,2340 634,2338 677,2337 719,2335 762,2334 805,2331 848,2330 890,2328 933,2327 976,2325 1018,2323 1061,2322 1104,2321 1146,2319 1189,2318 1232,2317 1275,2317"/>
                <TextEquiv>
                    <Unicode>Schnitzler, e precisamente quelli che sono</Unicode>
                </TextEquiv>
            </TextLine>
            <TextLine id="r1l43" custom="readingOrder {index:42;}">
                <Coords points="418,2398 560,2415 708,2383 1287,2365 1286,2338 1171,2355 1035,2331 820,2365 750,2340 417,2366"/>
                <Baseline points="423,2390 465,2390 508,2390 551,2389 594,2387 637,2387 680,2385 723,2383 766,2381 809,2379 852,2378 894,2376 937,2374 980,2372 1023,2370 1066,2369 1109,2368 1152,2367 1195,2366 1238,2366 1281,2366"/>
                <TextEquiv>
                    <Unicode>testé apparsi nella versione italiana, non</Unicode>
                </TextEquiv>
            </TextLine>
            <TextLine id="r1l44" custom="readingOrder {index:43;}">
                <Coords points="411,2453 1281,2425 1250,2387 1135,2378 410,2413"/>
                <Baseline points="417,2447 459,2445 502,2443 545,2442 588,2439 631,2438 674,2435 717,2434 760,2432 803,2430 846,2429 888,2427 931,2425 974,2424 1017,2422 1060,2421 1103,2419 1146,2418 1189,2417 1232,2415 1275,2414"/>
                <TextEquiv>
                    <Unicode>pud non raffigurarsi un autore ben diverso,</Unicode>
                </TextEquiv>
            </TextLine>
            <TextLine id="r1l45" custom="readingOrder {index:44;}">
                <Coords points="422,2499 1208,2467 1273,2492 1286,2446 1118,2426 1067,2449 1043,2430 421,2468"/>
                <Baseline points="427,2494 469,2492 512,2491 555,2489 597,2488 640,2486 683,2485 725,2484 768,2482 811,2480 854,2479 896,2478 939,2476 982,2475 1024,2473 1067,2471 1110,2470 1152,2468 1195,2467 1238,2465 1281,2463"/>
                <TextEquiv>
                    <Unicode>nello spirito e nella forma, dall’esordiente:</Unicode>
                </TextEquiv>
            </TextLine>
            <TextLine id="r1l46" custom="readingOrder {index:45;}">
                <Coords points="407,2552 1288,2519 1287,2488 1146,2475 1091,2498 406,2509"/>
                <Baseline points="413,2543 456,2541 500,2541 543,2540 587,2538 630,2537 674,2536 717,2535 761,2533 804,2532 848,2530 891,2528 935,2527 978,2525 1022,2523 1065,2521 1109,2519 1152,2517 1196,2515 1239,2513 1283,2510"/>
                <TextEquiv>
                    <Unicode>né pud trattenersi dal considerare I## riforno</Unicode>
                </TextEquiv>
            </TextLine>
            <TextLine id="r1l47" custom="readingOrder {index:46;}">
                <Coords points="416,2609 1294,2576 1292,2536 1241,2521 414,2561"/>
                <Baseline points="421,2593 464,2592 507,2591 550,2589 594,2588 637,2586 680,2585 724,2584 767,2582 810,2581 854,2579 897,2578 940,2576 983,2575 1027,2572 1070,2571 1113,2569 1157,2567 1200,2566 1243,2563 1287,2561"/>
                <TextEquiv>
                    <Unicode>di Casanova (Ed. Sperling e Kupfer, Mi¬</Unicode>
                </TextEquiv>
            </TextLine>
            <TextLine id="r1l48" custom="readingOrder {index:47;}">
                <Coords points="420,2650 492,2668 1285,2618 1284,2589 1130,2576 419,2607"/>
                <Baseline points="425,2642 467,2641 510,2639 553,2637 595,2636 638,2635 681,2634 723,2632 766,2630 809,2629 852,2628 894,2626 937,2625 980,2624 1022,2622 1065,2620 1108,2619 1150,2617 1193,2616 1236,2614 1279,2612"/>
                <TextEquiv>
                    <Unicode>lano), pubblicato primamente nel ’18, come</Unicode>
                </TextEquiv>
            </TextLine>
            <TextLine id="r1l49" custom="readingOrder {index:48;}">
                <Coords points="419,2702 1263,2671 1288,2635 1167,2621 1044,2656 1009,2632 872,2636 764,2667 417,2653"/>
                <Baseline points="424,2692 469,2691 514,2689 559,2687 604,2686 650,2684 695,2682 740,2680 785,2679 830,2677 876,2675 921,2673 966,2672 1011,2670 1056,2669 1102,2667 1147,2665 1192,2664 1237,2663 1283,2662"/>
                <TextEquiv>
                    <Unicode>la trasposizione storica della moribonda</Unicode>
                </TextEquiv>
            </TextLine>
            <TextLine id="r1l50" custom="readingOrder {index:49;}">
                <Coords points="421,2745 686,2735 735,2757 785,2729 1054,2718 1093,2737 1293,2707 1292,2675 420,2713"/>
                <Baseline points="427,2741 470,2740 513,2739 556,2737 599,2736 642,2734 685,2733 728,2731 771,2729 814,2727 857,2725 900,2723 943,2721 986,2719 1029,2718 1072,2716 1115,2715 1158,2714 1201,2713 1244,2712 1288,2711"/>
                <TextEquiv>
                    <Unicode>società viennese d’anteguerra; né La sti¬</Unicode>
                </TextEquiv>
            </TextLine>
            <TextLine id="r1l51" custom="readingOrder {index:50;}">
                <Coords points="422,2800 1000,2767 1153,2784 1272,2772 1281,2740 1116,2721 770,2735 739,2760 420,2752"/>
                <Baseline points="427,2792 469,2790 512,2788 554,2786 597,2785 639,2783 682,2781 724,2779 767,2778 809,2776 852,2774 894,2772 937,2771 979,2769 1022,2768 1064,2766 1107,2765 1149,2764 1192,2763 1234,2762 1277,2761"/>
                <TextEquiv>
                    <Unicode>gnorina Elsa e Teresa (Ed. Modernissima,</Unicode>
                </TextEquiv>
            </TextLine>
            <TextLine id="r1l52" custom="readingOrder {index:51;}">
                <Coords points="416,2841 1255,2830 1300,2815 1300,2787 415,2807"/>
                <Baseline points="421,2839 464,2838 508,2837 552,2837 595,2835 639,2834 683,2832 726,2830 770,2828 814,2826 858,2824 901,2822 945,2820 989,2819 1032,2817 1076,2816 1120,2816 1163,2816 1207,2816 1251,2817 1295,2818"/>
                <TextEquiv>
                    <Unicode>Milano), apparsi rispettivamente nei 24</Unicode>
                </TextEquiv>
            </TextLine>
            <TextLine id="r1l53" custom="readingOrder {index:52;}">
                <Coords points="427,2895 1205,2881 1294,2852 1118,2819 650,2859 505,2841 427,2875"/>
                <Baseline points="433,2886 475,2886 518,2885 561,2884 604,2883 647,2882 689,2881 732,2879 775,2878 818,2877 861,2875 903,2873 946,2871 989,2870 1032,2869 1075,2867 1117,2866 1160,2865 1203,2864 1246,2863 1289,2863"/>
                <TextEquiv>
                    <Unicode>e nel 28, come gli studi realistici e pro¬</Unicode>
                </TextEquiv>
            </TextLine>
            <TextLine id="r1l54" custom="readingOrder {index:53;}">
                <Coords points="415,2943 1020,2922 1082,2942 1151,2912 1301,2914 1300,2885 1245,2871 1153,2897 998,2879 898,2908 534,2891 415,2915"/>
                <Baseline points="421,2939 464,2937 508,2936 552,2934 595,2932 639,2931 683,2929 726,2928 770,2927 814,2926 858,2924 901,2923 945,2922 989,2921 1032,2920 1076,2919 1120,2917 1163,2916 1207,2914 1251,2913 1295,2911"/>
                <TextEquiv>
                    <Unicode>fondi delle condizioni psichiche e sociali</Unicode>
                </TextEquiv>
            </TextLine>
            <TextLine id="r1l55" custom="readingOrder {index:54;}">
                <Coords points="428,2988 571,2998 620,2982 684,2998 905,2974 941,2984 940,2957 910,2944 773,2952 722,2934 427,2961"/>
                <Baseline points="433,2987 458,2986 483,2985 508,2984 533,2983 558,2982 583,2981 608,2980 633,2979 658,2978 684,2977 709,2976 734,2974 759,2973 784,2972 809,2972 834,2971 859,2970 884,2970 909,2969 935,2969"/>
                <TextEquiv>
                    <Unicode>viennesi del dopoguerra.</Unicode>
                </TextEquiv>
            </TextLine>
            <TextLine id="r1l56" custom="readingOrder {index:55;}">
                <Coords points="476,3039 1079,3034 1283,3019 1301,2986 475,2997"/>
                <Baseline points="481,3030 521,3030 562,3029 603,3028 644,3027 684,3026 725,3024 766,3023 807,3021 847,3020 888,3018 929,3017 970,3015 1010,3014 1051,3013 1092,3012 1133,3011 1173,3011 1214,3011 1255,3011 1296,3012"/>
                <TextEquiv>
                    <Unicode>Lo spirito dello scrittore 6 diverso da</Unicode>
                </TextEquiv>
            </TextLine>
            <TextLine id="r1l57" custom="readingOrder {index:56;}">
                <Coords points="434,3100 1249,3077 1307,3056 1306,3025 432,3058"/>
                <Baseline points="439,3087 482,3084 525,3082 568,3080 611,3078 654,3076 697,3075 740,3074 783,3072 826,3071 870,3070 913,3069 956,3068 999,3067 1042,3066 1085,3066 1128,3065 1171,3064 1214,3063 1257,3062 1301,3061"/>
                <TextEquiv>
                    <Unicode>quello d’un tempo, in quanto, ora, egli</Unicode>
                </TextEquiv>
            </TextLine>
            <TextLine id="r1l58" custom="readingOrder {index:57;}">
                <Coords points="431,3136 792,3121 853,3146 969,3109 1305,3107 1304,3074 1207,3070 431,3112"/>
                <Baseline points="437,3135 480,3133 523,3131 566,3129 609,3128 652,3126 695,3124 738,3123 781,3122 824,3121 868,3119 911,3118 954,3117 997,3115 1040,3114 1083,3113 1126,3111 1169,3110 1212,3108 1255,3106 1299,3104"/>
                <TextEquiv>
                    <Unicode>non s’appaga di cogliere le contradizioni</Unicode>
                </TextEquiv>
            </TextLine>
            <TextLine id="r1l59" custom="readingOrder {index:58;}">
                <Coords points="439,3205 885,3161 1217,3178 1308,3148 1307,3124 852,3146 744,3124 437,3157"/>
                <Baseline points="443,3182 486,3181 529,3181 572,3179 615,3178 658,3177 701,3175 744,3174 787,3173 830,3171 873,3169 916,3167 959,3166 1002,3164 1045,3163 1088,3162 1131,3160 1174,3159 1217,3157 1260,3156 1303,3155"/>
                <TextEquiv>
                    <Unicode>superficiali, i dissidi%eriori, ma vuol pe¬</Unicode>
                </TextEquiv>
            </TextLine>
            <TextLine id="r1l60" custom="readingOrder {index:59;}">
                <Coords points="434,3234 1263,3226 1304,3188 1004,3172 836,3203 750,3183 433,3209"/>
                <Baseline points="439,3231 482,3230 525,3229 568,3228 611,3226 654,3225 697,3223 740,3223 783,3221 826,3219 869,3218 912,3216 955,3215 998,3213 1041,3212 1084,3210 1127,3209 1170,3208 1213,3207 1256,3205 1299,3204"/>
                <TextEquiv>
                    <Unicode>netrare nell' intimo delle anime; né ama</Unicode>
                </TextEquiv>
            </TextLine>
            <TextLine id="r1l61" custom="readingOrder {index:60;}">
                <Coords points="425,3281 1114,3281 1307,3246 1024,3216 424,3262"/>
                <Baseline points="430,3282 473,3281 517,3280 560,3279 604,3277 647,3276 691,3274 734,3273 778,3271 821,3269 865,3268 909,3266 952,3264 996,3263 1039,3261 1083,3260 1126,3259 1170,3258 1213,3257 1257,3256 1301,3256"/>
                <TextEquiv>
                    <Unicode>i giochi eleganti ed arguti del Witz, ma</Unicode>
                </TextEquiv>
            </TextLine>
            <TextLine id="r1l62" custom="readingOrder {index:61;}">
                <Coords points="432,3340 1296,3306 1295,3276 1247,3265 431,3307"/>
                <Baseline points="437,3331 479,3329 522,3327 565,3326 607,3325 650,3323 693,3322 735,3320 778,3318 821,3317 864,3316 906,3314 949,3313 992,3312 1034,3310 1077,3309 1120,3308 1162,3307 1205,3305 1248,3304 1291,3303"/>
                <TextEquiv>
                    <Unicode>preferisce svelare tristi e sanguinanti verità,</Unicode>
                </TextEquiv>
            </TextLine>
            <TextLine id="r1l63" custom="readingOrder {index:62;}">
                <Coords points="435,3389 1307,3362 1190,3318 434,3346"/>
                <Baseline points="440,3378 483,3378 526,3377 569,3376 612,3375 655,3374 698,3373 741,3370 784,3369 827,3367 870,3365 913,3363 956,3362 999,3360 1042,3358 1085,3357 1128,3356 1171,3355 1214,3354 1257,3354 1301,3354"/>
                <TextEquiv>
                    <Unicode>E, quasi altrettanto, diversa é la forma,</Unicode>
                </TextEquiv>
            </TextLine>
            <TextLine id="r1l64" custom="readingOrder {index:63;}">
                <Coords points="434,3442 1117,3407 1183,3426 1226,3402 1311,3415 1310,3374 432,3394"/>
                <Baseline points="438,3428 481,3428 524,3428 568,3427 611,3426 655,3425 698,3423 741,3422 785,3419 828,3418 872,3416 915,3414 958,3412 1002,3411 1045,3409 1089,3407 1132,3406 1175,3405 1219,3404 1262,3404 1306,3404"/>
                <TextEquiv>
                    <Unicode>in quanto, pur tenendosi lontano dagli ec¬</Unicode>
                </TextEquiv>
            </TextLine>
            <TextLine id="r1l65" custom="readingOrder {index:64;}">
                <Coords points="437,3473 819,3487 1309,3453 1234,3416 437,3460"/>
                <Baseline points="443,3477 486,3477 529,3476 572,3475 615,3473 658,3472 701,3471 744,3469 787,3468 830,3466 873,3465 916,3462 959,3461 1002,3459 1045,3458 1088,3456 1131,3455 1174,3454 1217,3453 1260,3452 1303,3451"/>
                <TextEquiv>
                    <Unicode>cessi e dalle esasperazioni delle giovani e</Unicode>
                </TextEquiv>
            </TextLine>
            <TextLine id="r1l66" custom="readingOrder {index:65;}">
                <Coords points="437,3535 1293,3514 1318,3512 1317,3474 435,3494"/>
                <Baseline points="442,3530 485,3528 529,3526 572,3525 616,3523 659,3522 703,3520 746,3518 790,3517 833,3516 877,3514 920,3513 964,3511 1007,3510 1051,3509 1094,3507 1138,3506 1181,3504 1225,3502 1268,3500 1312,3498"/>
                <TextEquiv>
                    <Unicode>giovaniesime scuole, pur conservandosi fe¬</Unicode>
                </TextEquiv>
            </TextLine>
            <TextLine id="r1l67" custom="readingOrder {index:66;}">
                <Coords points="445,3597 1221,3572 1317,3533 990,3518 443,3558"/>
                <Baseline points="449,3577 492,3575 535,3574 578,3572 621,3571 664,3570 707,3568 751,3567 794,3566 837,3565 880,3563 923,3561 966,3560 1009,3558 1053,3557 1096,3555 1139,3554 1182,3553 1225,3551 1268,3549 1312,3548"/>
                <TextEquiv>
                    <Unicode>dele al vangelo naturalistico di Maupas¬</Unicode>
                </TextEquiv>
            </TextLine>
            <TextLine id="r1l68" custom="readingOrder {index:67;}">
                <Coords points="441,3633 1319,3598 1296,3569 1128,3565 440,3600"/>
                <Baseline points="446,3624 489,3623 532,3622 576,3621 619,3619 662,3618 706,3617 749,3615 792,3614 836,3612 879,3610 922,3609 966,3607 1009,3605 1052,3604 1096,3603 1139,3601 1182,3600 1226,3600 1269,3599 1313,3599"/>
                <TextEquiv>
                    <Unicode>sant e di Zola, quale pud essere inteso e</Unicode>
                </TextEquiv>
            </TextLine>
            <TextLine id="r1l69" custom="readingOrder {index:68;}">
                <Coords points="438,3672 615,3694 964,3655 1206,3677 1312,3648 1273,3605 1208,3640 1085,3615 438,3650"/>
                <Baseline points="444,3675 487,3674 530,3672 573,3671 616,3669 659,3667 702,3665 746,3664 789,3662 832,3660 875,3659 918,3657 961,3655 1004,3654 1048,3652 1091,3651 1134,3650 1177,3649 1220,3648 1263,3648 1307,3647"/>
                <TextEquiv>
                    <Unicode>applicato da un tedesco 3: Vienna, egli</Unicode>
                </TextEquiv>
            </TextLine>
            <TextLine id="r1l70" custom="readingOrder {index:69;}">
                <Coords points="432,3715 1269,3706 1313,3698 1312,3667 431,3691"/>
                <Baseline points="438,3724 481,3723 524,3723 568,3721 611,3720 655,3718 698,3717 742,3715 785,3713 829,3711 872,3710 915,3708 959,3706 1002,3704 1046,3703 1089,3701 1133,3700 1176,3699 1220,3699 1263,3699 1307,3698"/>
                <TextEquiv>
                    <Unicode>mostra di non essere insensibile a certe</Unicode>
                </TextEquiv>
            </TextLine>
            <TextLine id="r1l71" custom="readingOrder {index:70;}">
                <Coords points="438,3765 1286,3764 1314,3716 437,3742"/>
                <Baseline points="444,3772 487,3770 530,3768 573,3766 617,3764 660,3763 703,3761 746,3760 790,3760 833,3758 876,3757 919,3757 963,3756 1006,3755 1049,3754 1092,3753 1136,3752 1179,3750 1222,3748 1265,3747 1309,3744"/>
                <TextEquiv>
                    <Unicode>innovazioni tecniche (p. es, il romanzo,</Unicode>
                </TextEquiv>
            </TextLine>
            <TextLine id="r1l72" custom="readingOrder {index:71;}">
                <Coords points="448,3830 963,3801 1108,3820 1308,3798 1316,3770 447,3797"/>
                <Baseline points="453,3819 495,3818 538,3817 581,3815 624,3814 667,3813 710,3811 753,3809 796,3808 839,3806 882,3805 924,3803 967,3802 1010,3800 1053,3799 1096,3798 1139,3797 1182,3796 1225,3796 1268,3795 1311,3795"/>
                <TextEquiv>
                    <Unicode>ridotto a un immenso monologo),e a</Unicode>
                </TextEquiv>
            </TextLine>
            <TextLine id="r1l73" custom="readingOrder {index:72;}">
                <Coords points="443,3860 786,3880 1319,3852 1318,3809 1292,3806 443,3844"/>
                <Baseline points="449,3871 492,3868 535,3867 578,3865 621,3864 665,3862 708,3861 751,3860 794,3859 837,3858 881,3856 924,3855 967,3854 1010,3853 1053,3852 1097,3851 1140,3849 1183,3848 1226,3846 1269,3844 1313,3841"/>
                <TextEquiv>
                    <Unicode>un certo sveltimento stilistico, o intensità</Unicode>
                </TextEquiv>
            </TextLine>
            <TextLine id="r1l74" custom="readingOrder {index:73;}">
                <Coords points="451,3923 1067,3922 1292,3904 1318,3873 863,3864 451,3898"/>
                <Baseline points="457,3917 499,3916 542,3916 585,3915 628,3914 671,3913 713,3912 756,3911 799,3910 842,3908 885,3906 927,3905 970,3904 1013,3902 1056,3900 1099,3899 1141,3898 1184,3896 1227,3895 1270,3894 1313,3893"/>
                <TextEquiv>
                    <Unicode>espressiva, corrispondente all’esigenza della</Unicode>
                </TextEquiv>
            </TextLine>
            <TextLine id="r1l75" custom="readingOrder {index:74;}">
                <Coords points="448,3976 911,3964 977,3939 864,3920 805,3930 777,3913 660,3933 616,3915 579,3938 502,3929 447,3946"/>
                <Baseline points="453,3969 478,3967 504,3966 530,3964 556,3963 582,3962 608,3961 634,3959 660,3958 686,3958 712,3957 737,3956 763,3955 789,3954 815,3954 841,3953 867,3952 893,3951 919,3950 945,3949 971,3947"/>
                <TextEquiv>
                    <Unicode>giovanissima letteratura.</Unicode>
                </TextEquiv>
            </TextLine>
            <TextLine id="r1l76" custom="readingOrder {index:75;}">
                <Coords points="492,4014 597,4036 629,4015 1069,4021 1153,3986 1313,4000 1311,3964 1163,3951 491,3982"/>
                <Baseline points="498,4016 538,4014 578,4013 619,4011 659,4010 700,4008 740,4007 781,4006 821,4004 862,4003 902,4002 942,4001 983,4000 1023,3998 1064,3997 1104,3996 1145,3995 1185,3994 1226,3993 1266,3992 1307,3991"/>
                <TextEquiv>
                    <Unicode>In ogni caso, si tratta di lavori interes¬</Unicode>
                </TextEquiv>
            </TextLine>
            <TextLine id="r1l77" custom="readingOrder {index:76;}">
                <Coords points="447,4074 1326,4046 1285,4005 1154,3986 1063,4021 446,4038"/>
                <Baseline points="452,4060 495,4059 538,4059 582,4058 625,4057 669,4055 712,4055 755,4053 799,4052 842,4051 886,4050 929,4048 972,4047 1016,4046 1059,4044 1103,4043 1146,4041 1189,4040 1233,4039 1276,4038 1320,4037"/>
                <TextEquiv>
                    <Unicode>santi, che meritavano d’essere tradotti, as¬</Unicode>
                </TextEquiv>
            </TextLine>
            <TextEquiv>
                <Unicode>Diego Angeli.
LULTIMO
SCHNITZLER
Viennese fin nel midollo delle ossa, Arthur
Schnitzler, era noto, fino a pochi anni fa,
in Italia, soltanto per certe novellette dia¬
logate, tradotte con gusto, e commentate
con intelligenza, dal nostro compianto Ce¬
sare Levi.
In realtà, erano state appunto quelle
novelle, raccolte in Anatol, Märchen e
Liebelei, nell'ultimo decennio del sccolo
scorso, a dare la prima fama al giovine
medico della çapitale austriaca, e a fargli
subito attribuire quella caratteristica di
aletizia sentimentale,, che essendo propria,
per comune consenso, della vita mondana
viennese, dell’operetta viennese, dei valzer
viennesi, e insomma di tutto cio che, almeno
sino allo scoppio della Guerra, era consi¬
derato squisitamente viennese, lo fece sü¬
bito passare come l' interprete piu fedele
e geniale dell’anima viennese.
Ma i racconti, ben piu solidi e vasti, e 1
drammi, ben piu profondi, che Schnitzler
fece seguire, all’alba del nuovo secolo, po¬
tevano forse mettersi anchra sotto 1 in¬
segna del sentimentalismo e della frivolezza,
come le precedenti novelle e scenette?
In realtà, Schnitzler s'#é lentamente evo¬
luto, e, se proprio si voglia continuare a
considerarlo l'interprete dell’amima della
capitale austriaca, occorre dire che, come
é stato il poeta della sua floridezza, é stato
anche — come lo salutó, nei sessantesimo
compleanno, Hermann Bahr — dil poeta
della sua agonia:: c oggi pud passare,
come il poeta della nuova Vienna, scoro¬
natae dolente, forse ancöra sorridente,
ma d’un disperato sorriso.
Certo, chi legga i piu recenti romanzi di
Schnitzler, e precisamente quelli che sono
testé apparsi nella versione italiana, non
pud non raffigurarsi un autore ben diverso,
nello spirito e nella forma, dall’esordiente:
né pud trattenersi dal considerare I## riforno
di Casanova (Ed. Sperling e Kupfer, Mi¬
lano), pubblicato primamente nel ’18, come
la trasposizione storica della moribonda
società viennese d’anteguerra; né La sti¬
gnorina Elsa e Teresa (Ed. Modernissima,
Milano), apparsi rispettivamente nei 24
e nel 28, come gli studi realistici e pro¬
fondi delle condizioni psichiche e sociali
viennesi del dopoguerra.
Lo spirito dello scrittore 6 diverso da
quello d’un tempo, in quanto, ora, egli
non s’appaga di cogliere le contradizioni
superficiali, i dissidi%eriori, ma vuol pe¬
netrare nell' intimo delle anime; né ama
i giochi eleganti ed arguti del Witz, ma
preferisce svelare tristi e sanguinanti verità,
E, quasi altrettanto, diversa é la forma,
in quanto, pur tenendosi lontano dagli ec¬
cessi e dalle esasperazioni delle giovani e
giovaniesime scuole, pur conservandosi fe¬
dele al vangelo naturalistico di Maupas¬
sant e di Zola, quale pud essere inteso e
applicato da un tedesco 3: Vienna, egli
mostra di non essere insensibile a certe
innovazioni tecniche (p. es, il romanzo,
ridotto a un immenso monologo),e a
un certo sveltimento stilistico, o intensità
espressiva, corrispondente all’esigenza della
giovanissima letteratura.
In ogni caso, si tratta di lavori interes¬
santi, che meritavano d’essere tradotti, as¬</Unicode>
            </TextEquiv>
        </TextRegion>
        <TextRegion orientation="0.0" id="r2" custom="readingOrder {index:1;}">
            <Coords points="1283,66 1283,4048 2239,4048 2239,66"/>
            <TextLine id="r2l1" custom="readingOrder {index:0;}">
                <Coords points="1291,114 2131,101 2139,72 1291,77"/>
                <Baseline points="1297,98 1338,99 1380,100 1422,100 1464,101 1506,100 1547,100 1589,100 1631,99 1673,98 1715,97 1756,96 1798,95 1840,94 1882,93 1924,92 1965,91 2007,91 2049,90 2091,90 2133,89"/>
                <TextEquiv>
                    <Unicode>al ricordo di lui, come all'unica ragione</Unicode>
                </TextEquiv>
            </TextLine>
            <TextLine id="r2l2" custom="readingOrder {index:1;}">
                <Coords points="1277,156 2146,141 2030,102 1579,104 1510,130 1277,112"/>
                <Baseline points="1283,150 1325,150 1368,150 1411,149 1454,149 1497,149 1540,148 1583,148 1626,147 1669,147 1712,146 1754,146 1797,145 1840,145 1883,144 1926,144 1969,143 2012,143 2055,142 2098,142 2141,142"/>
                <TextEquiv>
                    <Unicode>della sua esistenza; peggio che odlioso,</Unicode>
                </TextEquiv>
            </TextLine>
            <TextLine id="r2l3" custom="readingOrder {index:2;}">
                <Coords points="1282,212 2150,204 2150,166 1375,155 1281,178"/>
                <Baseline points="1287,198 1329,198 1372,199 1415,198 1458,198 1501,198 1544,197 1587,196 1630,195 1673,194 1716,193 1758,192 1801,192 1844,191 1887,190 1930,189 1973,189 2016,189 2059,189 2102,189 2145,190"/>
                <TextEquiv>
                    <Unicode>quando, per un cieco furore d’umiliazione,</Unicode>
                </TextEquiv>
            </TextLine>
            <TextLine id="r2l4" custom="readingOrder {index:3;}">
                <Coords points="1280,268 2115,247 2140,201 1751,222 1609,200 1491,226 1446,204 1279,234"/>
                <Baseline points="1285,247 1327,247 1370,247 1412,247 1455,247 1497,246 1540,246 1582,245 1625,244 1667,243 1710,242 1752,241 1795,240 1837,240 1880,238 1922,238 1965,237 2007,237 2050,236 2092,236 2135,236"/>
                <TextEquiv>
                    <Unicode>approfitta bestialmente della precoce sen¬</Unicode>
                </TextEquiv>
            </TextLine>
            <TextLine id="r2l5" custom="readingOrder {index:4;}">
                <Coords points="1283,304 2141,291 2140,265 2090,248 1283,268"/>
                <Baseline points="1289,295 1331,295 1373,294 1415,294 1458,293 1500,293 1542,292 1585,291 1627,290 1669,290 1712,289 1754,288 1796,288 1838,287 1881,286 1923,286 1965,285 2008,285 2050,285 2092,284 2135,284"/>
                <TextEquiv>
                    <Unicode>sualità di una bambina di colei; o quando,</Unicode>
                </TextEquiv>
            </TextLine>
            <TextLine id="r2l6" custom="readingOrder {index:5;}">
                <Coords points="1285,348 2094,349 2152,336 2152,312 1285,319"/>
                <Baseline points="1290,343 1332,342 1375,342 1418,341 1461,341 1504,340 1547,340 1589,340 1632,339 1675,339 1718,339 1761,338 1804,338 1847,337 1889,337 1932,337 1975,336 2018,336 2061,336 2104,335 2147,335"/>
                <TextEquiv>
                    <Unicode>non potendo altrimenti conquistare una</Unicode>
                </TextEquiv>
            </TextLine>
            <TextLine id="r2l7" custom="readingOrder {index:6;}">
                <Coords points="1284,389 2157,387 2156,344 2091,372 1947,348 1284,358"/>
                <Baseline points="1289,388 1332,389 1375,389 1418,389 1461,389 1504,389 1547,389 1590,389 1633,388 1676,387 1720,387 1763,386 1806,386 1849,385 1892,384 1935,384 1978,383 2021,382 2064,382 2107,382 2151,381"/>
                <TextEquiv>
                    <Unicode>bellissima e intelligentissima studentessa, si</Unicode>
                </TextEquiv>
            </TextLine>
            <TextLine id="r2l8" custom="readingOrder {index:7;}">
                <Coords points="1292,444 2083,454 2159,406 1292,411"/>
                <Baseline points="1298,437 1340,438 1383,438 1426,437 1469,437 1512,437 1554,437 1597,436 1640,436 1683,435 1726,435 1768,434 1811,434 1854,434 1897,433 1940,433 1982,432 2025,432 2068,432 2111,432 2154,432"/>
                <TextEquiv>
                    <Unicode>vale di certe straordinarie circostanze, per</Unicode>
                </TextEquiv>
            </TextLine>
            <TextLine id="r2l9" custom="readingOrder {index:8;}">
                <Coords points="1295,500 2116,500 2158,487 2158,452 1295,464"/>
                <Baseline points="1301,485 1343,485 1386,486 1428,486 1471,486 1514,486 1556,486 1599,486 1641,486 1684,485 1727,485 1769,485 1812,484 1854,484 1897,484 1940,483 1982,483 2025,483 2067,482 2110,482 2153,482"/>
                <TextEquiv>
                    <Unicode>sostituirsi al giovine amante di lei in un</Unicode>
                </TextEquiv>
            </TextLine>
            <TextLine id="r2l10" custom="readingOrder {index:9;}">
                <Coords points="1289,544 2154,535 2154,501 2108,497 1289,499"/>
                <Baseline points="1294,537 1336,536 1379,536 1422,535 1464,535 1507,535 1550,535 1592,534 1635,534 1678,534 1721,534 1763,534 1806,534 1849,533 1891,533 1934,532 1977,532 2019,531 2062,529 2105,528 2148,526"/>
                <TextEquiv>
                    <Unicode>convegno notturno. Umano, nel suo tor¬</Unicode>
                </TextEquiv>
            </TextLine>
            <TextLine id="r2l11" custom="readingOrder {index:10;}">
                <Coords points="1290,597 2075,593 2148,562 2006,540 1962,563 1928,544 1289,565"/>
                <Baseline points="1295,589 1337,588 1379,586 1422,586 1464,584 1507,584 1549,583 1591,583 1634,583 1676,582 1719,582 1761,582 1803,582 1846,581 1888,581 1931,580 1973,580 2015,579 2058,577 2100,576 2143,574"/>
                <TextEquiv>
                    <Unicode>mento di seduttore respinto, nella sua rab¬</Unicode>
                </TextEquiv>
            </TextLine>
            <TextLine id="r2l12" custom="readingOrder {index:11;}">
                <Coords points="1296,640 1648,654 2163,626 2162,596 2120,587 1788,620 1746,596 1677,621 1596,596 1295,598"/>
                <Baseline points="1301,639 1343,639 1386,638 1429,637 1472,636 1515,636 1557,635 1600,634 1643,633 1686,632 1729,632 1771,631 1814,630 1857,629 1900,629 1943,628 1985,627 2028,626 2071,626 2114,625 2157,625"/>
                <TextEquiv>
                    <Unicode>bia d’ impotenza, nella sua angoscia di</Unicode>
                </TextEquiv>
            </TextLine>
            <TextLine id="r2l13" custom="readingOrder {index:12;}">
                <Coords points="1297,690 1919,696 2026,671 2100,694 2171,662 1948,632 1862,664 1752,641 1612,645 1579,672 1523,650 1296,660"/>
                <Baseline points="1303,689 1346,689 1389,689 1432,688 1475,688 1518,687 1561,687 1604,686 1647,685 1690,684 1734,683 1777,682 1820,681 1863,680 1906,679 1949,678 1992,678 2035,677 2078,676 2121,676 2165,675"/>
                <TextEquiv>
                    <Unicode>amante, che, riconc =ciuto all'alba dopo</Unicode>
                </TextEquiv>
            </TextLine>
            <TextLine id="r2l14" custom="readingOrder {index:13;}">
                <Coords points="1302,748 2156,727 2155,696 2060,686 1301,716"/>
                <Baseline points="1307,741 1349,740 1391,739 1433,737 1475,736 1518,735 1560,734 1602,734 1644,732 1686,732 1729,731 1771,730 1813,729 1855,729 1897,728 1940,727 1982,726 2024,724 2066,723 2108,722 2151,721"/>
                <TextEquiv>
                    <Unicode>quella notte d’amore ottenuta con atroce</Unicode>
                </TextEquiv>
            </TextLine>
            <TextLine id="r2l15" custom="readingOrder {index:14;}">
                <Coords points="1290,785 1466,807 2101,788 2153,775 2152,733 1289,760"/>
                <Baseline points="1295,786 1337,786 1380,786 1422,785 1465,785 1508,784 1550,783 1593,782 1635,781 1678,780 1721,780 1763,779 1806,778 1848,777 1891,776 1934,775 1976,774 2019,774 2061,773 2104,773 2147,773"/>
                <TextEquiv>
                    <Unicode>inganno, provoca nella fanciulla un visi¬</Unicode>
                </TextEquiv>
            </TextLine>
            <TextLine id="r2l16" custom="readingOrder {index:15;}">
                <Coords points="1290,825 1340,847 2109,837 2154,825 2154,789 1290,809"/>
                <Baseline points="1295,831 1337,831 1380,831 1423,831 1465,831 1508,831 1551,831 1593,831 1636,831 1679,830 1722,830 1764,830 1807,829 1850,829 1892,828 1935,827 1978,826 2020,825 2063,823 2106,822 2149,820"/>
                <TextEquiv>
                    <Unicode>bile orrore, fisico, piu che morale; infine,</Unicode>
                </TextEquiv>
            </TextLine>
            <TextLine id="r2l17" custom="readingOrder {index:16;}">
                <Coords points="1286,886 2152,888 2152,840 1286,864"/>
                <Baseline points="1291,881 1333,881 1376,881 1419,881 1462,880 1505,880 1547,879 1590,879 1633,879 1676,878 1719,877 1761,877 1804,876 1847,875 1890,874 1933,873 1975,872 2018,872 2061,870 2104,869 2147,868"/>
                <TextEquiv>
                    <Unicode>nel suo #crescendos di esaltazione e di¬</Unicode>
                </TextEquiv>
            </TextLine>
            <TextLine id="r2l18" custom="readingOrder {index:17;}">
                <Coords points="1297,950 1320,945 1334,954 1374,937 1430,945 1457,932 1494,946 1512,933 1547,934 1547,919 1487,898 1478,904 1437,896 1412,908 1384,889 1344,908 1296,907"/>
                <Baseline points="1302,932 1328,931 1355,931 1381,930 1408,929 1434,928 1461,927 1487,927 1514,927 1541,927"/>
                <TextEquiv>
                    <Unicode>sperazione.</Unicode>
                </TextEquiv>
            </TextLine>
            <TextLine id="r2l19" custom="readingOrder {index:18;}">
                <Coords points="1342,995 2162,980 2161,938 2009,922 1830,949 1690,930 1580,956 1526,933 1486,958 1341,950"/>
                <Baseline points="1347,975 1387,978 1427,979 1468,980 1508,981 1549,981 1589,980 1630,979 1670,979 1711,977 1751,976 1791,975 1832,974 1872,973 1913,971 1953,971 1994,970 2034,970 2075,970 2115,971 2156,972"/>
                <TextEquiv>
                    <Unicode>Anche La signorina Elsc. zome II ritorno</Unicode>
                </TextEquiv>
            </TextLine>
            <TextLine id="r2l20" custom="readingOrder {index:19;}">
                <Coords points="1301,1042 2138,1033 2154,984 1339,988 1301,1010"/>
                <Baseline points="1307,1027 1349,1027 1391,1027 1433,1026 1475,1026 1517,1025 1559,1025 1601,1024 1643,1023 1685,1023 1728,1022 1770,1021 1812,1021 1854,1020 1896,1020 1938,1019 1980,1019 2022,1019 2064,1019 2106,1020 2149,1020"/>
                <TextEquiv>
                    <Unicode>di Casanova, &amp; una lunga novella: solo che,</Unicode>
                </TextEquiv>
            </TextLine>
            <TextLine id="r2l21" custom="readingOrder {index:20;}">
                <Coords points="1313,1098 1787,1070 2164,1085 2163,1042 2090,1027 2027,1057 1938,1031 1312,1055"/>
                <Baseline points="1318,1078 1360,1078 1402,1077 1444,1076 1486,1076 1528,1075 1570,1074 1612,1073 1654,1073 1696,1072 1738,1072 1780,1071 1822,1070 1864,1070 1906,1070 1948,1069 1990,1069 2032,1068 2074,1068 2116,1068 2158,1068"/>
                <TextEquiv>
                    <Unicode>qui, con procedimento analogo a quello</Unicode>
                </TextEquiv>
            </TextLine>
            <TextLine id="r2l22" custom="readingOrder {index:21;}">
                <Coords points="1295,1144 2174,1134 2173,1094 2123,1078 1295,1099"/>
                <Baseline points="1301,1131 1344,1129 1387,1128 1431,1127 1474,1126 1517,1124 1561,1123 1604,1123 1647,1122 1691,1121 1734,1120 1777,1120 1821,1119 1864,1119 1907,1118 1951,1118 1994,1118 2037,1117 2081,1117 2124,1117 2168,1118"/>
                <TextEquiv>
                    <Unicode>gia adoperato con tanto successo, dallo</Unicode>
                </TextEquiv>
            </TextLine>
            <TextLine id="r2l23" custom="readingOrder {index:22;}">
                <Coords points="1298,1179 1597,1196 2173,1163 2172,1140 2096,1127 1466,1154 1432,1132 1298,1160"/>
                <Baseline points="1303,1177 1346,1176 1389,1176 1432,1175 1475,1174 1519,1173 1562,1172 1605,1172 1648,1171 1691,1170 1735,1169 1778,1168 1821,1168 1864,1167 1907,1167 1951,1166 1994,1166 2037,1166 2080,1166 2123,1166 2167,1166"/>
                <TextEquiv>
                    <Unicode>stesso scrittore, in Leutnant Gestl, uomini e</Unicode>
                </TextEquiv>
            </TextLine>
            <TextLine id="r2l24" custom="readingOrder {index:23;}">
                <Coords points="1304,1233 1754,1218 1881,1240 2031,1210 2124,1231 2169,1217 2168,1175 1303,1201"/>
                <Baseline points="1309,1231 1351,1230 1394,1230 1437,1229 1479,1228 1522,1227 1565,1226 1607,1225 1650,1223 1693,1222 1736,1221 1778,1220 1821,1219 1864,1218 1906,1217 1949,1216 1992,1215 2034,1215 2077,1214 2120,1214 2163,1214"/>
                <TextEquiv>
                    <Unicode>cose sono presentati mediante un unico</Unicode>
                </TextEquiv>
            </TextLine>
            <TextLine id="r2l25" custom="readingOrder {index:24;}">
                <Coords points="1306,1285 2174,1263 2137,1227 1305,1245"/>
                <Baseline points="1311,1279 1353,1278 1396,1277 1439,1276 1482,1275 1525,1274 1568,1273 1611,1271 1654,1270 1697,1269 1740,1268 1782,1267 1825,1267 1868,1266 1911,1265 1954,1264 1997,1264 2040,1263 2083,1263 2126,1262 2169,1262"/>
                <TextEquiv>
                    <Unicode>monologo ossia mediante l'annotazione di</Unicode>
                </TextEquiv>
            </TextLine>
            <TextLine id="r2l26" custom="readingOrder {index:25;}">
                <Coords points="1299,1333 2105,1331 2180,1315 2179,1266 1298,1298"/>
                <Baseline points="1304,1330 1347,1328 1391,1326 1434,1325 1478,1324 1521,1323 1565,1322 1608,1320 1652,1320 1695,1319 1739,1318 1783,1317 1826,1317 1870,1316 1913,1316 1957,1315 2000,1315 2044,1315 2087,1314 2131,1314 2175,1314"/>
                <TextEquiv>
                    <Unicode>tutte le idee, impressioni, visioni, suoni ed</Unicode>
                </TextEquiv>
            </TextLine>
            <TextLine id="r2l27" custom="readingOrder {index:26;}">
                <Coords points="1299,1383 2145,1375 2173,1344 1299,1352"/>
                <Baseline points="1305,1377 1348,1376 1391,1375 1434,1375 1477,1374 1520,1373 1563,1372 1606,1371 1649,1370 1692,1369 1736,1368 1779,1367 1822,1366 1865,1365 1908,1364 1951,1363 1994,1363 2037,1362 2080,1362 2123,1361 2167,1361"/>
                <TextEquiv>
                    <Unicode>immagini, che passano per la mente e i</Unicode>
                </TextEquiv>
            </TextLine>
            <TextLine id="r2l28" custom="readingOrder {index:27;}">
                <Coords points="1317,1439 2175,1409 2174,1384 2042,1373 1316,1404"/>
                <Baseline points="1322,1425 1364,1424 1406,1423 1449,1422 1491,1421 1533,1420 1576,1420 1618,1420 1660,1420 1703,1419 1745,1419 1787,1419 1830,1419 1872,1418 1914,1418 1957,1417 1999,1416 2041,1415 2084,1413 2126,1412 2169,1409"/>
                <TextEquiv>
                    <Unicode>sensi d’una fanciulla, durante quelle po¬</Unicode>
                </TextEquiv>
            </TextLine>
            <TextLine id="r2l29" custom="readingOrder {index:28;}">
                <Coords points="1320,1482 2174,1473 2130,1422 1959,1453 1769,1428 1320,1451"/>
                <Baseline points="1325,1471 1367,1472 1409,1472 1451,1472 1493,1472 1536,1471 1578,1471 1620,1470 1662,1470 1704,1469 1747,1468 1789,1467 1831,1466 1873,1466 1915,1465 1958,1465 2000,1464 2042,1464 2084,1463 2126,1463 2169,1463"/>
                <TextEquiv>
                    <Unicode>chissime ore, in cui si matura e scoppia</Unicode>
                </TextEquiv>
            </TextLine>
            <TextLine id="r2l30" custom="readingOrder {index:29;}">
                <Coords points="1323,1532 1424,1526 1456,1545 1533,1525 1596,1527 1613,1540 1741,1519 1740,1499 1681,1485 1482,1499 1418,1482 1391,1497 1322,1493"/>
                <Baseline points="1328,1522 1353,1521 1378,1521 1404,1521 1429,1521 1455,1520 1480,1520 1506,1520 1531,1519 1556,1519 1582,1518 1607,1518 1633,1517 1658,1517 1684,1516 1709,1516 1735,1515"/>
                <TextEquiv>
                    <Unicode>una strana tragedia.</Unicode>
                </TextEquiv>
            </TextLine>
            <TextLine id="r2l31" custom="readingOrder {index:30;}">
                <Coords points="1360,1573 2153,1569 2178,1560 2177,1520 1359,1536"/>
                <Baseline points="1365,1569 1405,1570 1445,1569 1486,1569 1526,1569 1567,1568 1607,1567 1647,1566 1688,1565 1728,1564 1769,1563 1809,1562 1849,1561 1890,1561 1930,1560 1971,1559 2011,1559 2051,1559 2092,1559 2132,1560 2173,1561"/>
                <TextEquiv>
                    <Unicode>Strana davvero: ché non accade tutt’ i</Unicode>
                </TextEquiv>
            </TextLine>
            <TextLine id="r2l32" custom="readingOrder {index:31;}">
                <Coords points="1307,1636 2180,1611 2179,1582 2134,1572 1307,1602"/>
                <Baseline points="1313,1628 1356,1626 1399,1625 1442,1623 1485,1622 1528,1620 1571,1619 1614,1618 1657,1617 1700,1617 1743,1616 1786,1615 1829,1615 1872,1614 1915,1614 1958,1613 2001,1613 2044,1613 2087,1613 2130,1613 2174,1613"/>
                <TextEquiv>
                    <Unicode>giorni che una mamma scriva alla figlia</Unicode>
                </TextEquiv>
            </TextLine>
            <TextLine id="r2l33" custom="readingOrder {index:32;}">
                <Coords points="1316,1676 2106,1671 2179,1640 2074,1618 1656,1648 1401,1628 1315,1652"/>
                <Baseline points="1321,1674 1363,1673 1406,1671 1448,1670 1491,1669 1534,1668 1576,1667 1619,1666 1662,1665 1704,1664 1747,1663 1790,1662 1832,1662 1875,1661 1918,1660 1960,1660 2003,1660 2046,1659 2088,1659 2131,1659 2174,1660"/>
                <TextEquiv>
                    <Unicode>ancör giovinetta, in vacanza in una stazione</Unicode>
                </TextEquiv>
            </TextLine>
            <TextLine id="r2l34" custom="readingOrder {index:33;}">
                <Coords points="1320,1728 2064,1726 2143,1719 2184,1672 1319,1698"/>
                <Baseline points="1325,1719 1367,1719 1410,1719 1453,1719 1495,1718 1538,1718 1581,1717 1623,1716 1666,1715 1709,1714 1752,1713 1794,1712 1837,1711 1880,1710 1922,1709 1965,1708 2008,1708 2050,1707 2093,1707 2136,1706 2179,1706"/>
                <TextEquiv>
                    <Unicode>climatica, supplicandola di salvare il padre</Unicode>
                </TextEquiv>
            </TextLine>
            <TextLine id="r2l35" custom="readingOrder {index:34;}">
                <Coords points="1318,1771 2173,1763 2172,1730 2074,1718 1318,1741"/>
                <Baseline points="1324,1774 1366,1771 1408,1770 1450,1768 1492,1767 1534,1766 1576,1765 1619,1764 1661,1763 1703,1763 1745,1762 1787,1761 1829,1761 1871,1760 1914,1760 1956,1759 1998,1758 2040,1757 2082,1756 2124,1755 2167,1754"/>
                <TextEquiv>
                    <Unicode>dall’arresto e dall’onta irreparabile, col do¬</Unicode>
                </TextEquiv>
            </TextLine>
            <TextLine id="r2l36" custom="readingOrder {index:35;}">
                <Coords points="1317,1823 2185,1808 2162,1758 2108,1782 1823,1770 1787,1795 1681,1774 1317,1790"/>
                <Baseline points="1323,1821 1365,1820 1408,1819 1451,1818 1494,1817 1537,1816 1579,1815 1622,1814 1665,1813 1708,1813 1751,1812 1793,1811 1836,1810 1879,1809 1922,1808 1965,1808 2007,1807 2050,1806 2093,1806 2136,1805 2179,1805"/>
                <TextEquiv>
                    <Unicode>mandare in prestito — il che significa, in</Unicode>
                </TextEquiv>
            </TextLine>
            <TextLine id="r2l37" custom="readingOrder {index:36;}">
                <Coords points="1313,1877 2191,1869 2190,1836 2139,1814 2081,1841 1913,1814 1812,1839 1439,1827 1313,1856"/>
                <Baseline points="1319,1879 1362,1875 1405,1871 1448,1869 1492,1867 1535,1865 1578,1864 1622,1863 1665,1862 1708,1861 1752,1861 1795,1861 1838,1860 1881,1860 1925,1860 1968,1860 2011,1859 2055,1859 2098,1858 2141,1856 2185,1855"/>
                <TextEquiv>
                    <Unicode>quelle circostanze, e per quell’uomo, gia</Unicode>
                </TextEquiv>
            </TextLine>
            <TextLine id="r2l38" custom="readingOrder {index:37;}">
                <Coords points="1325,1927 2096,1925 2190,1912 2190,1868 1325,1893"/>
                <Baseline points="1331,1920 1373,1918 1416,1916 1459,1915 1501,1914 1544,1912 1587,1912 1629,1911 1672,1911 1715,1910 1758,1910 1800,1910 1843,1910 1886,1909 1928,1909 1971,1908 2014,1908 2056,1907 2099,1906 2142,1905 2185,1903"/>
                <TextEquiv>
                    <Unicode>noto per i debiti e le irregolarità, farsi re¬</Unicode>
                </TextEquiv>
            </TextLine>
            <TextLine id="r2l39" custom="readingOrder {index:38;}">
                <Coords points="1319,1977 2048,1971 2184,1938 2027,1913 1846,1939 1390,1930 1319,1954"/>
                <Baseline points="1325,1971 1367,1968 1410,1965 1453,1964 1495,1962 1538,1961 1581,1960 1623,1959 1666,1959 1709,1958 1752,1958 1794,1957 1837,1957 1880,1957 1922,1956 1965,1956 2008,1955 2050,1954 2093,1953 2136,1952 2179,1950"/>
                <TextEquiv>
                    <Unicode>galare — la grossa somma necessaria; e in¬</Unicode>
                </TextEquiv>
            </TextLine>
            <TextLine id="r2l40" custom="readingOrder {index:39;}">
                <Coords points="1322,2024 2147,2011 2187,1973 1322,1991"/>
                <Baseline points="1328,2016 1370,2014 1413,2014 1455,2013 1498,2012 1541,2011 1583,2010 1626,2010 1669,2009 1711,2008 1754,2008 1797,2007 1839,2006 1882,2006 1925,2005 1967,2004 2010,2003 2053,2002 2095,2001 2138,1999 2181,1998"/>
                <TextEquiv>
                    <Unicode>dirizzandola proprio a quel vecchio e ri¬</Unicode>
                </TextEquiv>
            </TextLine>
            <TextLine id="r2l41" custom="readingOrder {index:40;}">
                <Coords points="1332,2081 1691,2076 1730,2052 1818,2070 1911,2044 2016,2069 2195,2059 2158,2021 1981,2013 1331,2031"/>
                <Baseline points="1337,2069 1379,2067 1422,2065 1464,2064 1507,2062 1550,2061 1592,2060 1635,2059 1677,2058 1720,2057 1763,2056 1805,2055 1848,2055 1890,2054 1933,2053 1976,2053 2018,2051 2061,2051 2103,2049 2146,2048 2189,2047"/>
                <TextEquiv>
                    <Unicode>pugnante libertino, che da #nalche anno</Unicode>
                </TextEquiv>
            </TextLine>
            <TextLine id="r2l42" custom="readingOrder {index:41;}">
                <Coords points="1324,2125 2181,2109 2188,2063 1323,2091"/>
                <Baseline points="1329,2118 1371,2115 1414,2113 1457,2111 1499,2110 1542,2109 1585,2108 1627,2107 1670,2107 1713,2106 1756,2106 1798,2105 1841,2105 1884,2105 1926,2104 1969,2104 2012,2103 2054,2102 2097,2102 2140,2100 2183,2099"/>
                <TextEquiv>
                    <Unicode>frequenta la loro casa, e ha mostrata una</Unicode>
                </TextEquiv>
            </TextLine>
            <TextLine id="r2l43" custom="readingOrder {index:42;}">
                <Coords points="1322,2172 2197,2162 2196,2131 2110,2112 1321,2127"/>
                <Baseline points="1327,2167 1370,2165 1413,2163 1456,2161 1499,2159 1543,2158 1586,2157 1629,2156 1672,2156 1715,2155 1759,2155 1802,2154 1845,2154 1888,2153 1931,2153 1975,2152 2018,2152 2061,2151 2104,2149 2147,2148 2191,2146"/>
                <TextEquiv>
                    <Unicode>inconfessabile simpatia per la giovanissima</Unicode>
                </TextEquiv>
            </TextLine>
            <TextLine id="r2l44" custom="readingOrder {index:43;}">
                <Coords points="1333,2216 2185,2218 2184,2166 2135,2161 1332,2174"/>
                <Baseline points="1338,2214 1380,2213 1422,2212 1464,2211 1506,2210 1548,2209 1590,2208 1632,2207 1674,2206 1716,2204 1758,2204 1800,2202 1842,2201 1884,2200 1926,2199 1968,2198 2010,2198 2052,2197 2094,2197 2136,2196 2179,2196"/>
                <TextEquiv>
                    <Unicode>Elsa. Né é un fatto ordinario che questa,</Unicode>
                </TextEquiv>
            </TextLine>
            <TextLine id="r2l45" custom="readingOrder {index:44;}">
                <Coords points="1333,2267 2113,2269 2201,2263 2200,2221 1332,2238"/>
                <Baseline points="1338,2265 1380,2263 1423,2261 1466,2259 1509,2258 1552,2257 1595,2255 1637,2255 1680,2254 1723,2253 1766,2252 1809,2251 1852,2251 1895,2250 1937,2250 1980,2249 2023,2248 2066,2247 2109,2247 2152,2246 2195,2244"/>
                <TextEquiv>
                    <Unicode>tra mille ondeggiamenti e contradizioni, si</Unicode>
                </TextEquiv>
            </TextLine>
            <TextLine id="r2l46" custom="readingOrder {index:45;}">
                <Coords points="1331,2321 2134,2312 2190,2269 1819,2257 1769,2280 1330,2290"/>
                <Baseline points="1336,2314 1378,2312 1420,2311 1463,2309 1505,2308 1548,2307 1590,2306 1633,2305 1675,2303 1718,2303 1760,2302 1802,2301 1845,2300 1887,2300 1930,2299 1972,2298 2015,2298 2057,2297 2100,2296 2142,2295 2185,2294"/>
                <TextEquiv>
                    <Unicode>faccia forza e s’umili a richiedere la somma:</Unicode>
                </TextEquiv>
            </TextLine>
            <TextLine id="r2l47" custom="readingOrder {index:46;}">
                <Coords points="1337,2374 2197,2347 2196,2318 2144,2306 1336,2330"/>
                <Baseline points="1342,2366 1384,2363 1426,2361 1469,2359 1511,2357 1554,2356 1596,2354 1639,2353 1681,2352 1724,2351 1766,2350 1808,2350 1851,2349 1893,2348 1936,2348 1978,2347 2021,2346 2063,2345 2106,2344 2148,2342 2191,2341"/>
                <TextEquiv>
                    <Unicode>e poiché quel vecchiardo le pone per condi¬</Unicode>
                </TextEquiv>
            </TextLine>
            <TextLine id="r2l48" custom="readingOrder {index:47;}">
                <Coords points="1337,2427 2174,2407 2195,2357 1336,2388"/>
                <Baseline points="1342,2416 1384,2414 1426,2413 1469,2412 1511,2410 1554,2408 1596,2407 1639,2406 1681,2404 1724,2403 1766,2401 1808,2400 1851,2399 1893,2397 1936,2396 1978,2395 2021,2395 2063,2394 2106,2394 2148,2393 2191,2393"/>
                <TextEquiv>
                    <Unicode>zione di farsi ammirare nuda, s induca ad</Unicode>
                </TextEquiv>
            </TextLine>
            <TextLine id="r2l49" custom="readingOrder {index:48;}">
                <Coords points="1344,2471 2195,2446 2194,2417 2127,2404 2028,2430 1881,2408 1343,2432"/>
                <Baseline points="1350,2466 1394,2465 1438,2464 1482,2462 1526,2460 1570,2458 1614,2456 1659,2455 1703,2453 1747,2451 1791,2450 1835,2448 1879,2447 1924,2446 1968,2445 2012,2445 2056,2444 2100,2444 2144,2445 2189,2446"/>
                <TextEquiv>
                    <Unicode>aprire il suo mantello sulla sua nudità,</Unicode>
                </TextEquiv>
            </TextLine>
            <TextLine id="r2l50" custom="readingOrder {index:49;}">
                <Coords points="1334,2518 2197,2506 2196,2468 2154,2457 2069,2479 2000,2456 1333,2478"/>
                <Baseline points="1340,2514 1382,2513 1425,2512 1467,2510 1510,2509 1552,2508 1595,2506 1637,2505 1680,2503 1722,2502 1765,2499 1808,2498 1850,2497 1893,2495 1935,2494 1978,2493 2020,2493 2063,2492 2105,2492 2148,2493 2191,2493"/>
                <TextEquiv>
                    <Unicode>dinanzi a quell'uomo e dinanzi a tutti,</Unicode>
                </TextEquiv>
            </TextLine>
            <TextLine id="r2l51" custom="readingOrder {index:50;}">
                <Coords points="1345,2572 2167,2554 2201,2546 2200,2504 2088,2529 1862,2506 1344,2538"/>
                <Baseline points="1350,2562 1392,2561 1434,2559 1476,2558 1519,2557 1561,2556 1603,2555 1646,2554 1688,2553 1730,2552 1773,2551 1815,2550 1857,2549 1899,2548 1942,2547 1984,2546 2026,2545 2069,2545 2111,2544 2153,2543 2196,2542"/>
                <TextEquiv>
                    <Unicode>nell’ hall dell’albergo; e, finalmente, deli¬</Unicode>
                </TextEquiv>
            </TextLine>
            <TextLine id="r2l52" custom="readingOrder {index:51;}">
                <Coords points="1338,2626 2203,2590 2202,2565 2030,2547 1337,2588"/>
                <Baseline points="1343,2613 1385,2611 1428,2609 1471,2607 1513,2605 1556,2604 1599,2603 1641,2602 1684,2601 1727,2600 1770,2599 1812,2598 1855,2597 1898,2596 1940,2596 1983,2595 2026,2594 2068,2593 2111,2592 2154,2590 2197,2588"/>
                <TextEquiv>
                    <Unicode>rando, beva una forte dose letale di ve¬</Unicode>
                </TextEquiv>
            </TextLine>
            <TextLine id="r2l53" custom="readingOrder {index:52;}">
                <Coords points="1356,2671 1372,2665 1383,2669 1391,2663 1405,2670 1414,2664 1429,2666 1434,2661 1440,2665 1453,2660 1477,2665 1476,2629 1462,2628 1452,2621 1445,2626 1428,2618 1386,2634 1380,2630 1370,2636 1354,2637"/>
                <Baseline points="1361,2659 1388,2658 1416,2656 1443,2655 1471,2655"/>
                <TextEquiv>
                    <Unicode>vonal.</Unicode>
                </TextEquiv>
            </TextLine>
            <TextLine id="r2l54" custom="readingOrder {index:53;}">
                <Coords points="1379,2700 1524,2728 1562,2706 2196,2697 2195,2659 2043,2643 1976,2666 1767,2651 1379,2682"/>
                <Baseline points="1385,2706 1425,2705 1465,2704 1505,2703 1546,2701 1586,2701 1626,2699 1667,2698 1707,2697 1747,2696 1788,2695 1828,2694 1868,2693 1908,2692 1949,2691 1989,2690 2029,2690 2070,2689 2110,2689 2150,2689 2191,2689"/>
                <TextEquiv>
                    <Unicode>Strana tragedia, che, narrata cosi secca¬</Unicode>
                </TextEquiv>
            </TextLine>
            <TextLine id="r2l55" custom="readingOrder {index:54;}">
                <Coords points="1342,2762 2120,2735 2217,2757 2216,2706 1341,2732"/>
                <Baseline points="1347,2757 1390,2756 1433,2755 1476,2754 1519,2752 1563,2751 1606,2750 1649,2748 1692,2746 1735,2745 1779,2743 1822,2742 1865,2741 1908,2739 1951,2738 1995,2738 2038,2737 2081,2737 2124,2738 2167,2738 2211,2739"/>
                <TextEquiv>
                    <Unicode>mente, appare piuttosto inverosimile e un</Unicode>
                </TextEquiv>
            </TextLine>
            <TextLine id="r2l56" custom="readingOrder {index:55;}">
                <Coords points="1335,2795 1400,2824 1871,2789 2147,2803 2214,2782 2214,2756 1335,2783"/>
                <Baseline points="1341,2807 1384,2805 1427,2804 1471,2803 1514,2801 1558,2800 1601,2798 1644,2797 1688,2795 1731,2794 1775,2793 1818,2792 1861,2791 1905,2790 1948,2789 1992,2788 2035,2787 2078,2786 2122,2786 2165,2785 2209,2785"/>
                <TextEquiv>
                    <Unicode>tantino melodrammatica; ma che dall'au¬</Unicode>
                </TextEquiv>
            </TextLine>
            <TextLine id="r2l57" custom="readingOrder {index:56;}">
                <Coords points="1337,2844 1503,2865 2213,2840 2212,2809 2041,2791 1864,2820 1337,2824"/>
                <Baseline points="1343,2857 1386,2856 1429,2854 1472,2853 1515,2851 1559,2850 1602,2848 1645,2847 1688,2845 1731,2844 1775,2842 1818,2842 1861,2840 1904,2839 1947,2838 1991,2838 2034,2837 2077,2837 2120,2837 2163,2837 2207,2837"/>
                <TextEquiv>
                    <Unicode>tore 6 trattata con tanta delicatezza,</Unicode>
                </TextEquiv>
            </TextLine>
            <TextLine id="r2l58" custom="readingOrder {index:57;}">
                <Coords points="1341,2916 2205,2894 2192,2843 1340,2883"/>
                <Baseline points="1346,2908 1388,2906 1431,2904 1473,2903 1516,2901 1559,2900 1601,2899 1644,2898 1687,2897 1729,2895 1772,2894 1815,2893 1857,2892 1900,2891 1943,2890 1985,2889 2028,2888 2071,2887 2113,2887 2156,2886 2199,2885"/>
                <TextEquiv>
                    <Unicode>con tale senso di verità, e cosi approfon¬</Unicode>
                </TextEquiv>
            </TextLine>
            <TextLine id="r2l59" custom="readingOrder {index:58;}">
                <Coords points="1352,2958 2149,2950 2220,2923 2104,2895 1351,2922"/>
                <Baseline points="1357,2957 1399,2956 1442,2954 1485,2953 1528,2951 1571,2950 1614,2948 1657,2947 1700,2946 1743,2944 1786,2943 1828,2941 1871,2940 1914,2939 1957,2938 2000,2937 2043,2936 2086,2935 2129,2935 2172,2934 2215,2934"/>
                <TextEquiv>
                    <Unicode>dita da certe analisi di sapore freudiano,</Unicode>
                </TextEquiv>
            </TextLine>
            <TextLine id="r2l60" custom="readingOrder {index:59;}">
                <Coords points="1345,3006 1964,3004 2224,2970 1989,2948 1344,2980"/>
                <Baseline points="1350,3006 1393,3004 1436,3002 1480,3000 1523,2999 1567,2998 1610,2996 1654,2994 1697,2993 1741,2992 1784,2991 1827,2990 1871,2989 1914,2988 1958,2987 2001,2986 2045,2985 2088,2985 2132,2984 2175,2983 2219,2982"/>
                <TextEquiv>
                    <Unicode>che infine siamo costretti a conzentire e a</Unicode>
                </TextEquiv>
            </TextLine>
            <TextLine id="r2l61" custom="readingOrder {index:60;}">
                <Coords points="1346,3066 2224,3031 2185,2994 1346,3036"/>
                <Baseline points="1351,3052 1394,3051 1437,3050 1481,3048 1524,3047 1568,3046 1611,3044 1654,3043 1698,3042 1741,3041 1785,3039 1828,3039 1871,3037 1915,3036 1958,3035 2002,3034 2045,3033 2088,3033 2132,3032 2175,3031 2219,3030"/>
                <TextEquiv>
                    <Unicode>commuoverci. Tanto pid, che in Elsa, cosi</Unicode>
                </TextEquiv>
            </TextLine>
            <TextLine id="r2l62" custom="readingOrder {index:61;}">
                <Coords points="1357,3106 2209,3088 2208,3059 2086,3047 1356,3076"/>
                <Baseline points="1362,3106 1404,3104 1446,3102 1488,3100 1530,3098 1572,3097 1614,3095 1656,3094 1698,3092 1740,3091 1782,3089 1824,3088 1866,3087 1908,3085 1950,3084 1992,3083 2034,3082 2076,3082 2118,3081 2160,3080 2203,3080"/>
                <TextEquiv>
                    <Unicode>spregiudicata e sensuale, cosi fantastica</Unicode>
                </TextEquiv>
            </TextLine>
            <TextLine id="r2l63" custom="readingOrder {index:62;}">
                <Coords points="1354,3161 2014,3153 2196,3140 2211,3106 1756,3099 1353,3138"/>
                <Baseline points="1359,3151 1401,3150 1443,3149 1486,3147 1528,3145 1571,3144 1613,3143 1655,3141 1698,3140 1740,3139 1783,3137 1825,3136 1867,3135 1910,3134 1952,3133 1995,3132 2037,3131 2079,3130 2122,3129 2164,3128 2207,3128"/>
                <TextEquiv>
                    <Unicode>ardita nel concepire le cose piu folli, e tut¬</Unicode>
                </TextEquiv>
            </TextLine>
            <TextLine id="r2l64" custom="readingOrder {index:63;}">
                <Coords points="1357,3198 2200,3189 2221,3134 2118,3159 1356,3163"/>
                <Baseline points="1363,3198 1405,3197 1448,3196 1491,3195 1533,3194 1576,3193 1619,3192 1661,3190 1704,3189 1747,3188 1790,3187 1832,3186 1875,3184 1918,3183 1960,3183 2003,3181 2046,3181 2088,3180 2131,3179 2174,3179 2217,3178"/>
                <TextEquiv>
                    <Unicode>tavia cosi fondamentalmente buona, cosi</Unicode>
                </TextEquiv>
            </TextLine>
            <TextLine id="r2l65" custom="readingOrder {index:64;}">
                <Coords points="1358,3263 2219,3242 2218,3207 2124,3183 1357,3223"/>
                <Baseline points="1363,3249 1405,3247 1448,3246 1490,3245 1533,3244 1575,3242 1618,3241 1660,3239 1703,3238 1745,3237 1788,3236 1830,3235 1873,3233 1915,3232 1958,3231 2000,3231 2043,3230 2085,3229 2128,3228 2170,3227 2213,3227"/>
                <TextEquiv>
                    <Unicode>affezionata al padre, nonostante la disistima</Unicode>
                </TextEquiv>
            </TextLine>
            <TextLine id="r2l66" custom="readingOrder {index:65;}">
                <Coords points="1362,3311 2220,3285 2219,3242 1361,3274"/>
                <Baseline points="1367,3297 1409,3296 1451,3295 1494,3293 1536,3292 1579,3290 1621,3289 1663,3287 1706,3286 1748,3285 1791,3284 1833,3283 1875,3281 1918,3281 1960,3279 2003,3278 2045,3278 2087,3277 2130,3276 2172,3276 2215,3275"/>
                <TextEquiv>
                    <Unicode>che non puó non avere per lui, e cosi generosa</Unicode>
                </TextEquiv>
            </TextLine>
            <TextLine id="r2l67" custom="readingOrder {index:66;}">
                <Coords points="1356,3345 1423,3363 2217,3325 2117,3286 1355,3320"/>
                <Baseline points="1362,3348 1404,3347 1446,3346 1489,3345 1531,3343 1574,3342 1616,3340 1659,3339 1701,3337 1744,3336 1786,3335 1828,3333 1871,3332 1913,3330 1956,3329 1998,3328 2041,3327 2083,3327 2126,3326 2168,3325 2211,3325"/>
                <TextEquiv>
                    <Unicode>e pura, checché ella stessa pensi in contra¬</Unicode>
                </TextEquiv>
            </TextLine>
            <TextLine id="r2l68" custom="readingOrder {index:67;}">
                <Coords points="1361,3396 2144,3391 2231,3372 2230,3342 1360,3373"/>
                <Baseline points="1366,3397 1409,3396 1452,3395 1495,3393 1538,3392 1581,3390 1624,3389 1667,3387 1710,3386 1753,3384 1796,3382 1839,3381 1882,3380 1925,3378 1968,3378 2011,3376 2054,3376 2097,3375 2140,3374 2183,3374 2226,3374"/>
                <TextEquiv>
                    <Unicode>rio non é difficile vedere quasi l’ immagine</Unicode>
                </TextEquiv>
            </TextLine>
            <TextLine id="r2l69" custom="readingOrder {index:68;}">
                <Coords points="1359,3446 1826,3451 1956,3424 2191,3443 2233,3412 2033,3381 1621,3419 1424,3400 1359,3427"/>
                <Baseline points="1365,3447 1408,3446 1451,3444 1494,3442 1537,3440 1580,3438 1623,3437 1666,3435 1709,3433 1752,3432 1796,3431 1839,3429 1882,3428 1925,3427 1968,3426 2011,3425 2054,3424 2097,3424 2140,3424 2183,3423 2227,3423"/>
                <TextEquiv>
                    <Unicode>e il simbolo, sufficientemente fedele, della</Unicode>
                </TextEquiv>
            </TextLine>
            <TextLine id="r2l70" custom="readingOrder {index:69;}">
                <Coords points="1373,3508 2230,3468 2206,3434 1372,3464"/>
                <Baseline points="1378,3496 1420,3494 1462,3493 1505,3491 1547,3489 1589,3487 1632,3486 1674,3485 1716,3483 1759,3481 1801,3480 1843,3479 1886,3478 1928,3477 1970,3476 2013,3474 2055,3473 2097,3473 2140,3472 2182,3471 2225,3470"/>
                <TextEquiv>
                    <Unicode>signorina viennese di oggi, anzi della signo¬</Unicode>
                </TextEquiv>
            </TextLine>
            <TextLine id="r2l71" custom="readingOrder {index:70;}">
                <Coords points="1365,3551 2231,3521 2189,3479 2047,3509 1890,3486 1640,3523 1364,3508"/>
                <Baseline points="1370,3542 1412,3542 1455,3541 1498,3540 1541,3539 1583,3538 1626,3536 1669,3535 1712,3533 1754,3531 1797,3529 1840,3528 1883,3526 1925,3525 1968,3523 2011,3522 2054,3521 2096,3520 2139,3520 2182,3520 2225,3520"/>
                <TextEquiv>
                    <Unicode>rina europea, quale s’é formata durante</Unicode>
                </TextEquiv>
            </TextLine>
            <TextLine id="r2l72" custom="readingOrder {index:71;}">
                <Coords points="1373,3609 2214,3586 2236,3538 1372,3566"/>
                <Baseline points="1378,3588 1420,3588 1463,3587 1505,3587 1548,3587 1591,3586 1633,3585 1676,3584 1719,3583 1761,3581 1804,3580 1847,3579 1889,3578 1932,3576 1975,3574 2017,3573 2060,3572 2103,3570 2145,3569 2188,3568 2231,3566"/>
                <TextEquiv>
                    <Unicode>e dopo gli anni di guerra, in un'atmosfera</Unicode>
                </TextEquiv>
            </TextLine>
            <TextLine id="r2l73" custom="readingOrder {index:72;}">
                <Coords points="1365,3664 2221,3624 2210,3583 1364,3613"/>
                <Baseline points="1370,3640 1412,3638 1454,3636 1496,3635 1539,3634 1581,3633 1623,3632 1665,3631 1708,3631 1750,3630 1792,3630 1834,3629 1877,3628 1919,3627 1961,3626 2003,3625 2046,3624 2088,3622 2130,3620 2172,3617 2215,3614"/>
                <TextEquiv>
                    <Unicode>morale, perniciosa e corrotta, eppure pre¬</Unicode>
                </TextEquiv>
            </TextLine>
            <TextLine id="r2l74" custom="readingOrder {index:73;}">
                <Coords points="1373,3706 1466,3692 1507,3704 1608,3695 1645,3675 1707,3693 1793,3683 1792,3662 1775,3668 1735,3642 1715,3655 1575,3649 1538,3662 1504,3648 1474,3660 1403,3655 1372,3670"/>
                <Baseline points="1378,3694 1403,3690 1429,3688 1454,3686 1480,3684 1505,3683 1531,3681 1556,3681 1582,3680 1608,3679 1633,3679 1659,3678 1684,3678 1710,3678 1735,3677 1761,3676 1787,3675"/>
                <TextEquiv>
                    <Unicode>gna d’ardore vitale.</Unicode>
                </TextEquiv>
            </TextLine>
            <TextLine id="r2l75" custom="readingOrder {index:74;}">
                <Coords points="1414,3751 2219,3721 2218,3689 2133,3674 1887,3703 1839,3685 1413,3703"/>
                <Baseline points="1419,3734 1458,3734 1498,3733 1538,3732 1577,3731 1617,3730 1657,3729 1696,3728 1736,3726 1776,3725 1816,3725 1855,3723 1895,3722 1935,3721 1974,3720 2014,3719 2054,3718 2093,3717 2133,3717 2173,3716 2213,3716"/>
                <TextEquiv>
                    <Unicode>I.'anima di Elsa non ha, apparentemente,</Unicode>
                </TextEquiv>
            </TextLine>
            <TextLine id="r2l76" custom="readingOrder {index:75;}">
                <Coords points="1368,3794 2231,3781 2229,3733 2181,3725 1805,3756 1438,3744 1367,3768"/>
                <Baseline points="1373,3786 1415,3785 1458,3784 1500,3783 1543,3782 1586,3781 1628,3779 1671,3778 1713,3777 1756,3775 1799,3775 1841,3773 1884,3772 1926,3771 1969,3770 2012,3769 2054,3768 2097,3768 2139,3767 2182,3767 2225,3766"/>
                <TextEquiv>
                    <Unicode>nulla in comune con quella di Casanova;</Unicode>
                </TextEquiv>
            </TextLine>
            <TextLine id="r2l77" custom="readingOrder {index:76;}">
                <Coords points="1380,3850 2046,3812 2235,3828 2233,3779 2118,3771 1379,3807"/>
                <Baseline points="1385,3835 1427,3834 1469,3833 1511,3832 1553,3831 1596,3830 1638,3829 1680,3827 1722,3826 1764,3825 1807,3824 1849,3823 1891,3821 1933,3820 1975,3819 2018,3817 2060,3816 2102,3815 2144,3814 2186,3813 2229,3812"/>
                <TextEquiv>
                    <Unicode>eppure, sono entrambe anime che soffrono,</Unicode>
                </TextEquiv>
            </TextLine>
            <TextLine id="r2l78" custom="readingOrder {index:77;}">
                <Coords points="1380,3892 2205,3874 2241,3861 2240,3830 1378,3849"/>
                <Baseline points="1385,3880 1427,3880 1470,3881 1512,3881 1555,3880 1597,3880 1640,3879 1682,3878 1725,3877 1767,3876 1810,3874 1852,3873 1895,3872 1937,3869 1980,3868 2022,3867 2065,3865 2107,3864 2150,3862 2192,3862 2235,3861"/>
                <TextEquiv>
                    <Unicode>vittime entrambe della vita. Vittima certo</Unicode>
                </TextEquiv>
            </TextLine>
            <TextLine id="r2l79" custom="readingOrder {index:78;}">
                <Coords points="1368,3938 2209,3919 2245,3912 2244,3878 1367,3905"/>
                <Baseline points="1373,3932 1416,3932 1459,3931 1502,3930 1546,3929 1589,3928 1632,3927 1676,3926 1719,3925 1762,3923 1806,3921 1849,3920 1892,3918 1935,3917 1979,3915 2022,3914 2065,3912 2109,3910 2152,3909 2195,3908 2239,3906"/>
                <TextEquiv>
                    <Unicode>non pietosa, Casanova, che anzi meriterebbe</Unicode>
                </TextEquiv>
            </TextLine>
            <TextLine id="r2l80" custom="readingOrder {index:79;}">
                <Coords points="1370,3983 1430,4002 1580,3976 1696,3997 1867,3966 2235,3971 2227,3913 1369,3957"/>
                <Baseline points="1375,3985 1417,3984 1460,3984 1503,3982 1545,3981 1588,3980 1631,3978 1673,3977 1716,3975 1759,3974 1802,3972 1844,3970 1887,3968 1930,3967 1972,3965 2015,3964 2058,3963 2100,3961 2143,3960 2186,3959 2229,3958"/>
                <TextEquiv>
                    <Unicode>espiazioni ben piu gravi di quelle, imposte</Unicode>
                </TextEquiv>
            </TextLine>
            <TextLine id="r2l81" custom="readingOrder {index:80;}">
                <Coords points="1377,4033 1418,4053 1504,4030 1871,4036 1926,4004 1969,4034 2105,4036 2244,4009 2243,3985 2108,3964 2077,3987 1376,4006"/>
                <Baseline points="1383,4037 1425,4035 1468,4034 1511,4032 1554,4030 1597,4029 1639,4027 1682,4026 1725,4024 1768,4022 1811,4021 1853,4020 1896,4018 1939,4016 1982,4016 2025,4014 2067,4013 2110,4013 2153,4012 2196,4011 2239,4011"/>
                <TextEquiv>
                    <Unicode>dalla vecchiaia inevitabile; vittima invece</Unicode>
                </TextEquiv>
            </TextLine>
            <TextEquiv>
                <Unicode>al ricordo di lui, come all'unica ragione
della sua esistenza; peggio che odlioso,
quando, per un cieco furore d’umiliazione,
approfitta bestialmente della precoce sen¬
sualità di una bambina di colei; o quando,
non potendo altrimenti conquistare una
bellissima e intelligentissima studentessa, si
vale di certe straordinarie circostanze, per
sostituirsi al giovine amante di lei in un
convegno notturno. Umano, nel suo tor¬
mento di seduttore respinto, nella sua rab¬
bia d’ impotenza, nella sua angoscia di
amante, che, riconc =ciuto all'alba dopo
quella notte d’amore ottenuta con atroce
inganno, provoca nella fanciulla un visi¬
bile orrore, fisico, piu che morale; infine,
nel suo #crescendos di esaltazione e di¬
sperazione.
Anche La signorina Elsc. zome II ritorno
di Casanova, &amp; una lunga novella: solo che,
qui, con procedimento analogo a quello
gia adoperato con tanto successo, dallo
stesso scrittore, in Leutnant Gestl, uomini e
cose sono presentati mediante un unico
monologo ossia mediante l'annotazione di
tutte le idee, impressioni, visioni, suoni ed
immagini, che passano per la mente e i
sensi d’una fanciulla, durante quelle po¬
chissime ore, in cui si matura e scoppia
una strana tragedia.
Strana davvero: ché non accade tutt’ i
giorni che una mamma scriva alla figlia
ancör giovinetta, in vacanza in una stazione
climatica, supplicandola di salvare il padre
dall’arresto e dall’onta irreparabile, col do¬
mandare in prestito — il che significa, in
quelle circostanze, e per quell’uomo, gia
noto per i debiti e le irregolarità, farsi re¬
galare — la grossa somma necessaria; e in¬
dirizzandola proprio a quel vecchio e ri¬
pugnante libertino, che da #nalche anno
frequenta la loro casa, e ha mostrata una
inconfessabile simpatia per la giovanissima
Elsa. Né é un fatto ordinario che questa,
tra mille ondeggiamenti e contradizioni, si
faccia forza e s’umili a richiedere la somma:
e poiché quel vecchiardo le pone per condi¬
zione di farsi ammirare nuda, s induca ad
aprire il suo mantello sulla sua nudità,
dinanzi a quell'uomo e dinanzi a tutti,
nell’ hall dell’albergo; e, finalmente, deli¬
rando, beva una forte dose letale di ve¬
vonal.
Strana tragedia, che, narrata cosi secca¬
mente, appare piuttosto inverosimile e un
tantino melodrammatica; ma che dall'au¬
tore 6 trattata con tanta delicatezza,
con tale senso di verità, e cosi approfon¬
dita da certe analisi di sapore freudiano,
che infine siamo costretti a conzentire e a
commuoverci. Tanto pid, che in Elsa, cosi
spregiudicata e sensuale, cosi fantastica
ardita nel concepire le cose piu folli, e tut¬
tavia cosi fondamentalmente buona, cosi
affezionata al padre, nonostante la disistima
che non puó non avere per lui, e cosi generosa
e pura, checché ella stessa pensi in contra¬
rio non é difficile vedere quasi l’ immagine
e il simbolo, sufficientemente fedele, della
signorina viennese di oggi, anzi della signo¬
rina europea, quale s’é formata durante
e dopo gli anni di guerra, in un'atmosfera
morale, perniciosa e corrotta, eppure pre¬
gna d’ardore vitale.
I.'anima di Elsa non ha, apparentemente,
nulla in comune con quella di Casanova;
eppure, sono entrambe anime che soffrono,
vittime entrambe della vita. Vittima certo
non pietosa, Casanova, che anzi meriterebbe
espiazioni ben piu gravi di quelle, imposte
dalla vecchiaia inevitabile; vittima invece</Unicode>
            </TextEquiv>
        </TextRegion>
        <TextRegion orientation="0.0" id="r3" custom="readingOrder {index:2;}">
            <Coords points="2191,37 2191,4015 3151,4015 3151,37"/>
            <TextLine id="r3l1" custom="readingOrder {index:0;}">
                <Coords points="2204,92 2254,75 2335,94 2384,73 2517,89 2575,63 2613,78 2731,67 2730,36 2630,36 2597,19 2568,39 2476,26 2203,39"/>
                <Baseline points="2209,73 2234,73 2260,73 2286,72 2312,72 2338,72 2363,71 2389,71 2415,70 2441,70 2467,69 2492,69 2518,68 2544,67 2570,66 2596,64 2621,63 2647,62 2673,60 2699,59 2725,58"/>
                <TextEquiv>
                    <Unicode></Unicode>
                </TextEquiv>
            </TextLine>
            <TextLine id="r3l2" custom="readingOrder {index:1;}">
                <Coords points="2200,129 2946,106 3047,128 3046,82 3000,67 2199,93"/>
                <Baseline points="2205,121 2246,121 2288,121 2330,121 2372,120 2414,119 2455,118 2497,117 2539,116 2581,115 2623,114 2664,113 2706,112 2748,110 2790,109 2832,108 2873,107 2915,105 2957,104 2999,103 3041,102"/>
                <TextEquiv>
                    <Unicode>ler vecchio &amp; ancöra, e piü che mai, fedele</Unicode>
                </TextEquiv>
            </TextLine>
            <TextLine id="r3l3" custom="readingOrder {index:2;}">
                <Coords points="2185,174 2957,170 3050,158 3050,128 2184,132"/>
                <Baseline points="2191,174 2233,173 2276,171 2319,170 2361,169 2404,167 2447,166 2489,165 2532,164 2575,163 2618,162 2660,160 2703,159 2746,158 2788,157 2831,156 2874,155 2916,154 2959,153 3002,152 3045,151"/>
                <TextEquiv>
                    <Unicode>alla schola naturalista francese, se anche,</Unicode>
                </TextEquiv>
            </TextLine>
            <TextLine id="r3l4" custom="readingOrder {index:3;}">
                <Coords points="2197,227 2859,203 2910,222 3053,208 3052,154 2276,205 2196,186"/>
                <Baseline points="2202,224 2244,221 2286,220 2328,218 2371,217 2413,215 2455,214 2497,212 2540,212 2582,210 2624,209 2666,208 2709,207 2751,206 2793,205 2835,204 2878,203 2920,202 2962,201 3004,200 3047,198"/>
                <TextEquiv>
                    <Unicode>da quel buon medico, oltre chr da quel</Unicode>
                </TextEquiv>
            </TextLine>
            <TextLine id="r3l5" custom="readingOrder {index:4;}">
                <Coords points="2195,277 3047,257 2990,206 2735,241 2689,217 2319,249 2194,231"/>
                <Baseline points="2201,268 2243,267 2285,266 2327,265 2369,264 2411,263 2453,262 2495,261 2537,260 2579,259 2621,258 2663,257 2705,255 2747,254 2789,253 2831,252 2873,251 2915,250 2957,249 2999,248 3041,248"/>
                <TextEquiv>
                    <Unicode>buen scrittore, ch’egli é, abbia accolte,</Unicode>
                </TextEquiv>
            </TextLine>
            <TextLine id="r3l6" custom="readingOrder {index:5;}">
                <Coords points="2195,322 2932,315 3057,290 3056,256 2194,291"/>
                <Baseline points="2201,320 2243,318 2286,317 2328,315 2371,313 2413,312 2456,310 2498,309 2541,307 2583,306 2626,305 2668,303 2711,302 2753,301 2796,299 2838,298 2881,297 2923,296 2966,295 3008,295 3051,294"/>
                <TextEquiv>
                    <Unicode>senza per altro esagerare, certe conquiste</Unicode>
                </TextEquiv>
            </TextLine>
            <TextLine id="r3l7" custom="readingOrder {index:6;}">
                <Coords points="2204,380 3044,342 2893,309 2202,340"/>
                <Baseline points="2209,372 2250,370 2292,368 2333,366 2375,364 2416,362 2458,361 2499,359 2541,358 2582,356 2624,355 2665,354 2707,352 2748,351 2790,350 2831,349 2873,348 2914,347 2956,346 2997,344 3039,343"/>
                <TextEquiv>
                    <Unicode>psicanalitiche. Originale 6 tuttavia la crea¬</Unicode>
                </TextEquiv>
            </TextLine>
            <TextLine id="r3l8" custom="readingOrder {index:7;}">
                <Coords points="2193,419 3048,396 3047,366 2992,354 2765,354 2691,381 2378,371 2193,400"/>
                <Baseline points="2199,418 2241,416 2283,414 2325,412 2367,411 2410,409 2452,408 2494,406 2536,404 2578,402 2621,401 2663,399 2705,398 2747,397 2789,396 2832,395 2874,394 2916,393 2958,393 3000,392 3043,392"/>
                <TextEquiv>
                    <Unicode>zione di Teresa: fanciulla di buona famiglia,</Unicode>
                </TextEquiv>
            </TextLine>
            <TextLine id="r3l9" custom="readingOrder {index:8;}">
                <Coords points="2200,464 2788,466 3042,442 3059,409 2199,441"/>
                <Baseline points="2205,463 2247,462 2290,460 2332,459 2375,458 2417,457 2460,455 2502,454 2545,453 2587,451 2630,450 2672,449 2715,448 2757,447 2800,445 2842,444 2885,443 2927,442 2970,440 3012,439 3055,438"/>
                <TextEquiv>
                    <Unicode>nata per essere una brava mogliee un'ot¬</Unicode>
                </TextEquiv>
            </TextLine>
            <TextLine id="r3l10" custom="readingOrder {index:9;}">
                <Coords points="2209,524 3030,502 3042,458 2207,473"/>
                <Baseline points="2214,514 2255,512 2296,511 2337,510 2378,509 2419,507 2460,506 2502,504 2543,503 2584,502 2625,500 2666,498 2707,497 2748,495 2790,494 2831,492 2872,491 2913,489 2954,488 2995,486 3037,484"/>
                <TextEquiv>
                    <Unicode>tima madre, dotata d’un cucre affettuoso e</Unicode>
                </TextEquiv>
            </TextLine>
            <TextLine id="r3l11" custom="readingOrder {index:10;}">
                <Coords points="2200,574 2969,553 3049,536 3049,500 2199,544"/>
                <Baseline points="2206,566 2250,563 2294,562 2338,560 2382,558 2426,556 2470,554 2515,553 2559,551 2603,550 2647,547 2691,546 2735,545 2780,543 2824,542 2868,540 2912,539 2956,537 3000,536 3045,534"/>
                <TextEquiv>
                    <Unicode>generoso, e tuttavia trascinata dalle circo¬</Unicode>
                </TextEquiv>
            </TextLine>
            <TextLine id="r3l12" custom="readingOrder {index:11;}">
                <Coords points="2209,619 3047,594 3046,556 2976,548 2208,579"/>
                <Baseline points="2214,611 2255,609 2296,607 2338,606 2379,605 2420,603 2462,602 2503,600 2544,599 2586,597 2627,596 2668,595 2710,593 2751,592 2792,591 2834,590 2875,588 2916,587 2958,586 2999,585 3041,584"/>
                <TextEquiv>
                    <Unicode>stanze e dall’egoismo maschile a cadere</Unicode>
                </TextEquiv>
            </TextLine>
            <TextLine id="r3l13" custom="readingOrder {index:12;}">
                <Coords points="2213,663 3047,647 3045,604 3004,593 2892,619 2212,618"/>
                <Baseline points="2219,659 2260,658 2301,657 2342,656 2383,654 2424,653 2465,652 2506,650 2547,648 2588,647 2630,646 2671,644 2712,642 2753,641 2794,639 2835,638 2876,636 2917,635 2958,634 2999,633 3041,632"/>
                <TextEquiv>
                    <Unicode>sempre piu in basso, finché, proprio quando</Unicode>
                </TextEquiv>
            </TextLine>
            <TextLine id="r3l14" custom="readingOrder {index:13;}">
                <Coords points="2202,718 3045,698 3044,645 2201,682"/>
                <Baseline points="2207,707 2248,706 2290,704 2331,703 2373,702 2415,700 2456,699 2498,698 2539,696 2581,695 2623,693 2664,692 2706,690 2747,689 2789,687 2831,686 2872,685 2914,684 2955,683 2997,682 3039,680"/>
                <TextEquiv>
                    <Unicode>potrebbe redimersi, e conquistare l’equili¬</Unicode>
                </TextEquiv>
            </TextLine>
            <TextLine id="r3l15" custom="readingOrder {index:14;}">
                <Coords points="2219,772 3014,750 3040,746 3039,692 2218,724"/>
                <Baseline points="2224,757 2264,755 2305,753 2345,752 2386,750 2426,749 2467,747 2507,746 2548,744 2588,743 2629,742 2670,741 2710,739 2751,738 2791,737 2832,736 2872,735 2913,734 2953,733 2994,732 3035,731"/>
                <TextEquiv>
                    <Unicode>brio e la pace con un uomo, non piu gio¬</Unicode>
                </TextEquiv>
            </TextLine>
            <TextLine id="r3l16" custom="readingOrder {index:15;}">
                <Coords points="2214,805 3060,791 3039,742 2213,780"/>
                <Baseline points="2219,805 2260,804 2302,803 2344,802 2386,801 2427,799 2469,797 2511,796 2553,795 2594,793 2636,792 2678,790 2720,789 2761,787 2803,786 2845,784 2887,783 2928,782 2970,780 3012,779 3054,778"/>
                <TextEquiv>
                    <Unicode>vine, ma intelligente ed onesto, &amp; quasi</Unicode>
                </TextEquiv>
            </TextLine>
            <TextLine id="r3l17" custom="readingOrder {index:16;}">
                <Coords points="2210,858 2831,830 2963,854 3044,833 3043,799 2209,833"/>
                <Baseline points="2215,855 2256,854 2297,853 2338,852 2379,850 2421,849 2462,848 2503,847 2544,845 2585,844 2627,842 2668,841 2709,839 2750,838 2791,836 2833,835 2874,834 2915,833 2956,831 2997,831 3039,829"/>
                <TextEquiv>
                    <Unicode>strangolata dal figlio, che, nato male, peg¬</Unicode>
                </TextEquiv>
            </TextLine>
            <TextLine id="r3l18" custom="readingOrder {index:17;}">
                <Coords points="2216,922 3046,887 3044,847 2984,841 2520,856 2467,885 2214,867"/>
                <Baseline points="2221,908 2264,906 2307,903 2350,901 2393,899 2436,897 2479,895 2522,893 2565,891 2608,889 2652,887 2695,886 2738,884 2781,883 2824,881 2867,880 2910,878 2953,877 2996,875 3040,874"/>
                <TextEquiv>
                    <Unicode>gio educato, divenuto precocissimo manu¬</Unicode>
                </TextEquiv>
            </TextLine>
            <TextLine id="r3l19" custom="readingOrder {index:18;}">
                <Coords points="2211,970 2982,944 3046,924 3045,888 2209,932"/>
                <Baseline points="2215,951 2256,950 2297,949 2338,948 2380,947 2421,946 2462,944 2504,943 2545,941 2586,940 2628,938 2669,936 2710,935 2751,933 2793,931 2834,930 2875,928 2917,927 2958,925 2999,923 3041,921"/>
                <TextEquiv>
                    <Unicode>tengolo e ladro, l’aveva formentata e per¬</Unicode>
                </TextEquiv>
            </TextLine>
            <TextLine id="r3l20" custom="readingOrder {index:19;}">
                <Coords points="2210,997 2295,1016 3034,988 3046,940 2209,970"/>
                <Baseline points="2215,1001 2256,999 2297,997 2339,996 2380,995 2421,994 2463,992 2504,991 2545,990 2587,989 2628,987 2669,986 2711,985 2752,983 2793,982 2835,981 2876,979 2917,978 2959,975 3000,974 3042,971"/>
                <TextEquiv>
                    <Unicode>seguitata con continue minacce ed estor¬</Unicode>
                </TextEquiv>
            </TextLine>
            <TextLine id="r3l21" custom="readingOrder {index:20;}">
                <Coords points="2225,1058 3062,1036 3047,977 2224,1021"/>
                <Baseline points="2230,1050 2271,1048 2312,1047 2353,1045 2395,1044 2436,1042 2477,1041 2519,1040 2560,1038 2601,1037 2643,1036 2684,1035 2725,1033 2766,1032 2808,1030 2849,1029 2890,1028 2932,1026 2973,1024 3014,1022 3056,1020"/>
                <TextEquiv>
                    <Unicode>sioni. Specialmente originale mi sembra quel</Unicode>
                </TextEquiv>
            </TextLine>
            <TextLine id="r3l22" custom="readingOrder {index:21;}">
                <Coords points="2207,1118 3055,1089 3053,1040 2205,1077"/>
                <Baseline points="2212,1100 2253,1099 2295,1097 2337,1096 2379,1094 2421,1093 2463,1091 2504,1090 2546,1088 2588,1086 2630,1084 2672,1083 2714,1081 2756,1080 2797,1078 2839,1076 2881,1076 2923,1074 2965,1073 3007,1072 3049,1071"/>
                <TextEquiv>
                    <Unicode>rimorso, da cui Teresa é dominata, nei ri¬</Unicode>
                </TextEquiv>
            </TextLine>
            <TextLine id="r3l23" custom="readingOrder {index:22;}">
                <Coords points="2220,1158 3051,1128 3049,1087 3022,1081 2943,1103 2312,1107 2219,1133"/>
                <Baseline points="2226,1156 2269,1153 2312,1149 2355,1146 2398,1144 2441,1142 2484,1140 2527,1138 2570,1137 2613,1135 2657,1134 2700,1133 2743,1131 2786,1129 2829,1128 2872,1127 2915,1125 2958,1123 3001,1120 3045,1118"/>
                <TextEquiv>
                    <Unicode>guardi del figlio per aver avuto, nella terri¬</Unicode>
                </TextEquiv>
            </TextLine>
            <TextLine id="r3l24" custom="readingOrder {index:23;}">
                <Coords points="2217,1201 3031,1182 3062,1177 3060,1125 3008,1147 2215,1165"/>
                <Baseline points="2222,1203 2263,1201 2305,1198 2347,1196 2388,1194 2430,1192 2472,1190 2513,1188 2555,1186 2597,1185 2639,1183 2680,1181 2722,1180 2764,1178 2805,1176 2847,1175 2889,1173 2930,1172 2972,1171 3014,1169 3056,1167"/>
                <TextEquiv>
                    <Unicode>bile notte del parto, sia pure per un at¬</Unicode>
                </TextEquiv>
            </TextLine>
            <TextLine id="r3l25" custom="readingOrder {index:24;}">
                <Coords points="2220,1250 3043,1227 3054,1178 2783,1204 2711,1184 2568,1219 2487,1199 2219,1215"/>
                <Baseline points="2226,1249 2267,1246 2308,1245 2349,1243 2390,1242 2432,1240 2473,1238 2514,1237 2555,1235 2596,1234 2638,1233 2679,1231 2720,1230 2761,1228 2802,1226 2844,1225 2885,1223 2926,1221 2967,1220 3008,1218 3050,1216"/>
                <TextEquiv>
                    <Unicode>timo, il pensiero d’ucciderlo; rimorso, che</Unicode>
                </TextEquiv>
            </TextLine>
            <TextLine id="r3l26" custom="readingOrder {index:25;}">
                <Coords points="2221,1313 3069,1278 3067,1238 2919,1228 2734,1260 2701,1241 2219,1268"/>
                <Baseline points="2226,1297 2267,1295 2309,1294 2351,1291 2393,1290 2435,1288 2477,1286 2518,1285 2560,1283 2602,1282 2644,1280 2686,1279 2728,1277 2770,1276 2811,1274 2853,1273 2895,1271 2937,1269 2979,1268 3021,1266 3063,1263"/>
                <TextEquiv>
                    <Unicode>le fa considerare tutte le disgrazie capita¬</Unicode>
                </TextEquiv>
            </TextLine>
            <TextLine id="r3l27" custom="readingOrder {index:26;}">
                <Coords points="2217,1350 3066,1327 3064,1273 2216,1316"/>
                <Baseline points="2222,1346 2266,1344 2310,1342 2354,1340 2398,1339 2442,1337 2486,1336 2531,1334 2575,1333 2619,1331 2663,1330 2707,1328 2751,1327 2796,1325 2840,1324 2884,1322 2928,1321 2972,1320 3016,1319 3061,1317"/>
                <TextEquiv>
                    <Unicode>tele come una giusta espiazione di quel</Unicode>
                </TextEquiv>
            </TextLine>
            <TextLine id="r3l28" custom="readingOrder {index:27;}">
                <Coords points="2216,1400 3067,1372 3057,1326 2215,1361"/>
                <Baseline points="2222,1396 2266,1394 2310,1391 2354,1389 2398,1387 2442,1385 2486,1383 2531,1382 2575,1380 2619,1379 2663,1378 2707,1377 2751,1375 2796,1374 2840,1372 2884,1371 2928,1370 2972,1368 3016,1367 3061,1365"/>
                <TextEquiv>
                    <Unicode>delitto intenzionale, e quando sta per morire</Unicode>
                </TextEquiv>
            </TextLine>
            <TextLine id="r3l29" custom="readingOrder {index:28;}">
                <Coords points="2223,1451 3049,1426 3055,1376 2221,1407"/>
                <Baseline points="2228,1447 2269,1444 2310,1441 2351,1439 2392,1437 2433,1434 2474,1433 2516,1431 2557,1430 2598,1428 2639,1427 2680,1425 2721,1424 2762,1423 2804,1422 2845,1420 2886,1419 2927,1417 2968,1416 3009,1414 3051,1413"/>
                <TextEquiv>
                    <Unicode>in séguito alla violenza del figlio, la induce</Unicode>
                </TextEquiv>
            </TextLine>
            <TextLine id="r3l30" custom="readingOrder {index:29;}">
                <Coords points="2217,1492 2304,1508 2398,1480 2505,1507 2944,1466 3015,1488 3062,1469 3061,1430 2406,1465 2365,1445 2217,1473"/>
                <Baseline points="2223,1492 2264,1491 2306,1489 2348,1487 2389,1485 2431,1483 2473,1482 2514,1479 2556,1478 2598,1476 2640,1475 2681,1473 2723,1471 2765,1470 2806,1469 2848,1468 2890,1466 2931,1465 2973,1464 3015,1463 3057,1462"/>
                <TextEquiv>
                    <Unicode>e quasi ossessiona a confessarlo ed esage¬</Unicode>
                </TextEquiv>
            </TextLine>
            <TextLine id="r3l31" custom="readingOrder {index:30;}">
                <Coords points="2226,1554 3077,1530 3051,1477 2225,1519"/>
                <Baseline points="2232,1543 2276,1541 2320,1540 2364,1537 2408,1535 2452,1534 2496,1531 2541,1530 2585,1528 2629,1526 2673,1524 2717,1523 2761,1521 2806,1520 2850,1518 2894,1518 2938,1517 2982,1516 3026,1515 3071,1515"/>
                <TextEquiv>
                    <Unicode>rarlo, perché esso valga a far assolvere,</Unicode>
                </TextEquiv>
            </TextLine>
            <TextLine id="r3l32" custom="readingOrder {index:31;}">
                <Coords points="2224,1595 3046,1577 3071,1530 2915,1530 2883,1554 2791,1520 2744,1549 2606,1533 2223,1569"/>
                <Baseline points="2229,1591 2270,1590 2312,1589 2354,1587 2396,1585 2438,1584 2480,1583 2522,1581 2564,1578 2606,1577 2648,1575 2689,1573 2731,1571 2773,1570 2815,1568 2857,1567 2899,1565 2941,1563 2983,1563 3025,1562 3067,1561"/>
                <TextEquiv>
                    <Unicode>dinanzi ai giurati, il matricida. E vera¬</Unicode>
                </TextEquiv>
            </TextLine>
            <TextLine id="r3l33" custom="readingOrder {index:32;}">
                <Coords points="2228,1635 3087,1618 3071,1567 2227,1617"/>
                <Baseline points="2234,1646 2276,1643 2318,1641 2361,1638 2403,1636 2445,1634 2488,1632 2530,1629 2572,1628 2615,1626 2657,1623 2699,1622 2742,1620 2784,1618 2826,1616 2869,1615 2911,1613 2953,1612 2996,1610 3038,1608 3081,1607"/>
                <TextEquiv>
                    <Unicode>mente, anche noi pensiamo, d’accordo con</Unicode>
                </TextEquiv>
            </TextLine>
            <TextLine id="r3l34" custom="readingOrder {index:33;}">
                <Coords points="2231,1704 3077,1664 3048,1621 2230,1664"/>
                <Baseline points="2236,1693 2277,1691 2319,1689 2361,1688 2403,1685 2444,1684 2486,1682 2528,1680 2570,1678 2611,1675 2653,1673 2695,1672 2737,1670 2778,1668 2820,1667 2862,1664 2904,1663 2945,1662 2987,1660 3029,1658 3071,1656"/>
                <TextEquiv>
                    <Unicode>un personaggio dello stesso romanzo, &amp;co¬</Unicode>
                </TextEquiv>
            </TextLine>
            <TextLine id="r3l35" custom="readingOrder {index:34;}">
                <Coords points="2228,1735 2400,1756 2661,1722 2788,1741 2862,1709 2991,1728 3091,1698 3043,1668 2227,1704"/>
                <Baseline points="2234,1740 2276,1739 2319,1738 2361,1736 2404,1735 2446,1733 2489,1731 2531,1729 2574,1727 2616,1725 2659,1723 2702,1721 2744,1718 2787,1716 2829,1714 2872,1713 2914,1711 2957,1710 2999,1709 3042,1708 3085,1707"/>
                <TextEquiv>
                    <Unicode>me il figlio, che era stato per lei cosi a</Unicode>
                </TextEquiv>
            </TextLine>
            <TextLine id="r3l36" custom="readingOrder {index:35;}">
                <Coords points="2232,1788 3087,1763 3060,1716 2997,1745 2920,1719 2231,1753"/>
                <Baseline points="2238,1787 2280,1785 2322,1783 2364,1782 2406,1780 2448,1779 2490,1777 2533,1775 2575,1774 2617,1773 2659,1771 2701,1770 2743,1768 2785,1767 2828,1765 2870,1764 2912,1762 2954,1761 2996,1760 3038,1758 3081,1757"/>
                <TextEquiv>
                    <Unicode>lungo perduto, ella l’avesse ritrovato nel¬</Unicode>
                </TextEquiv>
            </TextLine>
            <TextLine id="r3l37" custom="readingOrder {index:36;}">
                <Coords points="2232,1834 2572,1844 2897,1811 2938,1835 3074,1819 3073,1773 2231,1807"/>
                <Baseline points="2238,1831 2279,1830 2321,1830 2362,1830 2404,1829 2445,1828 2487,1827 2528,1826 2570,1825 2611,1824 2653,1823 2695,1821 2736,1819 2778,1818 2819,1817 2861,1815 2902,1814 2944,1812 2985,1810 3027,1809 3069,1807"/>
                <TextEquiv>
                    <Unicode>listante in cui egli s’era fatto esecutore</Unicode>
                </TextEquiv>
            </TextLine>
            <TextLine id="r3l38" custom="readingOrder {index:37;}">
                <Coords points="2236,1890 2520,1899 2559,1878 2647,1876 2682,1890 2728,1868 2727,1837 2589,1832 2500,1858 2364,1836 2326,1858 2272,1845 2235,1861"/>
                <Baseline points="2241,1879 2266,1879 2291,1879 2317,1879 2342,1878 2367,1877 2393,1877 2418,1875 2443,1874 2469,1873 2494,1872 2520,1871 2545,1870 2570,1869 2596,1868 2621,1867 2646,1867 2672,1866 2697,1866 2723,1866"/>
                <TextEquiv>
                    <Unicode>dli un' istessa giustizia v.</Unicode>
                </TextEquiv>
            </TextLine>
            <TextLine id="r3l39" custom="readingOrder {index:38;}">
                <Coords points="2283,1931 2431,1947 3067,1914 3066,1878 2946,1869 2282,1894"/>
                <Baseline points="2289,1927 2327,1926 2366,1925 2404,1924 2443,1924 2482,1923 2520,1922 2559,1922 2597,1921 2636,1920 2675,1919 2713,1918 2752,1917 2790,1916 2829,1915 2868,1913 2906,1911 2945,1909 2983,1907 3022,1904 3061,1902"/>
                <TextEquiv>
                    <Unicode>Conclusione mistica, che fa pensare a</Unicode>
                </TextEquiv>
            </TextLine>
            <TextLine id="r3l40" custom="readingOrder {index:39;}">
                <Coords points="2238,1992 3086,1955 3085,1922 3050,1915 2735,1949 2678,1930 2237,1950"/>
                <Baseline points="2244,1985 2285,1983 2327,1982 2369,1980 2411,1977 2453,1976 2495,1975 2536,1973 2578,1972 2620,1970 2662,1968 2704,1967 2746,1965 2788,1964 2829,1963 2871,1962 2913,1960 2955,1959 2997,1957 3039,1956 3081,1955"/>
                <TextEquiv>
                    <Unicode>Dostojewski e Tolstoi, e che, ad ogni</Unicode>
                </TextEquiv>
            </TextLine>
            <TextLine id="r3l41" custom="readingOrder {index:40;}">
                <Coords points="2226,2034 2977,2008 3033,2028 3069,2012 3068,1970 2225,2010"/>
                <Baseline points="2232,2032 2273,2031 2315,2030 2356,2028 2398,2028 2439,2026 2481,2025 2522,2023 2564,2021 2605,2019 2647,2018 2689,2016 2730,2015 2772,2012 2813,2011 2855,2009 2896,2007 2938,2006 2979,2003 3021,2002 3063,2000"/>
                <TextEquiv>
                    <Unicode>modo, illumina d’una luce vivamente spi</Unicode>
                </TextEquiv>
            </TextLine>
            <TextLine id="r3l42" custom="readingOrder {index:41;}">
                <Coords points="2243,2088 3083,2062 3082,2025 2976,2009 2242,2050"/>
                <Baseline points="2249,2077 2290,2076 2331,2074 2373,2072 2414,2070 2456,2069 2497,2067 2538,2065 2580,2063 2621,2061 2663,2060 2704,2058 2745,2056 2787,2055 2828,2054 2870,2053 2911,2052 2952,2051 2994,2051 3035,2051 3077,2051"/>
                <TextEquiv>
                    <Unicode>rituale tutta quetsa dolente storia di donna,</Unicode>
                </TextEquiv>
            </TextLine>
            <TextLine id="r3l43" custom="readingOrder {index:42;}">
                <Coords points="2244,2133 3082,2119 3093,2063 2723,2089 2595,2068 2243,2109"/>
                <Baseline points="2249,2127 2291,2124 2333,2122 2375,2120 2417,2118 2459,2116 2501,2115 2543,2113 2585,2112 2627,2110 2669,2109 2711,2107 2753,2106 2795,2105 2837,2104 2879,2103 2921,2102 2963,2101 3005,2100 3047,2099 3089,2099"/>
                <TextEquiv>
                    <Unicode>quasi riscattandola dai modelli naturalisti</Unicode>
                </TextEquiv>
            </TextLine>
            <TextLine id="r3l44" custom="readingOrder {index:43;}">
                <Coords points="2245,2181 3087,2161 3086,2117 2244,2143"/>
                <Baseline points="2251,2171 2292,2171 2334,2170 2375,2170 2417,2168 2458,2167 2500,2166 2541,2164 2583,2163 2624,2161 2666,2159 2707,2157 2749,2155 2790,2154 2832,2152 2873,2151 2915,2149 2956,2149 2998,2148 3039,2147 3081,2147"/>
                <TextEquiv>
                    <Unicode>francesi, i quali non possono ormai non</Unicode>
                </TextEquiv>
            </TextLine>
            <TextLine id="r3l45" custom="readingOrder {index:44;}">
                <Coords points="2247,2231 3068,2211 3083,2170 2854,2159 2246,2200"/>
                <Baseline points="2252,2222 2293,2221 2334,2219 2376,2218 2417,2216 2458,2214 2500,2213 2541,2212 2582,2210 2624,2208 2665,2207 2706,2206 2748,2204 2789,2203 2830,2201 2872,2200 2913,2199 2954,2197 2996,2196 3037,2195 3079,2194"/>
                <TextEquiv>
                    <Unicode>apparire alla nostra sensibilità troppo plum¬</Unicode>
                </TextEquiv>
            </TextLine>
            <TextLine id="r3l46" custom="readingOrder {index:45;}">
                <Coords points="2258,2282 2498,2288 2686,2248 3078,2258 3077,2217 2256,2234"/>
                <Baseline points="2263,2271 2303,2269 2343,2267 2384,2265 2424,2263 2465,2262 2505,2260 2546,2258 2586,2257 2627,2256 2667,2254 2707,2253 2748,2252 2788,2251 2829,2250 2869,2249 2910,2247 2950,2246 2991,2245 3031,2244 3072,2242"/>
                <TextEquiv>
                    <Unicode>bei e soffocanti, nel loro materialismo</Unicode>
                </TextEquiv>
            </TextLine>
            <TextLine id="r3l47" custom="readingOrder {index:46;}">
                <Coords points="2261,2327 2468,2327 2528,2306 2574,2328 2819,2303 2810,2265 2721,2281 2644,2262 2498,2289 2383,2270 2303,2296 2260,2284"/>
                <Baseline points="2267,2317 2294,2316 2321,2315 2348,2314 2376,2313 2403,2312 2430,2311 2458,2311 2485,2310 2512,2309 2540,2309 2567,2308 2594,2307 2621,2307 2649,2306 2676,2305 2703,2304 2731,2303 2758,2301 2785,2300 2813,2298"/>
                <TextEquiv>
                    <Unicode>determinismo intransigente.</Unicode>
                </TextEquiv>
            </TextLine>
            <TextLine id="r3l48" custom="readingOrder {index:47;}">
                <Coords points="2284,2356 2364,2382 2623,2363 2674,2383 2741,2349 3044,2357 3084,2342 3083,2307 2283,2328"/>
                <Baseline points="2289,2366 2328,2365 2368,2364 2407,2364 2447,2363 2486,2361 2526,2360 2565,2359 2605,2357 2644,2356 2684,2354 2723,2353 2763,2351 2802,2350 2842,2348 2881,2347 2921,2345 2960,2344 3000,2342 3039,2342 3079,2341"/>
                <TextEquiv>
                    <Unicode>Evidentemente, anche il vecchio Schnit¬</Unicode>
                </TextEquiv>
            </TextLine>
            <TextLine id="r3l49" custom="readingOrder {index:48;}">
                <Coords points="2242,2431 2998,2411 2996,2365 2857,2354 2757,2383 2241,2391"/>
                <Baseline points="2247,2416 2284,2417 2321,2417 2358,2416 2396,2416 2433,2414 2470,2413 2507,2412 2545,2410 2582,2408 2619,2406 2656,2404 2694,2402 2731,2401 2768,2399 2805,2397 2843,2396 2880,2395 2917,2394 2954,2394 2992,2394"/>
                <TextEquiv>
                    <Unicode>zler comincia a pensare all’ Eterno.</Unicode>
                </TextEquiv>
            </TextLine>
            <TextLine id="r3l50" custom="readingOrder {index:49;}">
                <Coords points="2739,2467 2815,2457 2833,2470 2884,2446 2919,2463 3003,2448 3069,2457 3067,2418 3051,2424 3015,2399 2961,2419 2891,2407 2805,2421 2766,2411 2738,2424"/>
                <Baseline points="2744,2450 2770,2450 2797,2451 2823,2450 2850,2450 2876,2449 2903,2449 2930,2447 2956,2446 2983,2445 3009,2444 3036,2443 3063,2443"/>
                <TextEquiv>
                    <Unicode>Luigi Tonelli.</Unicode>
                </TextEquiv>
            </TextLine>
            <TextLine id="r3l51" custom="readingOrder {index:50;}">
                <Coords points="2468,2553 2777,2556 2905,2536 2904,2503 2856,2485 2837,2498 2773,2485 2722,2498 2623,2483 2553,2505 2531,2489 2466,2504"/>
                <Baseline points="2473,2546 2498,2545 2523,2545 2548,2543 2573,2543 2598,2542 2623,2542 2648,2541 2673,2540 2698,2540 2723,2539 2748,2538 2773,2537 2798,2536 2823,2535 2848,2534 2873,2533 2899,2531"/>
                <TextEquiv>
                    <Unicode>MARGINALIA</Unicode>
                </TextEquiv>
            </TextLine>
            <TextLine id="r3l52" custom="readingOrder {index:51;}">
                <Coords points="2342,2630 3004,2618 3109,2593 3077,2565 3024,2584 2899,2562 2841,2584 2341,2595"/>
                <Baseline points="2347,2621 2384,2621 2422,2622 2460,2621 2498,2621 2536,2620 2573,2619 2611,2618 2649,2617 2687,2615 2725,2613 2762,2612 2800,2610 2838,2609 2876,2607 2914,2605 2951,2604 2989,2603 3027,2602 3065,2601 3103,2600"/>
                <TextEquiv>
                    <Unicode>Una falsificazione letterarla del se¬</Unicode>
                </TextEquiv>
            </TextLine>
            <TextLine id="r3l53" custom="readingOrder {index:52;}">
                <Coords points="2264,2675 3093,2655 3100,2611 2263,2642"/>
                <Baseline points="2269,2665 2310,2665 2351,2664 2393,2664 2434,2662 2475,2661 2517,2660 2558,2659 2599,2657 2641,2656 2682,2654 2723,2653 2765,2651 2806,2650 2847,2648 2889,2647 2930,2646 2971,2645 3013,2644 3054,2643 3096,2643"/>
                <TextEquiv>
                    <Unicode>colo XIX. — Sono le „Letteren di Brunetto</Unicode>
                </TextEquiv>
            </TextLine>
            <TextLine id="r3l54" custom="readingOrder {index:53;}">
                <Coords points="2259,2711 3072,2696 3111,2690 3110,2655 2258,2677"/>
                <Baseline points="2264,2706 2306,2705 2348,2704 2390,2703 2432,2702 2474,2701 2516,2700 2558,2699 2600,2697 2642,2696 2684,2695 2726,2693 2768,2692 2810,2690 2852,2689 2894,2687 2936,2686 2978,2685 3020,2683 3062,2682 3105,2681"/>
                <TextEquiv>
                    <Unicode>Latini, fonte apocrifa per la storia della</Unicode>
                </TextEquiv>
            </TextLine>
            <TextLine id="r3l55" custom="readingOrder {index:54;}">
                <Coords points="2266,2749 3086,2734 3123,2710 3096,2686 2265,2712"/>
                <Baseline points="2271,2743 2313,2742 2355,2741 2397,2740 2440,2739 2482,2738 2524,2737 2567,2736 2609,2735 2651,2733 2694,2732 2736,2731 2778,2730 2820,2728 2863,2726 2905,2725 2947,2723 2990,2722 3032,2720 3074,2718 3117,2716"/>
                <TextEquiv>
                    <Unicode>bussola nautica. Fra: i#numerosi scrittori</Unicode>
                </TextEquiv>
            </TextLine>
            <TextLine id="r3l56" custom="readingOrder {index:55;}">
                <Coords points="2265,2793 3067,2774 3118,2745 2942,2722 2263,2751"/>
                <Baseline points="2270,2784 2312,2783 2354,2781 2396,2781 2438,2779 2480,2778 2522,2777 2565,2775 2607,2774 2649,2773 2691,2771 2733,2770 2775,2769 2817,2767 2860,2766 2902,2764 2944,2762 2986,2761 3028,2760 3070,2758 3113,2757"/>
                <TextEquiv>
                    <Unicode>italiani che si sono occupati di Brunetto</Unicode>
                </TextEquiv>
            </TextLine>
            <TextLine id="r3l57" custom="readingOrder {index:56;}">
                <Coords points="2251,2828 3116,2794 2961,2762 2251,2809"/>
                <Baseline points="2257,2825 2299,2823 2342,2821 2385,2820 2427,2818 2470,2817 2513,2815 2555,2814 2598,2812 2641,2811 2684,2810 2726,2808 2769,2807 2812,2806 2854,2805 2897,2803 2940,2802 2982,2801 3025,2799 3068,2798 3111,2796"/>
                <TextEquiv>
                    <Unicode>Latini, forse nessuno ha accennato alle  Let¬</Unicode>
                </TextEquiv>
            </TextLine>
            <TextLine id="r3l58" custom="readingOrder {index:57;}">
                <Coords points="2268,2863 3129,2855 3120,2796 2267,2831"/>
                <Baseline points="2274,2862 2316,2861 2358,2860 2401,2859 2443,2857 2486,2856 2528,2855 2571,2853 2613,2852 2656,2851 2698,2849 2740,2848 2783,2847 2825,2846 2868,2844 2910,2842 2953,2841 2995,2840 3038,2838 3080,2837 3123,2836"/>
                <TextEquiv>
                    <Unicode>tere, rese note quasi 13o anni fa. Anzi,</Unicode>
                </TextEquiv>
            </TextLine>
            <TextLine id="r3l59" custom="readingOrder {index:58;}">
                <Coords points="2262,2901 3113,2892 3127,2853 2261,2872"/>
                <Baseline points="2268,2903 2310,2902 2353,2900 2396,2898 2439,2897 2481,2896 2524,2894 2567,2893 2610,2891 2652,2890 2695,2889 2738,2887 2781,2886 2823,2885 2866,2884 2909,2882 2952,2881 2994,2880 3037,2878 3080,2877 3123,2875"/>
                <TextEquiv>
                    <Unicode>in tempi recenti, le abbiamo vedute citate</Unicode>
                </TextEquiv>
            </TextLine>
            <TextLine id="r3l60" custom="readingOrder {index:59;}">
                <Coords points="2258,2950 3132,2919 3131,2891 3083,2882 2257,2916"/>
                <Baseline points="2263,2943 2306,2941 2349,2939 2392,2938 2435,2936 2479,2935 2522,2933 2565,2932 2608,2931 2651,2930 2695,2929 2738,2927 2781,2927 2824,2925 2867,2924 2911,2922 2954,2921 2997,2920 3040,2918 3083,2916 3127,2915"/>
                <TextEquiv>
                    <Unicode>da eruditi stranieri, come opera genuina</Unicode>
                </TextEquiv>
            </TextLine>
            <TextLine id="r3l61" custom="readingOrder {index:60;}">
                <Coords points="2263,2993 3132,2953 3131,2921 2262,2949"/>
                <Baseline points="2268,2980 2313,2979 2358,2978 2403,2976 2448,2975 2494,2974 2539,2972 2584,2971 2629,2970 2674,2968 2720,2967 2765,2965 2810,2964 2855,2963 2900,2961 2946,2959 2991,2958 3036,2955 3081,2954 3127,2952"/>
                <TextEquiv>
                    <Unicode>dell’autore del Tesorov. L’ interesse su¬</Unicode>
                </TextEquiv>
            </TextLine>
            <TextLine id="r3l62" custom="readingOrder {index:61;}">
                <Coords points="2271,3036 2971,2994 3040,3011 3133,2999 3132,2970 2269,2993"/>
                <Baseline points="2276,3020 2318,3019 2361,3018 2403,3017 2446,3015 2488,3014 2531,3013 2573,3011 2616,3010 2658,3008 2701,3007 2744,3006 2786,3004 2829,3002 2871,3001 2914,2999 2956,2998 2999,2997 3041,2995 3084,2993 3127,2992"/>
                <TextEquiv>
                    <Unicode>scitato da codesta falsificazione é dovuto</Unicode>
                </TextEquiv>
            </TextLine>
            <TextLine id="r3l63" custom="readingOrder {index:62;}">
                <Coords points="2265,3068 3129,3046 3110,2998 2264,3036"/>
                <Baseline points="2270,3061 2312,3060 2355,3059 2397,3058 2440,3056 2483,3054 2525,3053 2568,3051 2611,3049 2653,3047 2696,3045 2739,3043 2781,3042 2824,3040 2867,3039 2909,3037 2952,3036 2995,3035 3037,3034 3080,3033 3123,3033"/>
                <TextEquiv>
                    <Unicode>soprattutto al passo concernente la bussola</Unicode>
                </TextEquiv>
            </TextLine>
            <TextLine id="r3l64" custom="readingOrder {index:63;}">
                <Coords points="2264,3108 3050,3091 3139,3080 3138,3048 2263,3076"/>
                <Baseline points="2269,3098 2312,3097 2355,3096 2398,3096 2441,3094 2485,3093 2528,3091 2571,3090 2614,3088 2657,3086 2701,3085 2744,3083 2787,3081 2830,3080 2873,3078 2917,3076 2960,3075 3003,3074 3046,3073 3089,3072 3133,3071"/>
                <TextEquiv>
                    <Unicode>nautica, passo accettato dai diversi scien¬</Unicode>
                </TextEquiv>
            </TextLine>
            <TextLine id="r3l65" custom="readingOrder {index:64;}">
                <Coords points="2265,3136 3137,3117 3119,3075 2265,3119"/>
                <Baseline points="2271,3137 2314,3136 2357,3135 2400,3134 2443,3133 2486,3132 2529,3130 2572,3129 2615,3128 2658,3126 2701,3124 2744,3123 2787,3121 2830,3120 2873,3118 2916,3117 2959,3114 3002,3113 3045,3111 3088,3109 3131,3107"/>
                <TextEquiv>
                    <Unicode>ziati come fonte importante per la storia</Unicode>
                </TextEquiv>
            </TextLine>
            <TextLine id="r3l66" custom="readingOrder {index:65;}">
                <Coords points="2266,3179 3141,3168 3140,3133 2945,3118 2265,3156"/>
                <Baseline points="2271,3176 2314,3175 2357,3174 2400,3172 2443,3171 2487,3169 2530,3168 2573,3166 2616,3165 2659,3163 2703,3162 2746,3161 2789,3159 2832,3158 2875,3156 2919,3155 2962,3154 3005,3152 3048,3151 3091,3149 3135,3147"/>
                <TextEquiv>
                    <Unicode>della navigazione nel medioevo. Desideroso</Unicode>
                </TextEquiv>
            </TextLine>
            <TextLine id="r3l67" custom="readingOrder {index:66;}">
                <Coords points="2278,3215 3143,3191 3142,3163 3082,3161 2277,3182"/>
                <Baseline points="2284,3214 2326,3212 2369,3211 2411,3210 2454,3209 2497,3207 2539,3206 2582,3205 2625,3204 2667,3203 2710,3202 2753,3200 2795,3199 2838,3198 2881,3196 2923,3195 2966,3193 3009,3192 3051,3190 3094,3187 3137,3185"/>
                <TextEquiv>
                    <Unicode>di veder scomparire una volta per sempre</Unicode>
                </TextEquiv>
            </TextLine>
            <TextLine id="r3l68" custom="readingOrder {index:67;}">
                <Coords points="2272,3258 2995,3231 3132,3250 3121,3192 2271,3233"/>
                <Baseline points="2277,3257 2319,3255 2361,3254 2404,3252 2446,3251 2489,3249 2531,3247 2573,3245 2616,3244 2658,3242 2701,3241 2743,3239 2785,3238 2828,3237 2870,3235 2913,3233 2955,3232 2997,3230 3040,3229 3082,3227 3125,3225"/>
                <TextEquiv>
                    <Unicode>questa mistificazione grossolana dalla storia</Unicode>
                </TextEquiv>
            </TextLine>
            <TextLine id="r3l69" custom="readingOrder {index:68;}">
                <Coords points="2269,3297 3126,3267 3096,3235 2269,3274"/>
                <Baseline points="2275,3296 2317,3295 2359,3293 2401,3291 2444,3289 2486,3288 2528,3287 2571,3286 2613,3284 2655,3283 2698,3281 2740,3280 2782,3279 2824,3277 2867,3276 2909,3274 2951,3272 2994,3270 3036,3268 3078,3266 3121,3263"/>
                <TextEquiv>
                    <Unicode>delle gecgrafia e della letteratura brunet¬</Unicode>
                </TextEquiv>
            </TextLine>
            <TextLine id="r3l70" custom="readingOrder {index:69;}">
                <Coords points="2281,3341 3066,3325 3134,3313 3133,3286 2279,3306"/>
                <Baseline points="2286,3336 2328,3334 2370,3332 2412,3330 2454,3329 2496,3327 2538,3325 2581,3324 2623,3323 2665,3322 2707,3320 2749,3319 2791,3317 2833,3316 2876,3314 2918,3313 2960,3311 3002,3310 3044,3308 3086,3306 3129,3304"/>
                <TextEquiv>
                    <Unicode>tiana, Mario Esposito riproduce nell'Archivio</Unicode>
                </TextEquiv>
            </TextLine>
            <TextLine id="r3l71" custom="readingOrder {index:70;}">
                <Coords points="2281,3375 2930,3368 3115,3355 3139,3317 2280,3352"/>
                <Baseline points="2286,3376 2328,3374 2370,3371 2413,3369 2455,3368 2498,3366 2540,3364 2583,3363 2625,3362 2668,3360 2710,3359 2752,3358 2795,3357 2837,3355 2880,3354 2922,3352 2965,3351 3007,3349 3050,3347 3092,3346 3135,3343"/>
                <TextEquiv>
                    <Unicode>storico italiano due note già pubblicate</Unicode>
                </TextEquiv>
            </TextLine>
            <TextLine id="r3l72" custom="readingOrder {index:71;}">
                <Coords points="2281,3413 3144,3391 3142,3351 3042,3350 2280,3385"/>
                <Baseline points="2287,3415 2329,3413 2372,3410 2414,3409 2457,3407 2499,3405 2542,3404 2584,3403 2627,3401 2669,3401 2712,3399 2755,3399 2797,3398 2840,3396 2882,3395 2925,3394 2967,3392 3010,3390 3052,3388 3095,3386 3138,3384"/>
                <TextEquiv>
                    <Unicode>dodici anni or sono in Inghilterra, svilup¬</Unicode>
                </TextEquiv>
            </TextLine>
            <TextLine id="r3l73" custom="readingOrder {index:72;}">
                <Coords points="2279,3464 3141,3431 3129,3386 2278,3429"/>
                <Baseline points="2285,3458 2327,3454 2370,3451 2412,3448 2455,3446 2497,3444 2540,3443 2582,3442 2625,3440 2667,3439 2710,3438 2752,3438 2795,3436 2837,3436 2880,3434 2922,3433 2965,3431 3007,3429 3050,3427 3092,3424 3135,3421"/>
                <TextEquiv>
                    <Unicode>pandole in modo definitivo. Queste finte</Unicode>
                </TextEquiv>
            </TextLine>
            <TextLine id="r3l74" custom="readingOrder {index:73;}">
                <Coords points="2283,3494 3058,3482 3144,3462 3143,3432 2282,3472"/>
                <Baseline points="2288,3490 2330,3488 2373,3487 2415,3486 2458,3485 2500,3484 2543,3482 2585,3481 2628,3480 2670,3479 2713,3477 2756,3476 2798,3474 2841,3473 2883,3471 2926,3470 2968,3468 3011,3466 3053,3464 3096,3462 3139,3460"/>
                <TextEquiv>
                    <Unicode>(Lettere) di Brunetto Latini, delle quali</Unicode>
                </TextEquiv>
            </TextLine>
            <TextLine id="r3l75" custom="readingOrder {index:74;}">
                <Coords points="2280,3539 3153,3507 3152,3476 3098,3468 2279,3504"/>
                <Baseline points="2285,3528 2328,3527 2371,3526 2414,3526 2457,3524 2500,3523 2543,3521 2586,3520 2629,3518 2672,3517 2716,3515 2759,3513 2802,3512 2845,3510 2888,3509 2931,3507 2974,3506 3017,3506 3060,3505 3103,3505 3147,3505"/>
                <TextEquiv>
                    <Unicode>1' Esposito dà l’analisi sommaria, fecero la</Unicode>
                </TextEquiv>
            </TextLine>
            <TextLine id="r3l76" custom="readingOrder {index:75;}">
                <Coords points="2280,3576 3145,3547 3143,3504 2279,3547"/>
                <Baseline points="2285,3568 2327,3567 2370,3565 2413,3564 2455,3563 2498,3562 2541,3561 2583,3559 2626,3558 2669,3556 2712,3555 2754,3554 2797,3553 2840,3551 2882,3550 2925,3549 2968,3548 3010,3546 3053,3545 3096,3544 3139,3543"/>
                <TextEquiv>
                    <Unicode>loro comparsa nel 1802, sotto forma di</Unicode>
                </TextEquiv>
            </TextLine>
            <TextLine id="r3l77" custom="readingOrder {index:76;}">
                <Coords points="2276,3615 2875,3588 3137,3606 3135,3551 3112,3547 2275,3579"/>
                <Baseline points="2281,3607 2323,3607 2366,3606 2408,3605 2451,3604 2493,3602 2536,3601 2578,3599 2621,3598 2663,3596 2706,3595 2748,3593 2791,3592 2833,3590 2876,3589 2918,3587 2961,3585 3003,3584 3046,3583 3088,3581 3131,3580"/>
                <TextEquiv>
                    <Unicode>certi estratti pubblicati dallo escopritore 9,</Unicode>
                </TextEquiv>
            </TextLine>
            <TextLine id="r3l78" custom="readingOrder {index:77;}">
                <Coords points="2281,3646 3143,3643 3142,3606 3052,3587 2281,3624"/>
                <Baseline points="2287,3645 2329,3645 2372,3644 2414,3643 2457,3643 2499,3642 2542,3640 2584,3639 2627,3638 2669,3636 2712,3635 2754,3633 2797,3632 2839,3630 2882,3629 2924,3627 2967,3625 3009,3624 3052,3622 3094,3621 3137,3620"/>
                <TextEquiv>
                    <Unicode>certo William Dupré, in una rivista inglese,</Unicode>
                </TextEquiv>
            </TextLine>
            <TextLine id="r3l79" custom="readingOrder {index:78;}">
                <Coords points="2340,3685 3145,3668 3144,3643 3095,3627 2461,3661 2400,3643 2339,3667"/>
                <Baseline points="2345,3679 2384,3680 2424,3680 2464,3680 2503,3679 2543,3679 2583,3678 2622,3677 2662,3676 2702,3674 2742,3673 2781,3671 2821,3670 2861,3668 2900,3666 2940,3665 2980,3664 3019,3662 3059,3660 3099,3659 3139,3658"/>
                <TextEquiv>
                    <Unicode>Monthly Magazine v. Tralasciando la</Unicode>
                </TextEquiv>
            </TextLine>
            <TextLine id="r3l80" custom="readingOrder {index:79;}">
                <Coords points="2276,3695 2282,3693 2289,3696 2290,3694 2303,3701 2308,3701 2316,3691 2323,3695 2325,3692 2332,3691 2325,3650 2311,3655 2308,3652 2302,3652 2297,3657 2284,3657 2279,3662 2277,3660 2271,3662"/>
                <Baseline points="2280,3690 2325,3683"/>
                <TextEquiv>
                    <Unicode>il</Unicode>
                </TextEquiv>
            </TextLine>
            <TextLine id="r3l81" custom="readingOrder {index:80;}">
                <Coords points="2292,3731 3149,3696 3148,3670 3061,3658 2291,3703"/>
                <Baseline points="2297,3723 2339,3722 2381,3721 2423,3720 2466,3719 2508,3718 2550,3717 2593,3716 2635,3715 2677,3713 2720,3712 2762,3711 2804,3709 2846,3708 2889,3706 2931,3705 2973,3703 3016,3701 3058,3699 3100,3697 3143,3695"/>
                <TextEquiv>
                    <Unicode>critica alle prime lettere, fermiamoci all’ot¬</Unicode>
                </TextEquiv>
            </TextLine>
            <TextLine id="r3l82" custom="readingOrder {index:81;}">
                <Coords points="2285,3765 3143,3743 3141,3698 2285,3741"/>
                <Baseline points="2291,3762 2333,3762 2375,3761 2417,3760 2460,3759 2502,3758 2544,3757 2587,3756 2629,3754 2671,3753 2714,3751 2756,3749 2798,3748 2840,3746 2883,3745 2925,3743 2967,3742 3010,3740 3052,3739 3094,3738 3137,3736"/>
                <TextEquiv>
                    <Unicode>tava, che é la piu interessante per l’accenno</Unicode>
                </TextEquiv>
            </TextLine>
            <TextLine id="r3l83" custom="readingOrder {index:82;}">
                <Coords points="2287,3810 3151,3794 3149,3759 3102,3744 2286,3778"/>
                <Baseline points="2292,3802 2334,3801 2377,3800 2419,3799 2462,3798 2505,3797 2547,3795 2590,3794 2633,3792 2675,3791 2718,3789 2761,3788 2803,3786 2846,3785 2889,3783 2931,3782 2974,3781 3017,3779 3059,3778 3102,3778 3145,3777"/>
                <TextEquiv>
                    <Unicode>alla bussola. Ser Brunetto descrive in questa</Unicode>
                </TextEquiv>
            </TextLine>
            <TextLine id="r3l84" custom="readingOrder {index:83;}">
                <Coords points="2300,3849 3144,3815 3143,3784 3102,3782 2300,3821"/>
                <Baseline points="2306,3840 2347,3838 2389,3837 2430,3836 2472,3835 2514,3834 2555,3833 2597,3831 2639,3830 2680,3829 2722,3829 2764,3827 2805,3826 2847,3825 2889,3823 2930,3822 2972,3821 3014,3819 3055,3818 3097,3816 3139,3814"/>
                <TextEquiv>
                    <Unicode>Vletteran, indirizzata a Guido Cavalcanti</Unicode>
                </TextEquiv>
            </TextLine>
            <TextLine id="r3l85" custom="readingOrder {index:84;}">
                <Coords points="2294,3890 3149,3857 3148,3827 3090,3820 2293,3855"/>
                <Baseline points="2299,3879 2341,3878 2383,3877 2425,3875 2467,3874 2510,3873 2552,3872 2594,3871 2636,3871 2678,3870 2721,3869 2763,3868 2805,3867 2847,3865 2889,3864 2932,3863 2974,3861 3016,3859 3058,3856 3100,3853 3143,3850"/>
                <TextEquiv>
                    <Unicode>in Firenze, la sua visita a Oxford ove s’ in¬</Unicode>
                </TextEquiv>
            </TextLine>
            <TextLine id="r3l86" custom="readingOrder {index:85;}">
                <Coords points="2296,3928 3092,3909 3153,3903 3152,3856 2982,3884 2295,3893"/>
                <Baseline points="2301,3919 2343,3918 2385,3916 2427,3914 2470,3913 2512,3912 2554,3911 2597,3910 2639,3909 2681,3908 2724,3907 2766,3906 2808,3905 2850,3904 2893,3903 2935,3901 2977,3900 3020,3899 3062,3896 3104,3895 3147,3892"/>
                <TextEquiv>
                    <Unicode>contra col famoso Ruggero Bacone, che gli</Unicode>
                </TextEquiv>
            </TextLine>
            <TextLine id="r3l87" custom="readingOrder {index:86;}">
                <Coords points="2290,3972 2934,3957 3156,3934 3155,3905 2617,3936 2288,3923"/>
                <Baseline points="2295,3965 2337,3963 2380,3961 2423,3959 2466,3958 2509,3956 2551,3954 2594,3953 2637,3951 2680,3950 2723,3948 2765,3946 2808,3945 2851,3943 2894,3942 2937,3941 2979,3939 3022,3938 3065,3936 3108,3935 3151,3934"/>
                <TextEquiv>
                    <Unicode>parla della sua scoperta della polvere da</Unicode>
                </TextEquiv>
            </TextLine>
            <TextLine id="r3l88" custom="readingOrder {index:87;}">
                <Coords points="2292,4024 3149,3980 3147,3933 2291,3980"/>
                <Baseline points="2297,4005 2339,4003 2381,4001 2423,3999 2466,3997 2508,3995 2550,3994 2593,3992 2635,3991 2677,3990 2720,3988 2762,3987 2804,3985 2846,3984 2889,3982 2931,3981 2973,3980 3016,3978 3058,3977 3100,3975 3143,3974"/>
                <TextEquiv>
                    <Unicode>cannone e gli mostra una calamita, numerosi</Unicode>
                </TextEquiv>
            </TextLine>
            <TextEquiv>
                <Unicode>
ler vecchio &amp; ancöra, e piü che mai, fedele
alla schola naturalista francese, se anche,
da quel buon medico, oltre chr da quel
buen scrittore, ch’egli é, abbia accolte,
senza per altro esagerare, certe conquiste
psicanalitiche. Originale 6 tuttavia la crea¬
zione di Teresa: fanciulla di buona famiglia,
nata per essere una brava mogliee un'ot¬
tima madre, dotata d’un cucre affettuoso e
generoso, e tuttavia trascinata dalle circo¬
stanze e dall’egoismo maschile a cadere
sempre piu in basso, finché, proprio quando
potrebbe redimersi, e conquistare l’equili¬
brio e la pace con un uomo, non piu gio¬
vine, ma intelligente ed onesto, &amp; quasi
strangolata dal figlio, che, nato male, peg¬
gio educato, divenuto precocissimo manu¬
tengolo e ladro, l’aveva formentata e per¬
seguitata con continue minacce ed estor¬
sioni. Specialmente originale mi sembra quel
rimorso, da cui Teresa é dominata, nei ri¬
guardi del figlio per aver avuto, nella terri¬
bile notte del parto, sia pure per un at¬
timo, il pensiero d’ucciderlo; rimorso, che
le fa considerare tutte le disgrazie capita¬
tele come una giusta espiazione di quel
delitto intenzionale, e quando sta per morire
in séguito alla violenza del figlio, la induce
e quasi ossessiona a confessarlo ed esage¬
rarlo, perché esso valga a far assolvere,
dinanzi ai giurati, il matricida. E vera¬
mente, anche noi pensiamo, d’accordo con
un personaggio dello stesso romanzo, &amp;co¬
me il figlio, che era stato per lei cosi a
lungo perduto, ella l’avesse ritrovato nel¬
listante in cui egli s’era fatto esecutore
dli un' istessa giustizia v.
Conclusione mistica, che fa pensare a
Dostojewski e Tolstoi, e che, ad ogni
modo, illumina d’una luce vivamente spi
rituale tutta quetsa dolente storia di donna,
quasi riscattandola dai modelli naturalisti
francesi, i quali non possono ormai non
apparire alla nostra sensibilità troppo plum¬
bei e soffocanti, nel loro materialismo
determinismo intransigente.
Evidentemente, anche il vecchio Schnit¬
zler comincia a pensare all’ Eterno.
Luigi Tonelli.
MARGINALIA
Una falsificazione letterarla del se¬
colo XIX. — Sono le „Letteren di Brunetto
Latini, fonte apocrifa per la storia della
bussola nautica. Fra: i#numerosi scrittori
italiani che si sono occupati di Brunetto
Latini, forse nessuno ha accennato alle  Let¬
tere, rese note quasi 13o anni fa. Anzi,
in tempi recenti, le abbiamo vedute citate
da eruditi stranieri, come opera genuina
dell’autore del Tesorov. L’ interesse su¬
scitato da codesta falsificazione é dovuto
soprattutto al passo concernente la bussola
nautica, passo accettato dai diversi scien¬
ziati come fonte importante per la storia
della navigazione nel medioevo. Desideroso
di veder scomparire una volta per sempre
questa mistificazione grossolana dalla storia
delle gecgrafia e della letteratura brunet¬
tiana, Mario Esposito riproduce nell'Archivio
storico italiano due note già pubblicate
dodici anni or sono in Inghilterra, svilup¬
pandole in modo definitivo. Queste finte
(Lettere) di Brunetto Latini, delle quali
1' Esposito dà l’analisi sommaria, fecero la
loro comparsa nel 1802, sotto forma di
certi estratti pubblicati dallo escopritore 9,
certo William Dupré, in una rivista inglese,
Monthly Magazine v. Tralasciando la
il
critica alle prime lettere, fermiamoci all’ot¬
tava, che é la piu interessante per l’accenno
alla bussola. Ser Brunetto descrive in questa
Vletteran, indirizzata a Guido Cavalcanti
in Firenze, la sua visita a Oxford ove s’ in¬
contra col famoso Ruggero Bacone, che gli
parla della sua scoperta della polvere da
cannone e gli mostra una calamita, numerosi</Unicode>
            </TextEquiv>
        </TextRegion>
        <TextRegion orientation="0.0" id="r4" custom="readingOrder {index:3;}">
            <Coords points="3106,40 3106,185 3284,185 3284,40"/>
            <TextLine id="r4l1" custom="readingOrder {index:0;}">
                <Coords points="3101,68 3114,75 3156,68 3169,74 3182,66 3208,65 3221,73 3234,67 3244,76 3266,70 3287,80 3287,23 3277,19 3261,20 3245,32 3228,27 3220,35 3193,28 3101,28"/>
                <Baseline points="3106,61 3131,61 3156,61 3181,61 3206,61 3231,61 3256,61 3281,60"/>
                <TextEquiv>
                    <Unicode></Unicode>
                </TextEquiv>
            </TextLine>
            <TextLine id="r4l2" custom="readingOrder {index:1;}">
                <Coords points="3107,113 3139,108 3150,117 3163,107 3170,112 3186,106 3205,114 3232,109 3238,113 3253,99 3279,107 3279,74 3242,82 3232,73 3218,70 3211,76 3199,67 3183,74 3156,68 3123,80 3107,74"/>
                <Baseline points="3113,99 3139,98 3166,97 3193,97 3220,98 3247,98 3274,98"/>
                <TextEquiv>
                    <Unicode>nando, e</Unicode>
                </TextEquiv>
            </TextLine>
            <TextLine id="r4l3" custom="readingOrder {index:2;}">
                <Coords points="3104,138 3126,142 3136,151 3179,143 3204,148 3222,135 3245,147 3290,145 3290,113 3256,100 3236,115 3205,115 3188,106 3170,112 3163,105 3151,116 3139,108 3104,114"/>
                <Baseline points="3110,138 3139,136 3168,136 3197,137 3226,137 3255,137 3284,136"/>
                <TextEquiv>
                    <Unicode>netto vo</Unicode>
                </TextEquiv>
            </TextLine>
            <TextLine id="r4l4" custom="readingOrder {index:3;}">
                <Coords points="3112,183 3172,195 3195,185 3218,188 3258,179 3289,203 3289,148 3254,152 3239,142 3228,152 3207,146 3183,155 3174,146 3141,152 3129,144 3112,147"/>
                <Baseline points="3117,175 3144,175 3172,175 3200,175 3228,175 3256,174 3284,174"/>
                <TextEquiv>
                    <Unicode>letteratuf</Unicode>
                </TextEquiv>
            </TextLine>
            <TextEquiv>
                <Unicode>
nando, e
netto vo
letteratuf</Unicode>
            </TextEquiv>
        </TextRegion>
        <TextRegion orientation="0.0" id="r5" custom="readingOrder {index:4;}">
            <Coords points="3187,2885 3187,3239 3341,3239 3341,2885"/>
            <TextLine id="r5l1" custom="readingOrder {index:0;}">
                <Coords points="3300,2924 3306,2923 3308,2919 3315,2922 3320,2920 3324,2923 3330,2922 3324,2872 3316,2873 3315,2875 3305,2871 3302,2874 3294,2874"/>
                <Baseline points="3304,2907 3322,2905"/>
                <TextEquiv>
                    <Unicode>G</Unicode>
                </TextEquiv>
            </TextLine>
            <TextLine id="r5l2" custom="readingOrder {index:1;}">
                <Coords points="3196,2955 3220,2961 3227,2955 3250,2965 3274,2960 3282,2965 3306,2950 3321,2955 3334,2952 3333,2919 3306,2922 3297,2914 3289,2917 3282,2913 3267,2920 3260,2917 3251,2924 3240,2915 3196,2923"/>
                <Baseline points="3201,2948 3226,2949 3251,2949 3277,2947 3302,2947 3328,2949"/>
                <TextEquiv>
                    <Unicode>sto di r</Unicode>
                </TextEquiv>
            </TextLine>
            <TextLine id="r5l3" custom="readingOrder {index:2;}">
                <Coords points="3184,3000 3214,3003 3236,2994 3251,3006 3289,2990 3294,2995 3311,2991 3323,2999 3331,2994 3347,2997 3346,2953 3331,2960 3317,2953 3298,2956 3281,2966 3274,2960 3261,2965 3229,2957 3218,2965 3204,2955 3183,2957"/>
                <Baseline points="3189,2991 3214,2990 3239,2990 3265,2989 3290,2988 3315,2988 3341,2987"/>
                <TextEquiv>
                    <Unicode>imperia</Unicode>
                </TextEquiv>
            </TextLine>
            <TextLine id="r5l4" custom="readingOrder {index:3;}">
                <Coords points="3182,3034 3214,3037 3230,3032 3260,3045 3280,3030 3309,3030 3323,3040 3329,3035 3347,3039 3346,2991 3324,3000 3310,2991 3280,2998 3272,2994 3255,3006 3237,2995 3213,3003 3181,3002"/>
                <Baseline points="3187,3029 3212,3028 3238,3028 3264,3027 3289,3026 3315,3026 3341,3027"/>
                <TextEquiv>
                    <Unicode>relativa</Unicode>
                </TextEquiv>
            </TextLine>
            <TextLine id="r5l5" custom="readingOrder {index:4;}">
                <Coords points="3184,3074 3214,3077 3234,3072 3253,3077 3277,3064 3316,3073 3337,3067 3336,3035 3317,3040 3302,3034 3292,3042 3283,3040 3268,3048 3230,3032 3183,3035"/>
                <Baseline points="3189,3071 3217,3070 3245,3069 3274,3069 3302,3068 3331,3067"/>
                <TextEquiv>
                    <Unicode>alla te</Unicode>
                </TextEquiv>
            </TextLine>
            <TextLine id="r5l6" custom="readingOrder {index:5;}">
                <Coords points="3277,3114 3282,3113 3286,3116 3302,3114 3320,3121 3330,3111 3342,3112 3341,3071 3321,3070 3308,3082 3297,3081 3284,3072 3275,3073"/>
                <Baseline points="3282,3104 3309,3102 3336,3102"/>
                <TextEquiv>
                    <Unicode>ico</Unicode>
                </TextEquiv>
            </TextLine>
            <TextLine id="r5l7" custom="readingOrder {index:6;}">
                <Coords points="3310,3201 3322,3199 3325,3194 3330,3192 3331,3190 3336,3190 3329,3155 3320,3156 3316,3154 3313,3156 3310,3154 3302,3157"/>
                <Baseline points="3312,3184 3328,3181"/>
                <TextEquiv>
                    <Unicode></Unicode>
                </TextEquiv>
            </TextLine>
            <TextLine id="r5l8" custom="readingOrder {index:7;}">
                <Coords points="3243,3186 3249,3185 3254,3181 3261,3183 3264,3186 3271,3185 3268,3152 3261,3152 3257,3157 3252,3152 3248,3155 3246,3153 3241,3153"/>
                <Baseline points="3249,3186 3265,3185"/>
                <TextEquiv>
                    <Unicode>820</Unicode>
                </TextEquiv>
            </TextLine>
            <TextLine id="r5l9" custom="readingOrder {index:8;}">
                <Coords points="3210,3242 3238,3238 3254,3225 3264,3233 3270,3227 3285,3228 3296,3237 3341,3226 3339,3199 3329,3197 3316,3202 3294,3196 3285,3200 3268,3191 3257,3201 3244,3191 3232,3195 3227,3192 3217,3200 3207,3198"/>
                <Baseline points="3215,3229 3245,3224 3275,3221 3305,3221 3335,3221"/>
                <TextEquiv>
                    <Unicode>gli inca</Unicode>
                </TextEquiv>
            </TextLine>
            <TextEquiv>
                <Unicode>G
sto di r
imperia
relativa
alla te
ico

820
gli inca</Unicode>
            </TextEquiv>
        </TextRegion>
        <TextRegion orientation="0.0" id="r6" custom="readingOrder {index:5;}">
            <Coords points="3326,3825 3326,3977 3342,3977 3342,3825"/>
            <TextLine id="r6l1" custom="readingOrder {index:0;}">
                <Coords points="3318,3943 3327,3943 3329,3945 3337,3941 3345,3942 3352,3893 3344,3892 3340,3895 3339,3893 3330,3898 3325,3898"/>
                <Baseline points="3326,3925 3342,3927"/>
                <TextEquiv>
                    <Unicode>1</Unicode>
                </TextEquiv>
            </TextLine>
            <TextEquiv>
                <Unicode>1</Unicode>
            </TextEquiv>
        </TextRegion>
    </Page>
</PcGts>
