3296 4320
189 183 785 271 2. Cuttings
934 161 1390 245 box 38/4
946 782 1464 863 ANDRE MAUROIS
874 888 1540 948 The story of M. Maurois is that of a
879 939 1535 993 philosophic young intellectual, almost
884 982 1532 1027 sacrificed to the gods of modern busi¬
884 1024 1537 1078 ness, but fortunately for himself and
889 1061 1542 1119 for us, reicased by the Great War. His
887 1100 1545 1162 family textile mills claimed him when
881 1143 1541 1194 he was little more than a boy, but when
894 1195 1543 1233 che war camc his long enthusiasm for
894 1226 1535 1274 life and letters on the other side of ehe
891 1266 1542 1314 Channel made of him an idcal liasion
890 1308 1536 1359 oflicer, he became attached to G. H. O.
889 1362 1540 1400 and, curiously, for the first time found
893 1399 1532 1442 leisure to writc—which he did charm
887 1430 1545 1486 ingly and good naturedly, largely about
887 1484 1536 1529 English officers. It was wich the pub¬
895 1522 1547 1574 lication of that delightful novelized
897 1566 1539 1613 biography of Shellcy—driel—that his
886 1607 1540 1648 talent first became widely rccognized in
887 1639 1543 1699 England and America, and ehen his
887 1681 1540 1731 finc, understanding biography, Dirracl:
915 1725 1544 1784 —put the scal upon his repuration as a
901 1771 1550 1827 most discerning, andentertaining writer.
1984 2412 2441 2494 THOMAS MANN
1890 2514 2538 2578 Thomas Mann is as yet, we fecl, too
1886 2570 2535 2629 little known in this country. Hc is
1892 2607 2538 2661 generally accepted, we belicce, as the
1887 2654 2535 2700 foremost living novelist in Germany.
1896 2699 2547 2749 Twenty-eight years ago he wrotc a
1884 2739 2535 2784 novel, Bachenbrookr, a strikingly mature
1897 2779 2535 2824 work for à young writer—he was ihen
1897 2823 2548 2866 but twenty-six—that went to hifty
1890 2851 2553 2908 editions in a decade; and a few years
1889 2901 2543 2952 ago (in so great regard is he held)
1890 2941 2543 2995 there was a nation-wide celebration in
1897 2982 2537 3031 Germany of his fifticch birchday. Te
1892 3034 2553 3077 Magie Manntarn is his latest book to be
1901 3071 2540 3115 translated and publisbed in this country,
1901 3107 2543 3165 a fruly impressive novel, conccived on
1901 3149 2547 3204 a Balzacian scale, which has elicited
1898 3190 2550 3241 the warmest enthusiasm among critics
1905 3235 2548 3288 and cognoscenri, particularly those who
1905 3272 2391 3342 are philosophically inclined.
3176 4026 3302 4100 4
