3392 4256
2052 178 2346 257 —
1273 242 1328 326 S
1479 247 1938 346 box 36/8
144 251 1324 365 1. Panphlets offerint#
1341 926 1827 998 NIELS TH. THOMSEN
817 932 954 1008 008
899 1058 2358 1121 Jo fjarnere man staar Hofmannsthals Lyrik, der ter lignes ved en
832 1119 2357 1180 Rose med skarpe Torne, desto gladeligere overraskes men ved at finde
844 1157 2347 1235 ligefrem Humor i en Komedie som „Christinas Hjemreise“, der und¬
837 1213 2353 1296 tagelsesvis handler om javnere Mennesker, sat op i et enklere Milie, end
838 1270 2348 1349 Digteren ellers nedlader sig til at behandle. Men dette dramatiske Ar¬
840 1340 2355 1414 bejde er i Hofmannsthals Forfatterskab den Undtagelse, som bekrefter
847 1394 2363 1491 Regelen. En Gendigtning af hans Verker paa Dansk vilde vere en lige¬
844 1462 1865 1539 saa uoverkommelig som utaknemmelig Opgave.
907 1525 2350 1598 En forholdsvis beskeden Plads i Litteraturen indtager den elskvar¬
843 1582 2363 1651 dige Felix Salten, der f. Eks. ikke navnes i en ellers udferlig Fremstilling
860 1636 2362 1715 som Albert Soergels to Binds Verk: „Tidens Digtning og Digtere“, hvortil
854 1681 2370 1768 jeg henviser serligt interesserede. Til Gengald nyder Salten stor Yndest
841 1750 2367 1831 i Publikum, hvad der er let forklarligt; han har netop den Form for Vid,
847 1805 2369 1881 den Wiener-Lethed og Gratie, som Östrigerne gouterer. Han er nem at
842 1874 2361 1946 gaa til — i Modsatning til Hofmannsthal. Felix Salten, der er fodt 1869
851 1943 2365 1998 i Budapest, begyndte som Teateranmelder, men blev siden Dramatiker.
839 1981 2368 2087 Det omvendte plejer ellers at veere Tilfaldet, ialfald naar Dramatikere ikke
846 2040 2372 2143 slaar an. Her i Byen spillede Folketeatret i sin Tid hans tre Enaktere
851 2097 2367 2179 „Fra den anden Bred“; lysere i Klangfarven er „Gladens Bern“ (fra
861 2159 2364 2244 1917); det er tre smaa Skuespil, som det kebenhavnske Publikum sik¬
870 2218 2374 2314 kert vilde synes om. Endelig har Salten skrevet Noveller, en Roman og
868 2275 2380 2377 en Rakke Essays, bl. a. en fornejelig Samling, han kalder „Det estrig¬
861 2359 2386 2421 ske Ansigt“, og som paa en underholdende Maade bidrager til at faa op¬
864 2397 2183 2478 klaret, hvad der er karakteristisk for det estrigske Fysiognomi.
934 2457 2382 2542 Hvis man vil sammenligne Ostrigernes Litteratur med et stort Or¬
870 2513 2378 2596 kestervark, hvad der kan ligge naer, naar det drejer sig om et saa musi¬
872 2570 2390 2666 kalsk Folk, maa man selvfelgelig ikke tro, at man hur hele Partituret, fordi
871 2633 2383 2724 man har faaet samlet de vigtigste af Wienerstemmerne. Der er andre baade
872 2694 2396 2781 enklere og landligere, maaske endog kraftigere Toner, man maa have med
883 2762 2384 2847 for at faa det hele til at klinge rigtigt. Eller med andre Ord: Den decide¬
869 2803 2392 2875 rede Wiener-Kres, som hidtil er skildret, maa suppleres med Navne, der
884 2874 2403 2944 ikke er knyttet til Hovedstaden. Af Forfattere fra Steiermarken kan anferes
883 2948 2393 3016 Optimisten Wilhelm Fischer (fra Graz) og Rudolph Hans Burtsch, der
884 2989 2398 3067 forst begyndte at skrive som 35-aarig Officer. Bartsch er meget last i
886 3056 2395 3120 Middelstanden. Han staar paa Graensen mellem Underholdningsbegerne
878 3110 2397 3181 og den egentlige Litteratur. Titlen paa en af hans Novellesamlinger: „Bit¬
884 3167 2358 3242 tersede Karlighedshistorier“ virker som noget af en Selvkarakteristik. —
888 3227 2413 3309 Kendte Forfatterinder er den moderne estrigske Litteratur ikke rig paa,
891 3310 2411 3366 hvori det nu kan ligge; jeg navner Wienerinden Enrica von Handel-Maz¬
881 3345 2423 3440 zetti, der fortrinsvis trakterer de gammeldags Instrumenter, og hvis hi¬
1942 4088 2026 4135 W1
