3344 4256
2047 171 2240 240 —
1464 243 1929 335 box 36/8
119 245 1309 358 1. Panphlets offorints
1380 949 1859 1031 NIELS TH. THOMSEN
863 973 993 1040 010
864 1070 2400 1148 lige Indtryk af den heje wienske Teaterkultur, den fineste Blomst af
868 1151 1230 1226 estrigsk Vesen.
945 1185 2396 1269 En anden Forfatter, der heller ikke har lagt Skjul paa sin store Ve¬
879 1256 2389 1330 neration for Schnitzler, er Stefar Zweig, som er javnaldrende med Wild¬
873 1323 2392 1406 gans og i de senere Aar er blevet en forkeelet Modeforfatter. Zweig, der
883 1363 2395 1436 herer hjemme i det skenne Salzburg, fik i 1906 Bauernfeld-Prisen for sine
883 1425 2393 1498 Skuespil, den samme litterare Pris, som i sin Tid blev tildelt Schnitzler.
876 1475 2405 1553 I denne Sammenhang kan det bereres, at det gentagne Gange har givet
884 1555 2399 1619 Anledning til Forundring, ikke blot i Ostrig, at Schnitzler endnu ikke har
888 1617 2407 1685 faaet Nobel-Prisen for Litteratur. Man skulde synes, at han var fuldt saa
887 1684 2410 1734 kvalificeret som den italienske Forfatterinde Grazia Deledda og kunde
888 1727 1833 1800 have ligesaa stor Adkomst som Bernard Shaw.
954 1782 2412 1856 Indenfor den yngste estrigske Litteratur er det sterste Navn afgjort
888 1838 2410 1910 Franz Werfel; han er fodt i Prag og kun 38 Aar gammel; men han har
900 1897 2411 1989 allerede en Snes meget forskelligartede Varker bag sig og er kendt og
901 1971 2409 2042 skattet langt ud over Ostrigs nu saa snavre Granser. Efter Versailles-Fre¬
896 2010 2425 2105 den kan det forhenverende Ostrig-Ungarn jo ligesom Danmark lignes ved
893 2065 2409 2150 en Dverg med et altfor stort Hoved. Werfel er en afgjort Modstander af tid¬
886 2136 2415 2206 ligere Perioders Naturalisme, Individualisme og eksklusiv Dyrkelse af Kun¬
898 2213 2416 2271 sten for Kunstens egen Skyld. „Fer hed det Natur og Videnskab — nu hed¬
907 2245 2421 2346 der det Aand og Gud“ — forkynder han bl. a. Hvad det ferst og fremmest
906 2328 2425 2397 gelder om, er at veere Menneske, sand, ren, sjelelig set et ufordervet
898 2366 2416 2463 Barn, fri for Forfeengelighed. Kunstneren maa vige for den aandelige Be¬
904 2446 2418 2524 frier og Forleser. Werfel, der i Aarene 1915—17 deltog i Krigen, de¬
909 2487 2413 2558 buterer som religiest indstillet Lyriker, paavirket af Rainer Maria Kilke,
914 2548 2431 2635 og feres naturligt over i Dramaet, idet flere af hans Digte allerede former
911 2612 2308 2690 sig som en Slags Dialoger, men vidt forskellige fra Hofmannsthals.
985 2681 2434 2753 Karakteristisk for den unge Weriel er et Arbejde som „Fristelsen, en
910 2723 2417 2824 Samtale mellem Digteren, Erkeenglen og Luzifer“. — Ejendommelig og¬
910 2776 2426 2860 saa ved sin overraskende Titel er den Roman, som hedder: „Ikke Morde¬
912 2849 2429 2922 ren, men den Myrdede er skyldig.“ Den skildrer et Barn, der ligesom
917 2897 2439 2974 den desillusionerede Menneskehed hungrer efter Godhed og Aand, men
910 2953 2430 3050 meder Brutalitet og Undertrykkelse, haandhavet efter stivnede Traditio¬
919 3035 2442 3102 ner. Barnet bliver voksen og ser, ligesom det gudsforladte Europa, ingen
924 3104 2444 3165 anden Udvej end Flugt mod en ny og bedre Verden, nye Idealer. — Den
923 3138 2437 3223 meget frugtbare Forfatter har endvidere skrevet en Roman om Komponi¬
928 3195 2449 3284 sten Verdi og udgivet Verdis Breve. Romanen, hvis starkt suggestive Sprog
922 3259 2453 3332 bemagtiger sig Laseren, betegner en Milepel i hans hurtige Udvikling og
921 3331 2461 3398 har i det musikelskende Ostrig bidraget til, at hans Navn er trangt ud i
929 3393 1675 3461 Krese, hvor det ikke fer var kendt.
