3392 4256
1312 189 1767 269 box 34/6
261 208 1155 300 6 Die Gefaehrtin
137 900 521 962 ne Abirrung: der
545 908 1751 957 wir Mendelssohns, des siebzehnjährigen. Musik, wie sie gestern
129 945 515 998 war uns nicht ganz
540 954 1757 1000 Johannes Schüler, für das Ohr des Schauspielrefarenten
535 996 1369 1057 wenigstens, sehr wundervoll erklingen ließ.
141 988 522 1042 aarmal die Posse
1606 998 1725 1057 S.4.
145 1024 519 1076 g des Guido Wer¬
132 1065 519 1122 cte nicht zu. Das
144 1102 521 1168 veil das Ganze so
135 1158 517 1236 hlk, Endlein als,
139 1220 514 1276 Keliner, Reimes
155 1255 523 1323 en, die bis hierhin
154 1412 502 1473 der „Sommer¬
138 1455 515 1511 dolpy Rampel¬
144 1495 519 1551 problematisch, der
146 1538 517 1586 acht schon einmal
144 1578 518 1627 heaterspielens der
166 1613 508 1667 ganz zugänglich;
2105 1657 3103 1703 fährtin“ mag es noch hingehen, da es sich dort um
150 1647 503 1702 Gründlinge waren
2113 1693 3111 1731 eine Tote handelt. Vor ein paar Stunden hat man
153 1693 514 1754 lt sich den Bauch
2111 1722 3097 1760 sie begraben. Das Milieu des Trauerhauses bedrückt,
2105 1758 3106 1801 zund es bedarf schon der ganzen Schnitzlerschen Feder¬
138 1751 505 1825 er Bühne — das
2104 1790 3096 1850 gewandtheit, um einerseits mit Geschmack sentimen¬
158 1809 503 1863 bleibt ein Rest;
2112 1818 3109 1862 tal und andererseits so offen zu sein, wo eine eben
149 1849 505 1910 mitzuspielen, und
2122 1856 3004 1900 Verstorbene belastet wird. (Beweis: Briefe!)
196 1887 494 1940 Manche Elfen¬
2177 1883 3106 1938 Die Situationen in den beiden Komödien sind
2683 1928 2774 1970 st“
2719 1927 3103 1975 Szene im Warte¬
2119 1931 2689 1974 lustiger. Das „Bacchusfe
182 1924 511 1977 das Waldleben
2123 1962 3106 2001 saal eines kleinen österreichischen Bahnhofes. Frau
166 1970 511 2017 Bildlein stellen.
2120 1996 3100 2043 Agnes erwartet zusammen mit ihrem Seelenfreund
158 2000 503 2058 nenbild mit den
2122 2030 3102 2067 den Gatten, um ihm bei seiner Heimkehr von einer
162 2041 507 2100 eund Pucks und
2125 2064 3103 2106 sechswöchigen Gebirgstour die Ehe zu kündigen. Der
166 2083 500 2141 dann das letzte
2120 2097 3100 2148 Gatte genießt seine Ferien auch in Damengesellschaft.
147 2118 499 2185 der Vorhang auf¬
2117 2143 3098 2179 (Beweis: Die Postkarte.) Aber wie er den Lieb¬
906 2155 1671 2218 Hannoverscher Anzeiger
147 2165 257 2214 der.
2115 2168 3107 2213 haber in großem Bogen aus seinem Eheleben hin¬
2113 2203 3105 2256 ausbefördert und die kleine Frau zurück in seine
151 2197 498 2260 as sein Ziel sein
2112 2241 2704 2301 Arme fliegt, das ist ein Spaß.
149 2242 496 2296 räumerei, Wald¬
2725 2256 2760 2294 77
1081 2208 1461 2333 15 Mai 1926
2227 2259 3105 2314 Große Szene“: Ein beruhmter Bühnenbeld
154 2280 498 2337 ten sich auf; aber
2114 2303 3110 2344 ist (natürlich) auch ein erfahrener Weiberheld. Er
165 2319 504 2376 sein störte schon,
2116 2339 3114 2388 kann das Techtelmechteln nicht lassen. Eben so wenig
146 2345 500 2426 llzuoft vergaßen
2124 2372 3115 2419 das Theaterspielen im Leben, auch vor seiner klugen.
2130 2411 3112 2453 verzeihenden Frau und vor sich selbst. Aber seine
149 2420 490 2494 Teschendorfs
1456 2416 1770 2495 Schauburg.
2126 2449 3106 2489 größte Szene svielt er mit seinem Freund, dessen
2115 2476 3099 2517 Braut ebenfalls seine Geliebte war. Auch mit diesem
149 2480 488 2532 ers, Marianne
1448 2489 1793 2550 Schnitzler=Abend.
2118 2518 3101 2555 unangenehm auf Wahrheit drängenden Freund wird
161 2519 496 2572 Herrmanns
3058 2543 3092 2569 7
2121 2548 3102 2608 dieser Matador der Lüge fertig. Und wie! (Beweis:
1183 2537 2110 2591 Wer sich von der Aufführung am Mittwoch abend
151 2552 496 2608 en ein Naturgeist
2111 2583 2595 2633 Ein abgekarteter Brief.)
1127 2587 2096 2631 literarische Pikanterien, etwa im Genre des „Reigen“.
178 2598 502 2665 quietscht, wenn
2175 2617 3115 2660 In diesen drei Kleinigkeiten fiel Hugo
1126 2628 2110 2672 oder auch nur des „Anatol“ versprach, der wurde arg
2120 2640 3120 2704 Rudolph die Rolle des jeweiligen Ehemannes zu.
1138 2655 2104 2698 enttäuscht. Die Gefahrtin, das „Bacchus¬
161 2660 485 2728 Bühnen Frank¬
2113 2686 3105 2723 Er hatte als eben verwitweter Professor seelengroß
1135 2692 2104 2737 fest“ und „Große Szene“ sind drei ganz zahme
162 2712 489 2769 re und Reichert
2113 2720 3104 2763 und einsam, als bedeutender Schriftsteller ein forsch
1138 2728 2100 2773 Schnitzler. Liebenswurdig, sicher und geschickt, mit
2118 2751 3099 2795 zupackender, gesunder Mann und als gefeierter Mime
166 2749 497 2812 Rolle natürlich
1126 2761 2106 2811 vielen novellistischen Feinheiten und mit vielen
2119 2786 3109 2828 ein großes Kind und ein virtuoser Komödiant zu
154 2798 486 2857 den kann. Eine
1137 2790 2102 2837 novellistischen Längen. Die Leute auf der Bühne
2240 2828 3101 2876 Er splüpfte sehr gewandt von einer Maske
2125 2824 2229 2871 sein.
1139 2831 2105 2872 reden sehr ausgiebig, nicht übermäßig witzig, nicht
166 2826 491 2902 s Organ klang
2113 2860 3103 2899 und von einer Figur in die andere. Darstellerisch
1130 2864 2074 2911 besonders tief, nicht einmal besonders „interessant“
2114 2892 3095 2934 am wirksamsten war er in der „Großen Szene, die
1136 2884 2107 2944 obwohl es nur um Liebe. Liebelei und „solche Sachen“
177 2904 481 2966 lustig Hübsches
2129 2927 3094 2966 auch seine große Szene war. Fridel Mumme
1132 2927 2106 2980 geht. Vor Langerweile schützt Schnitzlers angenehme,
192 2932 513 3013 Und preisen
2121 2962 3104 2997 svielte die Freundin, das Weibchen und die Frau.
1127 2973 2098 3009 immer flüssige und elegante Diktion; trotzdem er¬
2122 2994 3104 3042 Fein und gewinnend klug. Mit viel menschlichem
1137 2999 2108 3045 müdet es ein wenig, dreimal hintereinander das
2126 3033 3109 3070 und künstlerischem Takt. Mit viel stiller, von innen
1129 3031 2109 3081 gleiche Thema auf die ziemlich gleiche Art analysiert
2129 3066 3101 3106 leuchtender Wärme und weiblichem Reiz. Hubert
1127 3069 2102 3114 zu sehen. Analyse des Ehebruchs oder des Ehege¬
2129 3096 3100 3143 Endlein hatte dreimal die Aufgabe, als junger
1132 3109 2103 3147 brechens. Schnitzlers Spezialgebiet. Aber für unsere
2119 3128 3104 3175 Mann die Ehe zu bedrohen (oder zu beleben). Er
1137 3138 2103 3184 heutige Auffassung brav und dezent, beinahe bürger¬
2123 3173 3100 3209 tat das innerlich und äußerlich als vollendeter
1128 3171 2108 3210 lich. Man staunt — keine höhere Tochter, soweit es
2116 3198 3107 3244 Kavalier. In den wenigen Nebenrollen erheiterten
1126 3207 2109 3255 den Begriff bei uns noch gibt, braucht tief zu er¬
2117 3238 3109 3289 Max Reimer als gelungener Bahnhofsvortier
1137 3243 2105 3286 röten. Was heikel sein oder werden kann. wird sorg¬
2117 3274 3105 3319 und Hans Ebert als Theaterdirektor. Sicherlich
1138 3272 2100 3324 sam abgeblendet. Es bleibt kaum noch etwas übrig,
2109 3301 3109 3357 wäre manches, wenigstens in den beiden Komödien,
1125 3315 1814 3359 wobei man sich „viel denken kann“.
2109 3337 3106 3386 noch plastischer geworden, wenn man sie wienerischer
1180 3332 2110 3393 Die Liebe im Dreieck. Oder vielmehr im Quadrat.
2121 3379 3104 3418 (auch in der Mundart) gespielt hatte. Der vernord¬
1131 3368 2109 3419 Nur die vierte Seite sieht man nicht. Sie tritt nur
2118 3405 3103 3450 deutschte Schnitzler verliert von seinem Aroma“ Die
1135 3416 2095 3457 in Briefen oder auf einer Postkarte in Erscheinung.
2684 3440 2729 3471 7r
2130 3431 3112 3483 Aufnahme der drei Einakter wur freundlich und galt
1135 3449 2104 3490 Das Schriftliche svielt in allen drei Einaktern eine
2113 3475 3120 3534 wohl in erster Linie dem tadellosen Zusammenklang
1131 3478 2108 3530 Rolle, ein Ersatz für Handlung, den man auf der
1127 3509 2347 3555 Bühne nicht gerne sieht. Im ersten Spiel. der „Ge=lim Spiel.
