3344 4320
1989 143 3018 212 jungen Künstler im vergangenen Winter kaum Gelegenheit
2009 183 3028 237 geboten wurde, sein Können ausreichend zu erweisen. Sehr
1326 182 1786 287 box 34/6
2009 216 3023 280 liebenswürdig und sein gab Fräulein Franziska Wendt
252 205 1177 322 6. Die Gefaehrtia
2009 267 3021 322 die Freundin des Hauses Pilgram, Frau Olga Merholm.
2064 313 3034 363 In dem zweiten Stück „Die letzten Masken“ offen¬
1985 349 3032 408 bart sich Schnitzler's bittere Ironie in dei Darstellung
1992 401 3026 451 eines Menschenschicksals, das auch alltäglich und doch
1996 441 3037 493 durch die seine Behandlung des Dichters so interessant
1384 424 1851 541 —relephon 12801.
2012 483 3021 539 ist. Wir sehen einen armen alten, todtkranken Journalisten,
2004 534 3028 592 Karl Rademacher, im Spital. Sein Gesellschafter ist
1007 475 2019 641 der Welske Baternehnen für Zeltunge au
2023 568 3033 632 Florian Jockwerth, ein Schauspieler, der, im höchsten
2023 622 3037 684 Grade schwindsüchtig, mit ihm im Spital liegt, aber in
1225 608 1949 743 „OBSERYED“
2014 662 3023 716 dem bekannten Optimismus dieser Kranken auf sichere,
2005 698 3038 760 baldige Besserung hofft. Rademacher ganz alleinstehend
868 686 2019 828 L. österr. behördl. conc. Bureau für Zeitungsberichte u. Perst
2021 751 3030 801 in der Welt, hat nur noch einen Wunsch. Er möchte,
2019 798 3038 852 bevor er stirbt, noch einmal seinen einzigen Feind, den
1095 748 1988 899 Wien. N, Türkenstrasse
2009 826 3028 898 1er im Leben hatte, den Dichter Alexander Weihgolt,
1262 853 1923 959 Pillale in Budapest: „Plgyeldt —
1999 877 3031 936 Usprechen und ihm Alles sagen, was er gegen ihn
855 884 2017 1041 Pereen K acin llage, dent enten Benpen Pungen
2003 917 3036 994 an Verachtung, Zorn und Anklagen auf dem Herzen
2019 968 3036 1013 hat. Dies sagt er seinem Leidensgenossen, dem Schau¬
2015 1012 3037 1064 spieler Jockwerth, der gewissermaßen als Generalprobe die
837 1006 1378 1115 Ausschnitt aus:
2018 1051 3040 1108 Scene mit ihm spielt, in der Rademacher der Ankläger,
2025 1087 3046 1152 Weihgolt der Angeklagte ist. Ein menschenfreundlicher Arzt
2022 1140 3036 1203 des Spitals erfüllt des Todtkranken letzten Wunsch und
832 1132 1353 1237 vom: 372
2017 1184 3031 1234 holt den ihm bekannten Dichter in's Krankenhaus. Als
2013 1238 3042 1290 dieser nun endlich kommt, kann der arme alte Mann die
2018 1273 3037 1339 vom Arzt festgesetzte Zeit von 15 Minuten für die Unter¬
2024 1317 3036 1374 redung festsetzt, nicht zu seinem Vorhaben benutzen, weil der
2017 1360 3036 1422 hohle, eitle Dichter den Kranken kaum zu Worte kommen
2008 1402 3035 1472 läßt. Der Dichter Weihgolt, der im Leben sehr gut gebettet
2029 1450 3038 1519 Ist, klagt ihm sein Leid vor, statt den Sterbenden anzuhören,
1722 1450 2027 1591 Gapal)
2011 1494 3035 1539 ###d als die 15 Minuten verstrichen sind, geht der „Oichter“
1243 1507 1800 1591 Theateraufführungen
2008 1529 3037 1613 mir kargem Abschied fort, und der alte Rademacher — stirbt.
2022 1590 3046 1648 „Die letzten Masken!“ Der arme Comödiant, der eitle
966 1558 1985 1646 il“der Freien litterarischen Vereinigung.
2019 1618 3043 1679 Dichter, das Weltkind, und der alte Journalist im
1340 1637 1983 1725 s.] Düsseldorf, 3. Mai 1902.
2032 1662 3057 1730 Spital; der Abschluß einer Tragicomödie, der ergreifend
2032 1710 3049 1768 wirkte. Herr Franz de Paula gab den alten Borne¬
1071 1727 2024 1807 Die Theater=Aufführungen der „Freien litterarischen
2036 1749 3051 1816 mann ausgezeichnet. Ebenso vorzüglich war Herr
1013 1784 2022 1846 Vereinigung“ gehören seit mehreren Jahren zu den nach
2032 1802 3044 1851 Stengel als Schauspieler Florian Jockwerth, und
1037 1825 2034 1892 Schluß der Spielzeit unseres Stadttheaters mit be¬
2028 1834 3047 1914 die kleine Rolle des Arztes Dr. Halmschlägel war durch
1023 1859 2028 1938 sonderem Interesse erwarteten Veranstaltungen. Das
2043 1895 2632 1964 Herrn Olbrich bestens vertreten.
766 1911 876 1979 Für
875 1908 1027 1998 50 20
1029 1915 2024 1984 durch das Repertoire unseres Stadttheaters im Winter
2079 1919 3062 1991 Das dritte Stück „Luteratur“ ist eine Verspottung
868 1953 982 2017 100
1035 1957 2035 2024 wahrlich nicht verwöhnte Puhlikum erwartet und sieht hier
2040 1976 3043 2040 gewisser Litteraten und Schriftstellerinnen. Er, ein
854 1994 994 2050 200
1029 2006 2031 2076 Stücke, die einen literarisch anspruchsvolleren Geschmack
2035 2029 3049 2073 Litterat Namens Gilbert, hat einen Roman geschrieben,
972 2000 1030 2079 ·
853 2037 983 2087 500
1032 2054 2031 2109 befriedigen, und die kleine Bühne des Karlshauses ist in
2030 2057 3056 2125 in welchem er Liebesbriefe verfänglicher Art verwendet
769 2075 1033 2150 „ 1000 r
1027 2104 2039 2156 Ermangelung einer anderen, modernen, wie sie z. B.
2030 2106 3039 2162 hat, die eine Kameradin — Margarethe nennt sie sich —
869 2121 1037 2199 Im Gee
1043 2141 2037 2201 unsere Nachbarstadt Köln in dem reizenden Resi¬
2036 2139 3051 2208 ihm einstens schrieb. Sie hat aber ebenfalls einen Roman
743 2149 1019 2226 Abonnement (.
1034 2181 2034 2246 denztheater besitzt, zu der intimen Vorführung kleiner
2044 2199 3048 2259 geschrieben, in dem sie seine Briefe in derselben Weise benutzte.
730 2200 1030 2279 Abonnenten fl.
1040 2227 2025 2290 litterarisch werthvoller Dramen immerhin geeignet.
2041 2232 3058 2296 Sie hatte inzwischen geheirathet, war Wittwe geworden und
1042 2270 2039 2337 Der beschränkte Raum der kteinen Bühne des Karls¬
2034 2284 3049 2351 hat nun einen Anbeter gefunden, einen Baron, den wir
851 2273 1037 2359 Der „0.
1037 2320 2039 2380 hauses und andere Umstände sind der Grund, daß die
724 2313 1034 2391 Inhaltsangabe¬
2035 2323 3045 2396 nur unter dem Namen Clemens kennen lernen. Dieser
1051 2361 2036 2422 Freie litterarische Vereinigung eben in der Auswahl der
732 2360 1044 2432 blätter (Tu¬
2050 2374 3044 2431 will sie heirathen, von ihrer Dichterei aber nichts wissen.
730 2404 1031 2472 wodurch eine h
1040 2399 2040 2466 Stücke, die hier gespielt werden, beschränkt ist. Es
2046 2411 3048 2483 Als er hört, daß sie einen Roman geschrieben hat, läßt
717 2438 1030 2507 Leben des In¬
1032 2451 2036 2501 können nur solche mit nicht zu vielen Personen gegeben
2051 2465 3060 2529 er sofort die ganze Auflage einstampfen, bis auf ein
707 2482 1038 2557 theilungen werd
1033 2494 2026 2557 werden, und in der Ausstattung, in Bezug auf Deco¬
2042 2497 3064 2567 Exemplar, das er mit nach Hause nimmt. Er will das
1031 2540 2033 2605 rationen 2c. muß das Publikum den gegebenen Ver¬
2049 2541 3061 2607 Buch mit Margarethe zusammen lesen. Als er das
1031 2577 2038 2639 hältnissen Rechnung tragen. Der Wunsch, daß Düsseldorf
2048 2585 3054 2656 Zimmer betritt, findet er den Litteraten Gilbert bei
1036 2625 2039 2689 eine vornehmere, kleine Bühne für intime Vorführung
2044 2613 3073 2705 Margarethe. Er ist zuerst mißerauisch und fieht
1039 2670 2035 2720 intimer Stücke besitzen möchte, wird immer lanter.
2041 2671 3070 2740 die Beiden forschend an. Diese wissen sich aber?
1050 2710 2034 2774 Vielleicht, wenn die Düsseldorfer Ausstellung 1902 in
2044 2712 3076 2793 sehr geschickt aus der heikeln Situation zu ziehen.
1038 2750 2035 2814 demselben Maße erfolgreich ist, wie die von 1880, realisirt
2044 2771 3060 2826 Margarethe, die eben mit ihrem ersten Freund hat durch¬
1046 2798 2043 2869 sich dieser nicht unberechtigte Wunsch in einer Stadt
2045 2814 3057 2874 brennen wollen, ist froh, den sicheren Baron wieder zu
1043 2843 2036 2913 von der Einwohnerzahl Düsseldorfs. Die „Freie litte¬
2041 2851 3063 2915 haben. Sie weiß schlau das letzte Exemplar ihres
1046 2896 2040 2957 rarische Vereinigung“ darf aber das Verdienst für sich in
2054 2890 3061 2966 Romans, das der vertrauensselige Baron in der Hand
1036 2940 2045 2995 Anspruch nehmen, eine fruchtbare Anregung für das
2044 2942 3063 3010 hält, zu erhaschen und wirft es in den Ofen, in's Feuer,
1040 2983 2034 3036 geistige Leben in Düsseldorf gegeben zu haben. Was
2049 2980 3057 3056 der Dichteret für immer entsagend. Gerührt über ihre
1043 3018 2050 3094 dieselbe mit ihren beschränkten Mitteln leistet, verdient
2047 3032 3067 3100 Liebe und Opferfreudigkeit schließt der Baron sie
1034 3072 1412 3139 alle Anerkennung.
2047 3072 3067 3146 in seine Arme, und Freund Gilbert bedauert, diesen
1095 3104 2045 3176 Der erste Abend der diesjährigen Veranstaltungen
2057 3125 3067 3188 Schluß nicht zu seinem Roman benutzt zu haben. Eine
1035 3162 2047 3215 der Vereinigung brachte drei Einacter von Arthur
2051 3173 3065 3229 lustige Persiflage der litterarischen Bohémiens. Ganz
1053 3207 2039 3274 Schnitzler. Dieser, von Beruf Arzt in Wien, ist
2055 3231 3064 3276 prächtig war die Margarethe des Fräulein Ida Roland.
1047 3248 2044 3309 einer der markantesten und zugleich liebenswürdigsten
2050 3263 3067 3315 Wie wußte sie diese raffinirte, geriebene Spitzbübin zu
1050 3295 2042 3362 Vertreter des litterarischen Jung=Wien. Er ist ein
2052 3312 3066 3371 schildern, wie temperamentvoll, schlangenhaft geschmeidig,
1053 3335 2041 3399 geistreicher, feinsinniger Beobachter. Sein Beruf als
2057 3339 3066 3406 aber auch liebenswürdig und berückend, so daß man die
1060 3372 2045 3436 Arzt gab ihm Gelegenheit zum Menschenstudium, das
2056 3403 3060 3459 Zärtlichkeit des Barons für sie wohl begriff. Den Baron
1054 3422 2056 3479 ihm in seinen Schilderungen des Lebens ungemein zu
1051 3431 3062 3539 Statten kommt. Welch' ein feiner Psycholog Schnitzler gab Herr Schuytadellos echt; den dick gewordenen Dichter
1059 3476 3065 3569 ist, zeigt er in den drei kleinen Stücken so ganz ver= (Gilbert Herr Bäumler ganz unübertrefflich drollig.
1049 3553 2056 3606 schiedener Art, die wir gestern auf der Bühne des Karls¬
1054 3614 2063 3661 hauses sahen. In dem ersten, „Die Gefährtin“, behandelt
1054 3642 2068 3693 er in seinsinnigster Weise ein Problem aus dem alltäg¬
1053 3685 2075 3748 lichen Leben. Ein Mann, in reiferem Alter, Professor
1055 3713 2079 3792 Pilgram, hat ein sehr junges Mädchen geheirathet. Es
1057 3766 2079 3841 geschah aus rein sinnlicher Neigung. Bald erkennt der
1059 3815 2075 3877 Mann, daß seine Frau ihm keine „Gefährtin“ für das
1050 3847 2070 3938 Leben geworden ist, wie er sich eine solche dachte,
1052 3902 2084 3971 und es nie werden konnte. Ein junger Assistenzarzt
1063 3936 2085 4013 des Professors, der Doctor Hausmann, knüpft ein
1069 3984 2079 4049 Verhältniß mit der jungen Frau an. Pilgram be¬
1067 4034 2081 4112 merkt es und duldet es; er fühlt sich längst von seiner
1065 4064 2105 4157 Frau innerlich geschieden. Diese stirbt, noch jung, an!
