3392 4352
1310 193 1777 290 box 34/6
250 211 1172 317 6. Die Gefaehrtin
159 1301 530 1391 Goldschmidt
141 1376 532 1458 itungsausschnitte
234 1426 701 1520 Teleion: Norden 3051
145 1548 381 1624 Ehnitt aus:
149 1600 658 1697 brichten, Bremen
2314 1788 2377 1871 —
894 1848 3016 1910 Iviel Gutes aus der Tiefe gehoben. Eine große Freude; Regie war in allen Einzelheiten eine durchaus erst¬
906 1911 3012 1942 hatte man: Das Bühnenbild mit den häugenden Zwei= klassige. Friedel Mumme stellte ein echt Berliner
386 1844 646 1984 Chronit
907 1942 3021 1989 lgen, in dem der Raum atmete und Pucks und der Kind dar mit vorwitzig hervorlugenden Beinen. Hans
156 1973 274 2044 Verwe
1971 1971 3008 2027 Ebert trug einen erbaulich drastischen „Onkel Otto“
913 1982 1968 2039 Liebenden Suchrufe hallten. Höchst erbaulich war
1967 2002 3025 2068 bei, wobei Anne Goerling die Rolle der Mutter vor¬
163 2001 920 2080 Hannoverschen Bühnen. Aus Hanno¬
915 2015 1963 2078 [Teschendorffs Squenk. Hans Herrmann vom
1972 2052 3023 2118 trefflich brachte, Über ein vortreffliches Charaktert¬
182 2061 921 2120 berichtet: Eine glückliche Wahl zu Be¬
933 2066 1968 2115 Deutschen Theater in Berlin, Marianne Stoldt, Ru¬
1972 2087 3022 2149 sierungsvermögen verfügte wieder einmal Fritz Her¬
155 2102 928 2154 mers hat die Leitung der Städt. Bühnen
928 2106 1965 2158 dolf Renfer, ihnen allen sei hier ein Lob zum guten
1975 2124 3028 2194 bach. Das sommerlich gestimmte Haus belustigte sich
152 2143 1966 2205 führung der drei Einakter von Arthux Gelingen des Stückes durch ihr Spiel ausgesprochen.
1980 2181 3001 2228 köstlich, so daß es nicht an Beifall fehlte. O. T. H.
157 2184 920 2245 „Die Gefährtin“, „Das Bacchusfest“ und
919 2191 1959 2238 Herr Robert Thoeren, von den Städt. Bühnen,
148 2214 931 2280 ene“ getroffen. Vor dem Spielleiter,
935 2214 1985 2290 Frankfurt a. M., der Oberon spielte, sollte die scheiden=
152 2265 922 2312 ld, haben wir großen Respekt bekommen.
932 2276 1977 2326 den Herren Grueters und Reichert ersetzen. Außer einer
146 2307 922 2359 beit ist es zweifellos nicht, sich in die Lage
932 2309 1982 2359 Sprachbehandlung konnte seine Qualität nicht ersehen
162 2345 927 2395 hineinzuversetzen. Aber Machold ver¬
932 2347 1990 2404 werden. — Die komische Oper von Hermann Goetz
146 2391 921 2436 glich, sich bis in die kleinsten Nuancen,
928 2384 1991 2440 „Der Widerspenstigen Zähmung" unter Prof.
179 2427 926 2473 = und Hauptspieler hineinzuversetzen.
926 2438 1987 2486 [Krasselts musikalischer und Dr. Winkelmanns
140 2464 928 2526 ab es wohl kleine Abirrungen, aber diese
928 2473 1989 2523 szenischer Leitung trug Kennzeichen sorgsamer Vor¬
148 2504 1997 2561 elen deshalb nicht auf, weil das Ganze so bereitungen. Hertha Stolzenbergs widerspenstige
152 2547 933 2610 ungen war. Wenig erquicklich wirkten in
923 2548 1997 2596 Katharina zeichnete sich durch vortreffliche Gesangskultur
143 2586 919 2638 n“ die Vorgänge im Trauerhause, mit
935 2582 1993 2641 und Charakterisierungskunst aus. Besonders leistete ste¬
937 2628 1998 2677 in den Soloszenen der Gezähmten etwas Starkes.
159 2630 929 2675 d Beileidsbezeugungen. Man hatte das
932 2667 1987 2717 Ihr Partner, Herr von Scheidt vom Frankfurter
141 2654 935 2730 behagens am Schluß, daß hier eine Ver¬
153 2701 931 2756 t ward, ohne Hoffnung auf irgend eine
930 2702 1990 2762 Opernhaus, Frankfurt a. M., stellte den Bezwinger Pe¬
144 2749 930 2802 öglichkeit. „Das Bacchusfest“, wirkte an¬
934 2731 1986 2799 truchio dar. Es kann nicht geleugnet werden, daß er
936 2761 1997 2831 einen großen, vollen Heldenbariton besitzt, doch lassen sich
153 2783 918 2847 so wie auch die amüsante Komödie „Die
931 2830 1997 2877 die Folgen gewaltsamer Beanspruchung der Stimme nicht
172 2823 929 2888 in denen Hugo Rudolf eine Meister¬
940 2854 1993 2916 verbergen. Leider war Giebel auch dieses Mal wieder
157 2866 930 2913 Vergessen wir auch Friedel Mumme
1481 2902 1995 2958 spielen. Nicht zu ver¬
937 2896 1487 2952 verhindert diese Rolle zu
152 2908 925 2958 her Verschiedenheit ihrer Rollen geradezu
931 2945 2002 3003 gessen sei auch Willy Wissiak, der den Vater
164 2947 921 3003 Auch Hubert Endlein charakterisierte
1341 2971 1980 3043 sowie Sonja Bergin als
928 2977 1295 3037 Baptista spielte,
160 2983 925 3036 t seine drei gleichen Liebhabertypen. Max
935 3011 1996 3079 sanfte Schwester Bjanka. Der Chor, von Georg
147 3036 941 3078 Bahnhofsportier war erstaunlich echt, eben¬
156 3063 1976 3123 irt als Theaterdirektor. — Am Sonntag] Thiele einstudiert, übte besonders bei der Hochzeits
160 3099 1954 3157 pernhaus „Der Sommernachts=]Feier seine Wirkung aus. — Die Hartlebens Erstan
157 3139 1946 3220 fluch hier hatte Adolf Rampelmann führung „Erziehung zur Ehe" unter Mack
