3436 4224
1869 87 2542 170 37. Die Braut
2662 94 3050 188 box 6/4
2076 135 2515 203 n ene ee enen  aen dun. 1
353 105 716 216 Observer
549 203 1222 297 Wien I, Wollzeile 11
542 275 1213 365 Telephon R—23—0—43
619 370 970 448 Die Bühne, Wien
879 454 1142 576 7347
427 678 1430 770 PIE BRAUT
1791 646 2870 774 Von Artkur Schnitzler
898 803 2426 870 Im S.-Fscher-Verlag, Berlin, ist ein Nachlaßband von Sebriften Artbur
853 870 2425 918 Schnitzler: erschienen, der in Skizzen und Erzäblungen das große Werk des
841 910 2439 982 Dichters ergänzt. Wir bringen nachstebend einen reizvollen Abschnitt dieses Buches.
509 1001 1639 1085 uf einem Maskenball lernte ich sie kennen, nach Mitternacht.
1654 1006 2861 1087 klar war, vielleicht war es nur der natürliche Gang, und die
1650 1065 2873 1115 kurze Periode der Beruhigung nahm ihr Ende, weil das eben in
424 1046 1633 1128 4 Ihre klugen und ruhigen Augen hatten mir gefallen, und das
1644 1106 2873 1146 dem Temperament des Mädchens lag. Es kam in einer entsetz¬
520 1113 1632 1160 dunkelblaue Kleid, das sie trug. Sie war nicht maskiert und
1643 1145 2866 1200 lichen Weise über sie. Zehnmal war sie daran — nicht sich ihrem
421 1145 1642 1206 machte durchaus kein Hehl aus ihrer wahren Person. Sie gehörte
1647 1191 2866 1236 Verlobten hinzugeben — nein... ihn zu nehmen, selbst zu nch¬
412 1193 1635 1232 zur Kategorie der aufrichtigen Dirnen und hatte selbst in dem
1649 1225 2866 1273 men, mit sich zu ziehen in das dunkle Zimmer neben dem Salon
418 1238 1636 1283 Maskentrubel, der alle Frauen so sehr dazu reizt, durchaus kein
420 1268 1635 1315 Bedürfnis, Komödie zu spielen. Das erfrischte mich, da ich mich
1654 1270 2873 1304 — oder dorthin in die Nische — oder dort. Aber die Umstände
1655 1310 2876 1354 fügten es nicht, sie war nie allein mit ihm. Vielleicht auch verließ sie
418 1313 1641 1359 von all den trivialen Faschingslügen, die mich umschwirrten, recht
424 1344 1035 1410 ermüdet und angewidert fühlte.
1650 1352 2871 1405 der Mut, wenn die Gelegenheit kam, und bald begann sie auch
1656 1392 2873 1435 wieder zu merken, wie ihre Glut ins Allgemeine ging, wie er
448 1395 1633 1448 Sie war ungewöhnlich intelligent, man hörte es ihren Reden
1649 1430 2840 1478 esgentlich nicht mehr der Geliebte war. Ja, sie wollte ihn —
420 1434 1637 1488 und sah es ihren Bewegungen an, daß sie aus besseren Kreisen
1657 1478 2875 1523 freilich — aber auch den — und jenen — und jenen — und alle.
408 1477 1645 1523 herkam. Bei ihr lag die Frage besonders nahe, die man so oft
1655 1509 2874 1561 Sie fühlte, daß es unabänderlich vorbei war mit ihrer einen, ach,
420 1517 1629 1566 an Weiber ihrer Art stellt, um schließlich immer dieselbe abge¬
1646 1553 2867 1602 mit ihrer Liebe überhaupt. Es war wieder Krieg geworden, wüten¬
412 1562 1631 1602 droschene Geschichte zu hören, wie es denn eigentlich dahin mit
1649 1592 2876 1637 der, durstiger Krieg, der den Mann wollte, einfach den Mann,
418 1602 1634 1659 ihnen gekommen. Von dieser aber mit den klugen Augen vermutere
1657 1630 2880 1681 nicht ihn, den einen! Etwas war dennoch von ihrer tiefen Neigung
407 1641 1636 1701 ich etwas anderes zu vernehmen, und darum blieb ich mit ihr
1648 1668 2877 1728 zurückgeblieben: sie war dem Mann, der sie unendlich Hohes
420 1677 663 1731 beisammen.
1651 1709 2870 1753 hatte empfinden lassen, der sie aus der Dumpfheit fiebernden
448 1715 1632 1786 Es ging gegen den Morgen zu, als wir, vom Champagner ein
1653 1750 2870 1794 Verlangens für einige Zeit zur schönen Heiterkeit der Liebe hin¬
410 1771 1629 1818 wenig angeduselt, einen Wagen nahmen und in den Prater fuhren.
1656 1797 2868 1848 aufgehoben hatte, diesem Mann war sie etwas schuldig geworden.
412 1808 1635 1863 Es war im März, eine merkwürdig linde Nacht. Momentelang
1653 1834 2878 1881 Wahrheit!.. Es wühlte in ihr, es ließ sie nicht ruhen. Sie mußte
416 1853 1643 1894 hatte ich das Gefühl, als wenn da ein Wesen an meiner Seite
1651 1874 2870 1921 sich ihm entdecken. Sie wußte, was es für ein Ende nehmen
421 1879 1629 1945 lehnte, das ich schon lange, lange kannte und sehr lieb hätte.
1653 1921 2872 1970 mußte. Darum wünschte sie ihn von Schmach und Gram frei
415 1917 1628 1971 Mir war schr wohl neben ahr, und geraume Zeit sprachen wir
1657 1944 2860 1999 zu erhalten. Sie war nicht geschaffen zum braven Weib, aber sie
415 1972 1639 2026 fast gar nichts. Ich konnte mich nicht entschließen, sie schlechthin
1659 1989 2872 2037 wollte auch nicht das seine werden, den sie vielleicht schon nach
409 2013 1642 2064 als das Weib zu nehmen, das den Abschluß einer lustigen Nacht
1645 2026 2848 2078 der ersten Nacht hätte betrügen müssen — und der sie dann —
413 2054 1638 2096 bedeutet, ich wollte sie kennenlernen. Von ihrem Leben wollte
1645 2072 2876 2116 das schwebte ihr wohl auch dunkel vor —, am nächsten Tag
421 2085 1638 2149 ich wissen, von ihrer Jugend, von den Männern, die sie geliebt,
1649 2111 2862 2154 davongejagt hätte. Der Gedanke, daß er ihr am Ende genügen,
409 2129 1443 2178 bevor sie sich entschloß, alle zu lieben, die sie wollten.
1650 2150 2873 2201 daß mit seinem Besitz ihr Wahnsinn gemildert, gestillt sein
446 2176 1630 2243 Hier gab es ein Schicksal zu entdecken, und, endlich, wie wir
1649 2187 2874 2257 könnte, war ihr zu einer kindischen Erinnerung geworden, aber
418 2225 1639 2286 schon weit unten im Prater waren, nach langem Schweigen, fragte
411 2275 1630 2333 ich sie. Sie ließ sich nicht lange um eine Antwort bitten. Freilich
417 2303 1628 2358 hab’ ich nun die Worte, mit denen sie mir schlicht und bereit¬
413 2355 1630 2413 willig ihr Bekenntnis ablegte, vergessen, aber die Geschichte selbst
409 2383 1640 2455 stcht mir eigentlich klarer vor Augen als in der Stunde, da ich
415 2425 1628 2486 sie vernahm. Ubergänge haben sich für mich gefunden, Lücken,
421 2474 1636 2537 welche sie im Erzählen ließ, habe ich unbewußt im Bedenken, im
408 2503 818 2570 Erinnern ausgefüllt.
454 2560 1638 2619 Sie war aus einer guten Familie, aus einer sehr geachteten und
418 2598 1635 2645 bekannten, behauptete sie sogar, und man hatte sie zu Hause
417 2636 1632 2684 streng erzogen. Aber ihre Sinne erwachten früh und im heftigen
413 2672 1637 2736 Verlangen. In den einsamen Nächten ihrer frühreifen Mädchen¬
407 2732 1640 2781 zeit hatte sie viele Qualen zu überstehen, und ein seltsamer Vor¬
418 2766 1633 2806 satz bildete sich in ihr, aus unklaren Wünschen zu immer festerer
417 2792 1638 2857 Gestaltung. Sie wollte warten, bis sich der Gatte gefunden, denn
408 2835 1645 2901 das mußte sie wohl, dann aber, wenn die Gefahr vorüber, wollte
413 2886 1638 2930 #sie sich freiwillig den ursprünglichen und wilden Trieben ihrer
418 2909 1622 2991 Natur, wollte sich jedem hinschleudern, der ihr geficl... Männer¬
417 2965 1424 3018 schönheit und Männerstärke genießen, wo sie sich bot.
454 3010 1638 3055 Mit siebzehn Jahren verlobte sie sich, und nun kam in ihrem
415 3048 1638 3100 Leben eine kurze Zeit, über die sie sich in fast sentimentalen
414 3099 1640 3157 Worten ausließ. Da fand ich jene merkwürdige Stelle in ihrem
419 3133 1635 3196 Herzen, die man auch in den Verworfensten entdeckt — das
410 3170 1630 3239 Heimweh nach der Unschuld. Denn es gibt ja auch ein Heimwch
419 3211 1634 3274 für die Heimatlosen, und vielleicht empfinden die es am schmerz¬
416 3246 1629 3311 lichsten von allen. Daß man eine Heimat überhaupt hat, ist schon
416 3298 1260 3346 ein wenig Trost, der aber fehlt den andern.
440 3339 1638 3410 Nun aber geschah etwas Seltsames. Sie begann den Bräutigam,
408 3394 1639 3449 der ihr anfangs nur Mittel zum Zweck bedeutet hatte, ernstlich
407 3433 1628 3487 zu lieben. Anfangs wollte sie es selbst nicht glauben; aber sie
420 3475 1637 3519 mußte es endlich, denn wie anders war es zu erklären, daß sie
417 3511 1624 3555 sich plötzlich ihrer früheren Vorsätze zu schämen anfing — so
414 3536 1630 3605 heftig und schmerzlich, wie vielleicht keine Sünderin der Tat
418 3595 1638 3652 sich der Vergangenheit zu schämen vermag —, daß sie bereute?
410 3633 1633 3685 Sie wollte ihm eine brave Gattin werden, treu und ergeben. Sie
421 3684 1629 3725 wurde ruhiger. Ihre Empfindungen bekamen einen eigentümlichen
410 3714 1637 3760 Hauch von Frieden und Keuschheit, und sie liebte ihn ticf. Ein
413 3751 1633 3795 paar Monate, oder waren es nur Wochen, ich weiß es nicht mehr
430 3799 1642 3842 — dauerte dieser Zustand an. Der Tag der Hochzeit rückte näher.
2485 3806 2844 3859 Photo Edith Glogau
416 3829 1639 3871 Da regte sich allmählich wieder die alte Raserei in ihr. Vielleicht
1636 3820 2833 3883 ! Der Erfolg durch Sport und Waldheims Entfettungs-Teel
420 3865 1637 3926 lag da ein besonderer Grund vor, über den sie sich selbst nicht
1581 3938 1699 4049 10
