3392 4384
275 125 823 228 11. Reigen
989 126 1400 207 box 19/1
845 1318 1478 1389 HEMSTREET
880 1375 1431 1442 96 WARREN STREET
922 1431 1392 1500 NEW YORK CITY
802 1493 1187 1571 NOVS 1930
970 1554 1312 1624 N V WORLD
864 1683 1547 1761 MOVE TO CLEAR CLERK
870 1758 1548 1835 IN OBSCENE B0OK SALE
884 1860 1568 1931 Rehearmg to Be Asked on
924 1924 1502 2000 Ground That He Had Not
967 1987 1448 2060 Read“Hands Around'
904 2042 1551 2106 K. Henry Rosenberg, attorney for
870 2099 1554 2141 Philip Pesky, clerk in Schulte’s book
877 2141 1554 2192 store at 82 Fourth Avenue, who was
876 2183 1549 2236 convicted Nov. 18, 1929 of the sale
874 2215 1557 2275 of an indecent book, Arthur Schnitz¬
874 2259 1559 2310 ler’s Hands Around,“ announced
877 2298 1544 2352 yesterday that he will apply to the
880 2339 1546 2383 Court of Appeals for atrehearing Nov
882 2369 1561 2422 24. He will argue for a reversal of
891 2402 1558 2441 the suspended sentence imposed on
885 2432 1551 2481 Pesky in Special Sessions and upheld
886 2476 1546 2520 by the Court of Appeals on the
878 2503 1548 2553 ground that the clerk wes unaware of
890 2532 1552 2574 the contents of the bock he sold te
898 2565 1556 2618 agents of John S. Sumner’s New York
896 2604 1548 2646 Society for the Suppression of Vice.
950 2634 1566 2673 Under the present very sweeping
1036 2664 1560 2708 Mr. Rosenberg told The
888 2654 1034 2709 ruling,
891 2698 1549 2734 World, “a conviction is upheld based
886 2734 1556 2775 on the mere possession and sale of
886 2763 1557 2816 a book held to be obscene, irrespec¬
891 2795 1550 2847 tive of ithe seller’s knowledge of the
901 2827 1558 2866 character of the book. As a result,
904 2864 1544 2903 the book trade does not know where
891 2892 1553 2927 it stands. We hope to obtain some
900 2908 1564 2964 expression of opinion from the Court
902 2962 1561 2998 of Appeals on the status of the cierk
900 2991 1558 3034 who sold the book without knowledge
900 3027 1210 3075 of its character.“
922 3057 1564 3097 Mr. Sumner sald yesterday that
887 3079 1570 3131 should the rehearing be granted, the
897 3126 1555 3174 society will oppose a ruling excul¬
899 3151 1165 3206 pating Pesky.
954 3182 1562 3224 We would never get another con¬
893 3209 1580 3278 viction under such an opinion,“ he
892 3257 1069 3303 asserted.
1932 1453 2622 1548 AFFIRMS CONVICTION‘ —
1946 1533 2658 1611 IN ·HANDS AROUND' CASE
1948 1640 2665 1729 AlbanzCeurt Adjudges Book
2011 1709 2616 1793 Indecent, Considering Ouly
2083 1774 2530 1851 Law and Not Facts.
1997 1874 2613 1943 Special to The New York Times.
1985 1921 2669 1971 ALBANY, Oct. 24.—The Court of
1962 1953 2655 2016 Appeals adjudged Arthur Schnitzler’s
1967 1988 2657 2048 book Hands Around'' as indecent
1980 2023 2647 2075 today. In affirming the conviction
1980 2051 2651 2105 of Philip Pesky, a clerk in a New
1975 2084 2658 2134 York book store, of possessing an
1963 2123 2656 2183 indecent book the court wrote a per
1963 2155 2504 2206 curiam opinion, as follows:
2002 2172 2664 2233 This court is a court of review,
1971 2208 2675 2265 restricted in cases of this order to
2107 2237 2676 2293 1ouncement of the law and
2043 2264 2092 2299 pre
2231 2274 2666 2322 r to act as a trier of
1991 2288 2207 2332 without pow
2049 2310 2663 2354 facts. If those charged with
2275 2342 2664 2387 ass judgment upon
1986 2358 2170 2398 the duty
2218 2372 2664 2424 night sav not unrea¬
2045 2385 2143 2433 fac
1986 2391 2029 2428 th
2194 2400 2665 2455 it the book sold by the
1984 2414 2135 2458 sonably
2222 2431 2649 2479 as obscene, lewd or
1995 2451 2134 2493 defenda
2211 2471 2672 2517 rond a reasonable doubt
1983 2483 2134 2525 indecent
1988 2498 2673 2556 (Penal Law 11, 41) we are not
1982 2528 2669 2585 at liberty to substitute our judg¬
2399 2563 2662 2604 to supersede
1979 2572 2357 2624 ment for theirs, o
1978 2589 2671 2664 their function as the spokesman of
1993 2613 2681 2685 the thought and sentiment of the#
1978 2651 2678 2714 community in applying to the book
1982 2687 2671 2749 complained of tne standard of pro¬
1979 2728 2670 2778 priety established by the statute. A
1982 2755 2695 2801 different question would be here if
1991 2778 2693 2848 we could say as a matter of law that
1998 2814 2683 2873 the writing is so innocuous as to for¬
1982 2846 2683 2907 bid the submission of its quality to
1985 2880 2679 2940 the triers of the facts. We cannot
1992 2906 2691 2979 say that here. The judgment shall
1983 2960 2242 3007 be affirmed.“
2014 2968 2692 3028 Pesky, who received a suspended
1988 3011 2691 3060 sentence, was arrested after ne had
2314 3042 2686 3091 Hands Around' to
1987 3048 2348 3101 sold a copy of!
1987 3072 2691 3125 Charles J. Bamberger, a special
1997 3104 2693 3161 agent of the New York Society for
1989 3143 2473 3205 the Suppression of Vice.
