3392 4384
276 120 837 234 11. Reigen
998 122 1434 220 box 19/1
1451 1088 2657 1158 ran for several wecks. There was no interference
1451 1146 2326 1217 in either instance by the authorities.
1497 1224 2642 1285 At the present time a production is being organ¬
1459 1275 2662 1339 ized in Paris by the eminent French actress
1449 1332 2664 1418 Madame Falconetti. During this very weck, in a
1451 1409 2654 1464 course on contemporary German literature at
1455 1449 2648 1527 Columbia University in New York City,“ Reigen“
1455 1527 2657 1584 is being studied and discussed as a modern liter¬
1460 1573 2347 1642 ary classic by students of both sexes.
1503 1648 2654 1714 The entire history of“ Reigen“, as a book and as
1462 1708 2661 1776 a play, indicates its acceptance by the civilized
1464 1768 1643 1830 world.
1453 1881 2660 1941 Inthe Light of All Recent Cases in This
1549 1930 2570 1998 State,Reigen Is Not Obscene.
1496 2055 2662 2120 The judiciary of New York State have always
1459 2114 2647 2178 guarded as precious the right of free press. The
1462 2175 2647 2242 Court’s attention is respectfully directed to the sig¬
1456 2239 2653 2303 nificant fact that in recent years there has not been
1466 2296 2657 2362 d single instance where a book, modern or classic,
1459 2348 2656 2422 which was first generally accepted by the press,
1468 2414 2662 2482 literary critics, the reading public and the commu¬
1467 2475 2663 2529 nity at large, and which was openly dealth with the
1462 2534 2659 2605 publishers and the book-trade, was ultimately con¬
1471 2606 2661 2666 demned by the courts, even though criminal prose¬
1461 2662 2662 2726 cution was instigated or abetted by the New York
1463 2712 2671 2783 Society for the Suppression of Vice, the original
1469 2787 2665 2848 complainant in the instant case. This statement is
1464 2844 2614 2901 fully borne out bythe following books and cases:
1621 2919 2668 2989 MADENOISELLE DE MAUriN, by Theophile
1568 2988 2669 3035 Gantier, a beok which is partly homosexual in
1566 3039 2652 3082 theme and in which the author champions for¬
1564 3088 2660 3160 nication and adultery, condemns virtue, glori¬
1566 3143 2655 3191 fies vice and counsels the seduction of every
1565 3190 2670 3248 woman (Halsey v. New York Society, 234
1563 3234 1802 3305 N. F. 1).
1616 3299 2656 3392 MADELEINE, the diary of a prostitute, describ¬
1571 3374 2656 3430 ing in detail abortions, pimps, venereal dis¬
