3436 4384
284 116 911 224 11. Reigen
1006 116 1445 206 box 19/1
1678 907 1782 984 13
1128 1015 2344 1088 The Book, as Appraised by Its Contents
1172 1090 2325 1137 andas Gauged by World-Wide Accept¬
1184 1151 2332 1198 ance Does Not Violate Any Criminal
1183 1199 2019 1273 Statute of New York State.
1183 1298 2336 1388 The first requirement of a sound body of law is
1128 1388 2336 1453 that it should correspond with the actual feelings
1137 1441 2333 1515 and demands of the community, whether right or
1127 1504 2338 1568 wrong.* (Oliver Wendell Holmes, The Common
1132 1553 1446 1632 Late, p. 41.)
1193 1610 2336 1686 Reigen'' is part of the educational system of
1133 1675 2336 1749 Columbia University, as heretofore indicated. The
1118 1737 2339 1812 record in the case shows that it has been advertised
1133 1802 2327 1865 in the New York Times, in the Herald-Tribune, and
1130 1864 2332 1928 in the Saturday Review of Literature. It has been
1126 1923 2334 1994 generally sold in book stores, drug stores and cigar
1138 1989 2338 2047 stores, including the book department of Macy’s.
1129 2047 2321 2110 (See Case cn Appeal, fols. 43-48, inclusive.) Our
1130 2103 2323 2161 obscenity law is a sweeping and all-inclusive one.
1117 2166 2322 2225 It draws no distinction between persons, on the one
1124 2225 2323 2296 hand, who publish, distribute and sell obscene ma¬
1127 2294 2320 2363 terial; and persons, on the other hand, who adver¬
1128 2337 2324 2395 tise or disseminate the identical matter in any man¬
1116 2402 2328 2475 ner whatsoever. If the conviction of the defendant
1125 2467 2322 2545 is to stand then the officials of Columbia University,
1133 2529 2315 2580 the newspapers, the bookdealers and all other per¬
1123 2589 2322 2667 sons who have aided in bringing the work to theat¬
1122 2658 2324 2722 tention of the public, must without exception be
1117 2708 2325 2774 haled into Court and convicted. Any other course
1130 2772 2323 2832 would lead to a kind of vicious diserimination which
1116 2823 2330 2893 is intolerable in law; or would induce nullisication,
1131 2888 2222 2944 which is hostile to all our legal institutions.
1178 2948 2303 3020 It must be remembered not only that“ Reigen?
1112 3014 2326 3093 has been universally accepted, but that its author,
1115 3072 2312 3131 Dr. Arthur Sehnitzler, is one of the outstanding lit¬
1119 3131 2322 3203 erary figures of the day. He has been recognized
1112 3205 2322 3265 as such forthe past two decades. No educational
1118 3258 2328 3327 course dealing with modern German literature is
