3436 4384
317 124 951 227 11. Reigen
1038 120 1481 204 box 19/1
1673 907 1782 972 21
1128 1000 2326 1078 by Lord Chief Justice Coleridge, the opinion of one
1133 1076 2321 1149 of the greatest jurists of those days, is expressed by
1135 1137 2338 1194 Sir J. F. Stephen, who, writing in the year 1884,
1127 1175 2332 1241 regarding the opinion of Lord Coleridge in the
1132 1227 1809 1295 Bradlaugh case, stated that:
1286 1312 2329 1373 *A large part of the most serions and most
1225 1363 2333 1422 important literature of the day is illegal that,
1233 1407 2340 1464 far instance, every bookseller who sells, every¬
1230 1465 2335 1520 one who lends to his friend a copy of Comte’s
1225 1515 2336 1582 Positive Philosophy’ or a copy of Renan's Life
1231 1567 2336 1633 of Christ’ commits a crime punishable with fine
1238 1612 1705 1682 and imprisonment.“
1174 1703 2328 1782 I have cited these cases to show how, with the
1121 1770 2328 1827 advancement of progress, the public view point
1128 1838 2334 1891 changes and that the magistrate must take into
1128 1879 2321 1935 consideration the time and the condition of the
1128 1923 1496 1994 nation or city.
1176 1977 2317 2030 And within our own memory, as may recall the
1119 2029 2320 2076 reversal of public opinion in the United States. It
1118 2088 2318 2144 is only recently that the works of Emile Zola were
1130 2125 2330 2200 barred from our readers; works which are now on
1122 2177 2316 2229 the shelves of public libraries. In some of our com¬
1118 2249 2323 2295 munities, the poems of Walt Whitman, the novels
1120 2287 2321 2363 of Dreiser, H. G. Wells are suppressed. While in
1127 2336 2319 2387 other communities, Whitman is considered as the
1126 2397 2322 2453 pioneer of true American poetry. In Canada,
1121 2447 2316 2491 Feuchtwanger’s book“Power'’ was suppressed; in
1126 2490 2328 2562 New York, it is being performed on the stage and
1126 2537 2054 2609 has a free and substantial circulation.
1166 2592 2319 2652 Bertrand Russell, in his latest work, Marriage
1109 2662 2314 2710 and Morals' mentions that only when a nation has,
1109 2693 2320 2763 through excesses, exhausted its robust vigor, that it
1108 2748 2318 2806 resorts to asceticism and excessive morality. Wein
1114 2804 2322 2857 the United States, have not gone through ang such
1116 2854 2324 2923 period as the English went through during the
1115 2907 2324 2973 Restoration, and we believe that the morality and
1114 2947 2318 3007 the sturdy character of our people is just as sound
1119 3009 2317 3060 and hearty as it has been since this nation was
1114 3056 2318 3118 founded. We think that our people are anything
1110 3102 2325 3180 but licentions in their national character; nor, how¬
1113 3163 2307 3227 ever, do we believe that they are so unnsually
1113 3213 2314 3264 squeamish that they are subject to corrosion and
1116 3266 2323 3345 corruptibility to a higher extent than any other¬
