3436 4384
301 113 901 216 11. Reigen
1023 116 1459 208 box 19/1
1234 957 2338 1028 eases, perversities, drunken orgies and inci¬
1240 1017 2342 1072 dents in whore honses (People v. Brainard, 192
1245 1062 1851 1139 Appellate Division, 816).
1288 1134 2335 1200 DECAMERON OF Boccacclo and the HEPTA¬
1249 1198 2334 1244 MERON OF MARGAREF OF NAVARRE, both abound¬
1237 1244 2336 1316 ing in highly colored stories of sexual adven¬
1248 1301 2300 1375 ture (In re Worthington, 30 N. V. Sup. 361).
1295 1368 2338 1446 A YoUNG GIRL's Dlaky and D. H. Lawrence's
1249 1431 2341 1481 WoMfEN IN LovE, portraying with a great deal
1243 1481 2342 1533 of particularity the sexual fancies of woman
1247 1533 2340 1591 (Opinion of Magistrate Simpson, People v.
1235 1578 2348 1660 Seltzer, New Vork Law Journal, September 30,
1248 1631 1425 1698 1922).
1295 1707 2332 1773 JURGEN, by James Branch Cabell, a thinly
1239 1768 2344 1836 veiled tale of amorous adventures (Opinion of
1241 1803 2343 1884 Judge Nott, Court of General Sessions, October
1243 1866 1505 1940 19, 1922).
1298 1924 2339 2015 TuE WELL oF LoyELINEss, by Radclyffe Hall,
1244 2004 2336 2052 a novel dealing with sexual abnormalities, in¬
1250 2053 2340 2113 version, and Lesbianism (People v. Friede and
1244 2105 2340 2161 Covici-Friede, Inc., Court of Special Sessions,
1249 2148 2032 2237 New Vork City, April 19, 1929).
1298 2230 2332 2279 REPLENISIIING Jessica, ly Maxwell Boden¬
1239 2278 2340 2333 heim, an acconnt of the sexual adventures of
1242 2336 2348 2396 a wealthy young girl with a succession of lovers
1256 2387 2338 2452 (Defendant acquitted by Court of General Ses¬
1244 2430 1819 2508 sions, after jury trial).
1294 2509 2341 2574 Pay Dar, by Nathan Asch, a book dealing
1249 2565 2337 2618 with the sexual frustrations of a young Wall
1236 2618 2337 2681 Street clerk (Opinion of Judge Henry M. R.
1240 2665 2341 2721 Goodman, Magistrate’s Court of the City of
1245 2725 1866 2782 New York, May 15, 1930).
1186 2818 2342 2896 The Court’s attention is especially directed to the
1134 2885 2354 2962 recent case of U. S. v. Mary Ware Dennett, in which
1138 2948 2339 3025 the U. S. Circuit Court of Appeals for the Second
1145 3008 2336 3061 Circuit reversed the judgment of conviction and or¬
1142 3069 2350 3138 dered the defendant discharged. This case involved
1142 3117 2342 3196 the extensive distribution of a twenty-five cent
1130 3191 2368 3250 pamphlet describing in detail the sexual act and
