3436 4448
1957 176 2281 259 —
1451 245 1903 354 box 36/7
96 275 1297 379 1. Panphlets offorints
772 875 2525 957 —.—
1524 955 1970 1019 geeee eee dehpiesuahenengeneneenenchernenn
799 961 1021 1069 e ar
1943 968 2114 1090 1
2206 964 2504 1091 Sune
854 1001 1920 1115 DerMerker
1874 1036 2461 1141 S
772 1136 2536 1207 die Lippen gedrückt ... eine grün-rote Ampel brennt ... Das ist Schnitzler¬
772 1210 2538 1282 Stimmung. Reizend ist, was viele haben möchten. Dieser Dichter gibt das Reizende.
953 1265 2547 1340 Oft ist es nur eine kleine Feuilletonidee, die er ausführt, ein geistreicher
773 1327 2535 1397 Einfall, Episoden („Lebendige Stunden“). Aber solche, die typisch sind, in denen sich
779 1379 2541 1442 eine Wahrheit mannigfaltiger und tiefer spiegelt, die weitere Perspektiven eröffnen
777 1457 2534 1515 als oft die großgehauenen, aufwühlenden Bauwerke, die mit den Steinen der letzten
783 1504 2538 1563 Dinge errichtet sind. Hus dem wildbewegten, vorbeirauschenden Strome des Lebens
784 1554 2535 1637 versteht er ein feines, gedankenvolles Bild festzuhalten, das nur dem Ruge eines
780 1622 2545 1694 Dichters nicht davongleiten konnte, das nur ein Großer zu erfassen vermochte. Er
783 1682 2543 1746 kennt seine Seele genau und sieht in ihr wie in einem Spiegel die Seelen seiner
782 1737 1085 1825 Mitmenschen.
947 1768 2555 1868 Liebe, Spiel und Tod. Diese drei Probleme ziehen durch alle seine Werke,
777 1859 2530 1930 sind ihre Entstehungsmöglichkeit, ihr Anfang und ihr Ende. Liebe freilich ist ein
780 1918 2528 1985 Wort von minderer Vieldeutigkeit, vielmehr durch Punkte und stumme Gedanken¬
775 1972 2541 2050 striche symbolisiert, wie dies im „Reigen“ geschieht. Nicht der Traum vom einzigen
785 2035 2545 2108 Komplement, das Wiederfinden des Ichs und die wahnsinnige, unhaltbare Sehnsucht
785 2093 2531 2160 nach Vereinigung, die den Tod sucht und in der Agonie röchelt. Nicht der Strick,
778 2157 2535 2225 mit dem der Satan die Menschenkinder in die Hölle zieht, nicht das unfaßbare
778 2206 2543 2278 Mysterium, in dessen flackerndem Licht das Dasein erleuchtet und zugleich versengt
785 2263 2573 2337 wird. Keine Überschwenglichkeiten, kein erträumtes Pathos. Ein flüchtiger Kausch,—
777 2335 2539 2405 aus dem man wieder erwacht. Später, viel später — im „Medardus“ heißt es:
778 2390 2519 2453 „Tollheit, Verlangen, Haß, ein wüstes Sausen aufgewühlten Bluts, das wieder ebbt.“
764 2440 2545 2494 So spricht die schmerzzerissene Liebe des Bruders zur Liebe des Liebhabers. Fast
783 2512 2529 2570 tut es ein wenig weh, Aber dieser spätere Satz scheint mir von früher zu stammen,
781 2561 2537 2625 aus der Zeit des „Rnatol“ und der „Liebelei“ vielleicht, da die Liebe als ein schöner,
774 2628 2534 2690 reizvolier Zeitvertreib erscheint, ein Spiel, an dem der zugrunde geht, der es ernst
780 2685 2528 2750 nimmt. Darum muß Christine sterben. Das ist die Liebe bei Schnitzler: zwei Men¬
784 2738 2537 2813 schen lernen einander kennen, küssen einander, gehen wieder weiter oder sterben.
777 2806 2536 2866 Was dazwischen liegt ist die Tragik. Denn hinter der Liebe kauert der Tod und
785 2854 2533 2926 wartet auf sein Opfer ... Der dunkle Vorhang, vor dem sich all diese kleinen und
781 2921 2530 2980 großen Liebesgeschichten abspielten, das gewaltige Mysterium, dessen Nähe man
781 2974 2539 3052 bei Schnitzler immer, auch in den humordurchstrahlten Szenen empfindet, adelt sie
780 3035 1246 3109 und macht sie heilig.
952 3063 2537 3168 „Komödiespielen“, das ist der andere Begriff, den der Dichter immer wieder,
763 3148 2534 3217 in allen Biegungen und Arten konjugiert. Allerdings in des Wortes weitestem Sinn.
772 3208 2542 3263 Nicht nur, wie im „grünen Kakadu“, wo Komödie und Wirklichkeit einander in
782 3267 2535 3329 die Arme fallen und ausgelassener, toller Scherz in blutigen Ernst umschlägt.
783 3333 2524 3405 „Komödie“ als Weltanschauung. Die Menschen spielen sie sich und anderen vor.
771 3393 2521 3451 Die Tronie der Illusion. Sie leben sich in sie hinein und erwecken sie im Fremden,
1589 3525 1724 3596 — 204 —
