3392 4320
1494 252 1956 348 box 36/4
277 257 1344 377 Panphlets offorints
773 973 2531 1071 Soireen getroffen, war da und dort zum Mittagessen mit ihm zusammen
776 1056 2520 1124 eingeladen gewesen, man wußte, daß er sehr elegante Kleider und sehr
771 1111 2517 1182 teure Krawatten trug, daß er ein junger Arzt sei, der lächerlich wenig
758 1189 2527 1252 Patienten, dafür aber desto mehr mondaine Passionen hatte. Und der wollte
762 1234 2522 1310 auf einmal ein Dichter sein? Man ließ sich so was nicht weismachen. Der
762 1290 2520 1367 junge Herr würde besser tun, sich zufrieden zu geben. Er würde mehr
771 1350 2522 1401 Verstand beweisen, wenn er sich bemühen wollte, in seinem Beruf etwas
774 1406 2532 1473 Tüchtiges zu leisten. Man war keineswegs aufgelegt, seine schöngeistigen
762 1464 1476 1551 Bestrebungen zu unterstützen.
883 1532 2513 1602 Die Kritik spielte die Begleitungsmusik zu diesem Chor der Meinungen.
773 1591 2515 1659 Sie schlug die Pauke, sie ließ die Feuerwehrtrompeten schmettern, sie strich
763 1650 2516 1729 den Brummbaß und schnaubte im Holz. Es war eine niedliche Salonkapelle,
774 1730 2522 1780 die Kritik. Die Melodie, die sie dabei immer wiederholte, bis die Spatzen
764 1767 2517 1843 sie von allen Dächern nachzwitscherten: sollen denn Schiller und Goethe
770 1831 2527 1901 abgesetzt werden? Ihr heroischer Hornruf: das werden wir nicht dulden!
773 1886 2528 1962 Die Kritik zog die Wache auf und besetzte alle Posten. Denn die Kunst
780 1960 2515 2015 war bedroht und die Moral war in Gefahr. Diesem Stück entquollen die
771 2006 2528 2072 üblen Gerüche der Kloake, schrieb man. Die Kritik hatte alle Hände voll
767 2073 2527 2139 zu tun, sie war sehr eifrig, und in ihrem Eifer wußte sie nicht mehr ganz
769 2123 2522 2198 genau, welche Dienste eigentlich ihr oblagen: sollten sich alle als Hüter der
770 2177 2530 2233 Kunst auf ihre Plätze begeben oder als Wächter der Moral? Deshalb taten
773 2238 2533 2299 sie beides. Sie bewachten die Kunst und sie hüteten di foral. So erfüllte
773 2303 2522 2365 die Kritik ihre Aufgabe, als Arthur Schnitzler auftrat. Il. vornehmste Auf¬
769 2355 2518 2429 gabe: das Neue zu erkennen, das Werdende in Acht zu nehmen und zu
769 2414 2533 2477 pflegen, jugendliche Entwicklung zu verstehen und zu fördern, und die
762 2468 2535 2543 leicht vom Persönlichen verwirrte Menge durch sicheres Voranschreiten zu
773 2531 1498 2623 einem klaren Urteil zu führen.
880 2628 2530 2710 Ohne Spur von Bitterkeit erinnern wir uns jenes Anfangs heute, da
770 2708 2519 2760 Arthur Schnitzier an seinem fünfzigsten Geburtstag als eine der stärksten
775 2762 2528 2826 dichterischen Erscheinungen der Epoche gefeiert wird. Aber es ist ganz gut,
772 2833 2525 2897 bei solch einer Gelegenheit rasch einmal zurückzuschauen, und die immer
767 2881 2527 2944 wieder gleiche Art der Anfänge lächelnd zu bedenken. Da hebt sich uns
771 2943 2526 3014 die Mahnung entgegen, den jeweiligen Zwist des Tages nicht für wichtiger
775 2998 2524 3064 und bedeutender zu nehmen als er im Grunde ist. Denn immer wieder
775 3060 2516 3131 lassen wir uns von der törichten Aufregung des törichten Moments hin¬
765 3116 2522 3168 reißen, diese Dinge in ihrem Maß und in ihrem Gewicht zu überschätzen.
771 3178 2524 3242 Der Zuschauer von etwas neuem wird jedesmal überrascht, und in seiner
772 3236 2519 3305 Uberraschung auch verwirrt sein. Er mag sich auf seine Übung im Zu¬
766 3300 2532 3366 schauen berufen und daraus eine Art Kennerschaft für sich beanspruchen,
777 3356 2529 3415 er ist ja doch nur im Anschauen der gewohnten Dinge trainiert, er ist im
772 3420 2528 3497 Gewohnten nur heimisch, ist darin befangen und eben deshalb verstimmt
1569 3501 1709 3586 325
