3392 4320
1965 168 2249 248 ——.——
1477 223 1938 323 box 36/4
256 228 1335 356 Panphlets offorints
903 921 2546 1006 Im „Ruf des Lebens“ schon macht Schnitzler den Versuch, das Starre
799 993 2552 1065 und Schematische der Verknüpfungen festzustellen, in dem Wirrsal der
803 1050 2551 1129 Zusammenhänge eine Primitivität zu zeigen, die beinahe an das Marionetten¬
792 1101 2558 1180 spiel erinnert. Er rückt dann noch eine Stufe höher und erkennt den
792 1167 2554 1232 Humor, der im Schematischen sich birgt. Er weiß, daß es irgendwo einen
804 1228 2548 1296 Gipfel geben muß, von dem aus wir auf uns selbst hernieder schauen und
796 1290 2562 1341 zu uns herablächeln können. Es gibt eine Höhe über den Ereignissen, von
805 1342 2562 1402 der aus gesehen, alle ihre Wichtigkeiten klein und komisch wirken. Und
796 1397 2551 1475 jedes dichterische Bemühen muß sich von dort her als halb schon wieder
803 1464 2551 1536 lächerliche Spielerei ausnehmen, die alten ewigen Kasperlfiguren dieses
801 1522 2545 1583 Welttheaters mit neuen, differenzierten Farben zu bemalen, in neuen über¬
799 1573 2552 1630 flüssig bedeutungsvollen Geberden zu bewegen. Sein „Großer Wurstel“ und
803 1635 2556 1686 sein „Tapferer Cassian“ sind die reizvollen Versuche eines Dichters, über
798 1692 2551 1768 sich seibst hinauszudringen. In ihnen ist das spöttische Mißtrauen gegen
805 1760 2402 1819 große Worte, das anmutig erschreckte Abrücken vom eigenen Pathos.
925 1859 2542 1920 Wenn wir sein Werk heute betrachten, ergibt sich: daß er ein Wer¬
808 1932 2563 1996 dender ist, einer, der noch nicht fertig werden konnte. Er hat nur erst
803 1988 2549 2061 die Umrisse seines Könnens und seiner Art entworfen. Mit solch meister¬
796 2067 2553 2120 lichen Strichen freilich, daß wir aus ihnen sein Wesen zu begreifen ver¬
801 2098 2554 2182 mögen; die Wurzeln seiner edlen Menschlichkeit, die Gepflegtheit seiner
804 2166 2557 2222 aristokratischen Technik. Seinen Hang zur Weichheit und seine Kraft zur
801 2210 2558 2287 Härte. Seine männlich ernste Anmut, und den seltsamen Liebreiz, mit dem
803 2290 2552 2364 er am Ende eines langen ernsten Nachdenkens zu einem kindlichen Auf¬
804 2340 1170 2431 lachen gelangt.
917 2394 2560 2475 Er hat viele Werke geschaffen, die berühmt geworden sind, und
798 2458 2558 2512 manche von ihnen werden vielleicht noch berühmter werden, als man heute
805 2528 2557 2589 ermessen mag. Aber in keinem von ihnen ist noch ein Zeichen des Ab¬
803 2574 2567 2640 schließens, in allen pulsiert die Verheißung des Kommenden. Sie nehmen sich
809 2638 2564 2708 aus wie Entwicklungsstationen, wie Botschaften von unterwegs. Sie scheinen
803 2694 2575 2761 aus einem Reichtum zu kommen, der eben dabei ist, sich zu münzen und
806 2758 1085 2836 zu ordnen.
936 2823 2557 2883 Seine Entscheidungen stehen noch bevor. Daß er uns diese erwartende
801 2870 2560 2929 Empfindung, dieses, mit seinem Wachstum im Wachsen begriffene Zutrauen
801 2924 2569 2996 zu geben vermag, zu allem, was er uns bis jetzt schon gegeben hat, macht
804 3007 2562 3069 seine beste Wirkung aus. Vielleicht bringen uns die nächsten Jahre das reine
808 3045 2569 3104 Lustspiel, das man von ihm erhofft, vielleicht auch den großen Roman,
804 3119 2579 3196 den einer doch schreiben kann, der den Weg ins Freie gefunden hat,
810 3159 1016 3252 wie er.
1629 3428 1744 3511 330
