3392 4320
1978 159 2312 246 —
1479 221 1951 324 box 36/4
246 227 1340 341 Pamphlets offorints
1516 1258 2054 1398 #
721 1380 2469 1508 OSTERREKHISTHEZEIISCHRIELELR
1078 1471 2050 1584 MIISIKUNDTHEATEK
728 1543 2428 1651 HERÄLELEHERRITHARTEATKITRTHARSPENT
2061 1856 2483 1951 HEFT NR. 9
1329 1862 1895 1969 1. MAI-HEFT 1912
691 1889 1170 2007 3. JAHRGANG
714 2047 2478 2174 DREI GEDICHTEVON ARTHUR SCHNITZLER.
1242 2164 1921 2277 I. TAGEBUCHELATT.
1074 2259 2062 2346 Ja dann am späten Frühlingsnachmittag
1074 2321 2132 2406 Bin ich von meinem Schreibtisch aufgestanden,
1068 2386 2012 2462 Da keine Verse für das Blatt sich fanden,
1063 2431 2081 2545 Das schimmernd weiß vor meinen Augen lag.
1066 2527 2094 2637 Hinaus aus meinem Zimmer triebs mich, fort
1077 2615 2054 2709 Zu einem Gange durch der Vorstadt Gassen.
1081 2680 1993 2751 Zu Hause wollt' ich meine Grillen lassen,
1084 2749 2040 2831 Die tolle Lust an dem gereimten Wort.
1085 2825 2134 2928 Wie starrten heut mich die vier Wände an
1088 2906 2010 2994 Und jener Blätter unglückselige Leere,
1083 2985 1995 3064 Wie lastete mit ihrer ganzen Schwere
1085 3033 2097 3104 Auf mir der Dämmerstube dumpfer Bann.
1090 3123 2281 3222 Nun mag dem Müden, dem’s an Schwung gebrach,
1089 3196 2047 3277 Der Abendwind die heiße Stirne kühlen,
1086 3259 2091 3355 Ich will getrost mich ein Befreiter fühlen
1097 3297 2294 3412 Und mein verdammter Wahn soll mir nicht nach.
857 3388 2508 3472 Die hier abgedruckten Gedichte stammen aus den Jahren 18o1 bis oy und sind schon
735 3438 2504 3538 kurz nach ihrem Entstehen in verschiedenen nicht mehr bestehenden Zeitschriften ver¬
743 3526 1138 3618 öffentlicht gewesen.
1575 3572 1701 3656 321
2103 3933 2348 4065 W
