3344 4320
1265 160 1376 248 —
1959 162 2375 250 —
1465 226 1916 323 box 36/4
242 237 1351 355 Pamphlets offorints
971 902 2018 991 Nun sagt man, geht’s da oben wieder los.
979 970 2285 1045 Ich zich' nicht mit, nach Ruhm verlangt’s mich nicht,
976 1034 2092 1096 Kaum faß’ ich heut, daß je ich sein begehrte.
973 1104 2182 1156 Noch klingt das Wort — der Sinn ist mir verloren.
986 1141 2440 1219 (Zu Margarete.) Mit Deinesgleichen hab’ ich viele Stunden
988 1210 2049 1271 In hohen Freuden hingebracht, — ja heitrer
985 1278 2115 1335 Als ich an euern Busen hinsank, ging ich fort.
988 1321 2420 1398 (Zu Franz.) Und wenn du kamst und andere liebe Freunde,
990 1377 2118 1445 Wie gern ließ ich zu einem Spiel mich locken,
999 1437 2023 1511 Wie sehr auch liebt' ich, bis in späte Nacht
993 1505 2045 1571 Mit euch zu plaudern von erhabnen Dingen
994 1568 2040 1630 Und von dem leichten Gang gewohnten Tags.
989 1619 1992 1698 Und war ich ganz allein und ritt hinaus
985 1685 2156 1745 Am frischen Morgen in den Wald nach Dornbach
995 1745 2191 1808 Und band mein Pferd an einen Baum und streckte
989 1794 2048 1875 Ins Grüne mich und sah zum Himmel auf,
996 1851 2135 1911 So war mir wohl, denn nirgends war ich fremd.
991 1913 2026 1993 Und alle Stimmen, woher sie auch kamen,
989 1970 2177 2036 Hab’ ich verstanden; — und nur das heißt Leben.
1006 2039 2026 2107 Warum dies anders wurde, weiß ich nicht.
1003 2095 1931 2158 Ob ich für solche Fülle meines Daseins
992 2148 2095 2221 Nun büßen muß, ob dies nur eine Krankheit
998 2217 1976 2280 Wie andre, — ob das Ende kommen will
992 2263 2067 2329 Und so sich meldet... all dies weiß ich nicht.
1000 2329 2008 2392 Doch da es einmal ist, sei's hingenommen,
1003 2382 1943 2445 Und ohne Trauer sag' ich dir Lebwohl.
988 2445 1534 2523 Leb’ wohl bis morgen!
705 2445 909 2528 Franz:
1512 2502 2038 2580 Diesmal, guter Franz,
706 2512 901 2585 Hans:
1010 2560 2117 2630 Wird’s etwas länger werden, fürcht' ich schier.
1015 2617 1962 2697 (zu Franz): Das ist ein lust’ger Freund?
712 2622 995 2697 Margarete
1537 2686 2276 2753 Hast du ihr den versprochen?
712 2690 903 2756 Hans:
995 2752 2195 2811 Nun gib wohl acht, daß, was du sonst versprachst,
1006 2799 1614 2868 Ihr besser halten kannst.
1594 2847 1993 2931 Da sei getrost!
702 2856 932 2935 Franz:
1008 2905 2152 2980 Komm, Kleine, laß uns gehn — heut ohne ihn,
994 2973 2058 3046 Ein andermal, wenn er bei bessrer Laune.
1405 3042 1515 3112 I.
993 3094 1839 3178 Du Thor, der sich an eine hängt!
1000 3163 2004 3239 Und sich an ihrer Brust geborgen wähnt!
998 3218 1963 3294 Gedanken, die nicht dir gehören, fliehn
1004 3290 2125 3344 Jenseits der Stirn, die deinem Kuß sich neigte.
992 3332 2039 3425 Um sie ist Vieles, was dir selbst so fremd,
1527 3425 1678 3494 359
