3344 4320
1949 134 2344 226 —.—
1444 198 1917 309 box 36//4
240 221 1302 327 Pamphlets offorints
662 933 2431 1020 und bitteren Gefühl von Weh und Reue, von Zärtlichkeit, Todesahnung
677 995 1498 1054 und Glückessehnsucht in der Brust.
788 1048 2416 1125 Hier ist der breite Todesschatten, den Schnitzler immer über die
659 1108 2431 1174 Festlichkeiten des Lebens hingleiten läßt. Fröhlichkeit und Fülle des
663 1156 2427 1234 Seins rückt er immer hart an den Rand der furchtbaren Leere, sieghaftes
668 1228 2426 1310 Glück auf seiner Höhe rückt er dicht an den Abgrund, daß es vom Schauer
661 1285 2414 1359 des Sturzes angeweht wird. Wie in Hebbels Rosengedicht scheinen Schnitzlers
658 1335 2422 1408 Menschen in jedem sommerlichen Augenblick der Daseinslust, in ihrem
672 1414 2417 1471 wachem Bewußtsein vor sich hinzusagen: „So weit im Leben ist zu nah am Tod“.
781 1472 2411 1523 Hier waltet auch schon das Schicksal, wie Schnitzler es ansieht.
660 1530 2411 1596 Jenes Schicksal, das Pointierungen liebt. Der junge Mann ist in einer vor¬
659 1587 2412 1663 übergehenden Affaire befangen gewesen. Ein kleiner Roman mit einer ver¬
669 1636 2418 1730 heirateten Frau. Was weiter? Er wird daraus hervorschreiten. Dies Erlebnis
663 1699 2414 1769 beginnt schon von ihm abzugleiten, spurlos beinahe. Schon öffnet sich der
664 1768 2419 1829 Reichtum neuer Erlebnisse vor ihm. Aber er hat es nicht gewußt, daß
662 1824 2409 1901 jener erledigte Roman eben der Roran seines Daseins gewesen, daß er
666 1893 2425 1962 selbst der tragische, todgeweihte Held dieser abgeschmackten Geschichte ist.
669 1936 2422 2016 Er glaubt, ein anderes Stück beginne. Aber er irrt sich. Er muß in der
658 2002 2426 2069 letzten Szene des alten Stückes sterben, jener Komödie, die ihn ganz und
667 2060 2416 2141 gar nicht mehr interessiert. Seine Ahnung setzt erst am Schlusse ein. Zu
669 2115 2416 2200 spät für ein Entrinnen. Nur früh genug, um noch knapp vor dem Fallen
666 2175 2419 2246 des Vorhangs zu erkennen, daß es ein dichterischer Einfall des Schicksals
668 2241 2415 2308 ist, ihn nicht als heroisches Opfer seiner Leidenschaft sterben zu lassen,
666 2300 2414 2372 sondern als einen schon Entnüchterten, als einen, der mit seiner Neigung
664 2349 2415 2418 schon bei einer andern weilt, als bei derjenigen, für die er sich töten läßt.
668 2406 2415 2468 Diese andere wieder, das Vorstadtmädchen, hat ihre ganze Liebe, ihren ganzen
661 2473 2418 2535 Glauben, den Inhalt ihrer Jugend hingegeben, an einen Mann, der eines
666 2531 2419 2604 Tages im Kampf um eine fremde, ferne Frau erschossen wird. Ein Schicksal,
671 2594 1436 2678 das sich in Pointierungen gefällt.
1482 2626 1546 2711 *
767 2687 2415 2783 Aber das sind nur scheinbare Pointen. In cinei höheren Betracht als
669 2768 2412 2830 in dem der wirksamen Fabelführung sind es Perspektiven. Durchblicke in
669 2829 2420 2912 dis Zusammenhänge aller Menschen. Wir sind aneinander gebunden mit
664 2883 2415 2955 unsichtbaren Fäden, ohne es zu ahnen, wie jene mondaine, ellebrecherische
664 2945 2415 3003 Frau an das einfache, unschuldige Vorstadtmädchen gebunden ist, ohne daß
666 3007 2414 3070 sie es jemals wissen wird. Ein großer Puppenspieler hält uns alle an diesen
668 3060 2428 3117 Fäden, und wir spielen alle mit in einem Stück, dessen Sinn und Inhalt,
666 3117 2415 3182 dessen Handlung und Ausgarg wir nicht kennen. Das ist die dichterische
667 3168 2423 3241 Weltanschauung Arthur Schnitzlers, und seine Kunst strebt von der „Liebelei“.
670 3239 2421 3295 angefangen, beständig dahin, Zusammenhänge zu geben, keine Ausschnitte.
659 3297 2415 3375 Er gibt sie fröhlich, wie in jenem übermütigen Zyklus kleiner unsagbarer
669 3357 2431 3440 Umarmungen, den er „Reigen“ nennt. Wie sind da alle ineinander verschränkt,
1466 3432 1617 3514 328
