3484 4224
277 148 942 244 36. Flucht in
1150 158 1669 252 Finsternis
1846 165 2218 261 box 6/3
504 177 1353 269 Kunne an die Mas
1552 208 1664 272 P
192 381 1426 488 em tiefen Traum leiden — heute vielleicht mehr als jemals,
198 438 415 507 st, kam er
410 455 1428 541 wenn auch unter anderen Formen. Ihnen wird der
199 484 404 543 der Ich¬
402 496 1434 572 verstorbene Arthur Schnitzler nicht verstorben sein.
198 516 414 583 serträumte
187 564 406 622 ugenblicks
188 607 404 670 durch ein
618 600 1159 685 Schnitzlers letzter Wille.
193 644 413 701 ielte, von
435 634 1426 734 Wie der Sohn Arthus Schnitzlers, der Ber¬
199 693 1415 768 wollten:Iliner Schauspieler Heinrich Schnitzler,
187 730 335 780 ner
380 733 1413 824 mitteilt, hat er im Nachlaß seines Vaters folgende
191 765 1410 864 und als! Verfügungen vorgesunden: „Bestimmungen, die ich
178 784 1407 910 isten den gleich nach meinem Ableben zu erfüllen bitte: Herz¬
181 848 1404 952 Waden am stich. Keine Kränze. Keine Parte (schwarzum¬
178 886 1411 999 Dekadence rahmte Trauerkundgebung), auch in der Zeitung
170 909 1398 1028 t. aber nicht. Begräbnis letzter Klasse. Das durch Besol¬
177 954 1407 1075 herrschte gung dieser Verfügungen erührigte Geld ist Spi¬
184 994 1410 1099 nen Ro=stalzwecken zuzuwenden. Keine Reden. Ver¬
200 1042 732 1117 8jungen meidung allen
724 1058 1403 1140 rituellen Beiwerks. Keine
189 1086 1412 1195 Weg und Trauer tragen nach meinem Tode — absolut
188 1126 295 1185 en.
355 1129 550 1212 keine.“
190 1153 381 1235 chnitzler¬
185 1205 386 1270 inster¬
191 1242 397 1321 e Flucht
188 1296 403 1350 Noch ein¬
199 1336 393 1395 Buch zu¬
184 1377 388 1430 bart, die
188 1418 387 1479 nde die
199 1460 374 1507 kann es
193 1490 385 1551 Abschied
196 1540 385 1595 am eine
192 1577 380 1638 mt, das
247 1622 388 1674 über
205 1659 379 1717 Zirklich¬
595 1651 1256 1742 C
237 1700 374 1755 über¬
700 1699 1490 1785 I. österr. behördl. konzéssich
222 1738 373 1790 finden.
650 1746 1457 1847 Unternehmen für Zeitungs-Ausschnitte
203 1780 368 1837 vorden.
206 1817 353 1873 mehr?
715 1801 1414 1890 WIEN, I., WOLLZEIE 11
182 1857 373 1916 ebendig
814 1863 1309 1923 TELEPHOH R-23-0-43
206 1901 359 1959 besten
209 1938 369 2006 Man
182 1978 360 2036 Käufer
617 1993 1008 2097 Ausschnitt aus:
184 2021 359 2076 ber die
184 2051 356 2118 enschen
1008 2029 1543 2170 MBAb 14015101
1014 2117 1471 2218 93 MNT 1037
572 2215 746 2307 B 5
1529 2294 3242 2371 Mit unerbittlicher Folgerichtigkeit malt er keit dem Fremden. Seine Nervosität stei
557 2204 1541 2412 „Die Flucht in die Finsternis.
1535 2345 3319 2407 den geistigen Untergang eines hochbegabten sich, so daß ihn sein Bruder und sein Freund
723 2400 3313 2463 Arthur Schnitzlers letztes Werk. Ministerialbeamten, den das Schicksal eines Dr. Leinbach auf etliche Wochen zur Erho¬
685 2442 3292 2509 Gerade, als aus dem Verlag S. Fische# Tages in den dunklen Bezirk von Zwangs= lung an die Adria senden. Mit der Rückkeh
1524 2487 3290 2542 Tvorstellungen jagt und den seine Furcht, sein Roberts nach Wien beginnt die Novelle
619 2510 3247 2601 in Berlin Arthur Schnitzlers letzte Arbeit, Pruder könnte sein Mörder werden, selbst Augenblicke seelischer Harmonie wechseln
622 2561 1548 2618 die Novelte „Flücht in die Finsternis“ in
1531 2570 3189 2625 zum Brudermörder werden läßt. Zwischen mit grausen Vorstellungen, er habe
621 2596 1533 2671 alle Welt geht, hat des Dichters Herz diesen
1540 2619 3153 2674 Robert und seinem älteren Bruder Otto, im Walde bei der letzten Unterred
613 2629 1536 2705 Weg genommen. Künftige Biographen wer¬
1533 2664 3010 2725 einem Arzt, bestehen seit früher Jugend in= mordet, ja, er habe auch se
627 2687 1539 2755 den die Fäden zwischen Schnitzlers Unter¬
1542 2709 3016 2764 nige seelische Bande. Robert glaubt das giftet. Geheime, unterbewußte
624 2729 1537 2799 gründen, die den Helden der Novelle, den
1535 2751 2992 2815 Verhältnis von Bruder zu Bruder „nichtmen in seinem Geist Gesta
633 2777 1532 2825 Sektionsrat Robert, in Wahn und Tod
3166 2661 3317 2846 15
1534 2795 3080 2859 nur für sich als den besten und reinsten Ge¬ von Tatsachen an. Die harmlose
622 2821 1542 2875 treiben, Lichter aufzuspüren vermögen als
1533 2837 2428 2897 winn seines Daseins, sondern auch im all¬
2418 2836 3324 2896 und Gesten des Bruders, der Freunde er¬
632 2867 1541 2918 wir heute, da ihnen ein klarerer Einblick in
2429 2868 3342 2943 wecken in Robert den Wahn, daß man ihn
1533 2882 2438 2932 gemeinen Sinn als das einzige von natür¬
633 2910 1538 2978 die abschließenden Lebensjahre Schnitzlers
1541 2917 2440 2975 lich gesicherter Beständigkeit zu erkennen“.
2422 2921 3349 2978 für verrückt halte. Er flüchtet in ein ein¬
627 2942 1076 3014 vergönnt sein wird.
2422 2951 3351 3024 maliges erotisches Erlebnis mit einer jun¬
1521 2963 2430 3019 Vor Jahren machte er mit seinem Bruder
694 3004 1539 3058 Verstummt ist nun auf immer der Mund
1538 3015 2430 3065 und einem Leutnant einen fröhlichen Aus¬
2423 2995 3349 3074 gen Witwe. aber auch da meldet sich bald
619 3042 1545 3111 eines Dichters, der von seiner ersten Arbeit
1541 3062 2430 3110 flug in den Prater, wobei der Leutnank in
2417 3056 3316 3114 die Angst, ob sie nicht auch sein Opfer ge¬
628 3094 1544 3142 an den Besten seiner Zeit genug getan hat.
1530 3078 3358 3168 überschäumender Lebenslust der Lauteste worden sei. Nun verlobt er sich mit eine#
635 3134 1537 3188 Wien verliert mit ihm den größten Künder
1541 3135 3366 3217 und Lustigste gewesen ist. Wenige Wochen infolge Defraudatien des Voters verarmten
624 3174 1533 3231 seines Zaubers, seiner von keinem anderen
2415 3196 2807 3263 Mädchen Paula.
1539 3186 2431 3248 später war er dem Wahnsinn verfallen.
629 3230 1535 3278 so bezwingens und überzeugend, so unver¬
2482 3217 3343 3281 Otto, der seit langem das seltsame Be¬
1534 3231 2433 3282 Dieser Tag. ist für Roberts Dasein ent¬
627 3256 1540 3328 gleichlich reizvoll und umfassend erfühlten
2428 3255 3347 3341 nehmen des Bruders mit geschickt verhehlter
1535 3271 2424 3337 scheidend. Ihn selbst quälen seit dieser Zeit
622 3291 2433 3363 und gestalteten Atmosphäre und vor allem Angstzustände, daß auch er plötzlich in eine
2426 3310 3338 3380 Besorgnis betrachtet, sieht in dieser Ver¬
615 3352 2436 3416 seiner Mädchen und Frauen. Das süße Irrenanstalt gebracht werden könnte und
2430 3350 3339 3412 lobung das beste Heilungsmittel für Robert.
625 3405 3331 3460 Mädel und die mondäne Ehebrecherin, das dort das grauenvolle Dasein der Irren tei= Trotz allem steigert sich der parapathische
618 3449 2429 3513 aufopferungsvoll liebende und das von Neizsen müßte. Er bittet seinen Bruder, ihn ge¬
2414 3449 3336 3510 Zustand Roberts. Er ahnt Ottos Unruhe,
624 3487 3381 3539 zu Reiz flatternde Weib hat Schnitzler lange gebenenfalls mit Gift schmerzlos zu töten, fürchtet, dieser konnte jetzt von der ihm einst
615 3534 3338 3581 vor Frend und den modernen Psychologen und gibt ihm auch schriftliche Vollmacht schriftlich überreichten Erlaubnis, den Bru¬
615 3569 1545 3640 mit genialer Intuition in unvergeßlichen
1539 3584 3333 3635 hierzu. Jahre vergehen. Robert heiratet, der sanft hinwegzuräumen, Gebrauch ma¬
615 3621 1537 3669 Gestalten der Nachwelt überliefert. Den
2416 3613 3335 3687 chen und verlangt jenen Brief zurück. Otto
1529 3626 2424 3684 seine Frau stirbt nach wenigen Jahren und
618 3663 1544 3725 Nachkriegstypen der Frau ist er bewußt aus¬
1529 3663 3340 3724 er knüpft ein Verhältnis mit Alberta an. willfahrt der Bitte, doch Robert ist bereits
622 3703 3325 3768 gewichen, diese Attrappen konnten dem Eines Tages, am Vierwaldstättersee, glaubt in jenes Studium des Wahns getreten, in
617 3735 3333 3821 Dichter des Unbewußten nichts bedeuten. er zwischen ihr und einem Amerikaner ein dem der Kranke alle anderen für verrückt
691 3783 3346 3856 Die Novelle „Flucht in die Finsternis“geheimes Einverständnis zu bemerken, gibt und sich gegenüber feindlich eingestellt hält.
612 3837 3342 3919 zeigt den Dichter auf der Höhe seiner Kunst, sie frei und überläßt sie aus verletzter Eitel= Als Otto ihn und Paula zu sich in den Fa¬
