3484 4224
566 103 1658 175 lucht in die Finsternis
1857 110 2252 192 box 6/3
289 115 1679 220 36. Fuche an Mensausternis
187 1674 2969 1743 nerung des Geistes und der Nerven (dition, verlassen von allen guten Geistern und un-kompromissloser Weg: Arbeit um eines einmal ge¬
197 1721 1931 1771 ind einer Kullur, deren Unterganggläubig, sehr fern den Menschen gegenüber, die aus
1921 1721 2972 1783 steckten, trotz aller Missverhältnisse schicksalhaft er¬
207 1749 915 1802 mag bei allem Bekennen zur Zu¬
911 1746 1924 1810 den Kräften der Vergangenheit ihnen Schätze innerer
1926 1762 2967 1810 kan#sten Zieles willen — so scheint der Aufstieg dieses
185 1793 916 1851 ukunft, da nicht mehr die schreiende
909 1798 1936 1855 Formung darreichen. Während nun diese Situation im
1920 1799 2971 1856 Manres deutlich den Blicken derer, die ihn verehren,
905 1821 1936 1890 (Leibhaftigens vom Aspekt des unkämpferischen Men¬
183 1836 908 1894 b macht für Klänge von so stillem
1926 1836 2984 1891 derer aber auch, die ihn hassen um seiner nafürlichen
197 1878 898 1928 m Reiz, wie sie Schnitzler anzustim¬
907 1880 1927 1929 schen des Untergangs aus erfasst wurde, von dem aus
1935 1878 2972 1935 Feindschaft ihrem niederen Zwecken verhafteten Da¬
199 1906 917 1964 Der zum mindesten immer als Re¬
903 1909 1930 1960 kein Blick in eine Weiterentwicklung der Kultur ge¬
1923 1914 2971 1976 sein gegenüber. Und doch — da sind zwei in seinem
210 1954 904 2011 Epoche, des Wienertums seinen Rang
899 1957 1936 2006 stattet ist, sehen wir im -Zentaurs eine Jugend in
1931 1944 2975 2002 Schicksal, mit denen er nicht fertig wird: Kerner, der
200 1977 526 2053 behaupten wird.
902 1988 1926 2040 dieser Epoche stehen, die menschliche Eigenkräfte ent¬
732 1983 892 2059 N. P.
1927 1988 2971 2042 ihm den Weg zur Kraft wies (Atemgymnastik etc.) der
900 2029 1944 2084 wickelt, die sich gegen den Verfall wehrt. Ob mit Er¬
1924 2023 2965 2088 dann weiter geht zu einer inneren Hinnahme östlicher
903 2063 1927 2115 folg, zu welchem Ende? Das wissen wir aus diesem
1931 2072 2972 2117 Lehren, die das Letzte an geistiger Selbstlosigkeit ver¬
911 2093 1938 2152 Buche nicht. Wenn wir es aus uns wissen — so oder
1923 2108 2964 2166 langen, dem gegenüber Almquist unklar die Notwen¬
204 2108 318 2176 hr.
904 2141 1924 2196 so, dann wenden wir uns an diese jungen Menschen
1928 2147 2979 2198 digkeit einer neuen geistigen, religiösen Haltung des
199 2156 914 2238 er Zentaur. (J. Engelhorns Nacht.
900 2175 1924 2227 je nach unserer Veranlägung mit unseren Zielen und
1926 2183 2973 2242 nordischen Menschen spürt, die er als Forderung in
894 2214 1934 2269 Programmen, oder aber wir empfinden jene innero
1924 2218 2974 2270 seinem Leben trägt, aber nicht erfüllen kann. Dagegen,
901 2259 1935 2307 Verwandtschaft, jene Verbundenheit mit ihnen, die den
1929 2250 2973 2319 Claus Römer, einer jener Jungen, die immer obenauf
182 2255 906 2314 man ist das vierbändige epische Werk
905 2290 1932 2344 Dichter immer wieder dazu treibt, sich mit innen aus¬
1936 2293 2970 2348 schwimmen, immer mit feinem Spürsinn die letzte
193 2310 914 2360 Ehters abgeschlossen, das den Weg der
905 2331 1928 2383 einanderzusetzen. Sicher aber ist in, diesem Buche
1927 2332 2978 2387 Sprosse finden, an der sie zu einem äusseren Erfolg
194 2348 909 2399 Welt gestaltet. Der -Zentaurs unter¬
909 2371 1929 2423 noch nichts entschieden über das Wohin. Wenn es in
1935 2374 2972 2433 sich hochziehen können, Claus Römer, der dabei doch
221 2382 905 2444 dem voraufgehenden RomanDer
898 2413 1921 2456 heutiger Jugend Kreise gibt, die diesee Wohin kennen,
1926 2407 2976 2462 unglücklicher ist als alle und sich nach einer Sauber¬
189 2424 903 2472 allem darin, dare hier versucht wird,
908 2441 1928 2496 dann misstraut ihnen und ihren Eifgrammen der
1929 2443 2976 2505 keit sehnt, deren Verkörperung ihm Almquist scheint.
195 2454 912 2510 Weg des jungen Menschen in die Zu¬
901 2474 1935 2542 Dichter offenbar zu sehr, als dass er Hite Aufnahme
1926 2490 2981 2545 Und dann kommt es zur Konfrontation zwischen beiden
205 2496 916 2556 . während dort noch das restlose Ver¬
910 2522 1941 2580 in sein Bild von dieser Jugend gerecht“irtigt fände.
1987 2533 2969 2581 und diesem Abgrund, dieser Forderung gleich
185 2527 910 2602 len Bahnen der Tradition geworfenen
910 2554 1920 2609 (Politische Programme rechts und links, denen seine
1926 2563 2964 2624 gegenüber versagt der Held — wie ein lästiges Ge¬
186 2582 911 2637 en, seine bedingungslose Kapitula¬
914 2601 1924 2656 Gestalten anhangen, bleiben belanglos.) Was ihm gut
1933 2612 2977 2654 schwür will er den Jungen von sich abtun und er¬
194 2612 912 2675 nungsloses, nur am momentanen Be¬
907 2643 1923 2695 gelungen ist, wiederum mit seiner bekannten Schärfe
1933 2637 2980 2696 schiesst ihn. Nach dieser Schuld geht auch er aus dem
185 2650 903 2702 befriedigung gemessenes Leben Vor¬
916 2673 1929 2733 und sauberen Klarheit zu gestalten und unvergessslich
1928 2669 2968 2735 Leben: von einem Grönlandflug kommt er nicht zurück.
177 2678 908 2750 nen Erfassens war. So wenig wir da¬
904 2718 1927 2770 bildhaft in einer eindeutig epischen Sprache gegen¬
1921 2714 2969 2769 Ein komplizierter und doch übersichtlicher epischer
185 2720 907 2787 en waren, dass diese Generation der¬
912 2755 1921 2817 wärtig zu halten, das ist die Schwere, aber auch die
1935 2758 2965 2806 Apparat spielt auf diesen 800 Seiten. Aber am Schluss:
183 2774 908 2832 eutig dem Leibhaftigen verfallen war,
911 2781 1928 2842 Grösse des Entschlusses dieser Menschen, sich zu ent¬
1931 2787 2971 2849 der Held ist tot, sein Widerpart ist tot und beide
191 2801 916 2853 uns aber auch einleuchten, dass in
917 2826 1927 2894 scheiden, nicht aber — von wemn immer — über sich
1933 2822 2974 2888 haben sie das letzte Geheimnis ihrer Schuld und ihres
199 2850 917 2892 and, wie uns versprochen wird edie
903 2870 1374 2933 entscheiden zu lassen.
1923 2867 2970 2922 Unvermögs mitgenommen. Die Jugend aber findet
197 2876 915 2948 igiösen Zielpunkte unserer Jugend zu
1930 2908 2977 2960 sich unter dem Zeichen einer neuen Armut zusammen,
947 2898 1923 2971 So seltsam es füt diese Kritik klingen mag — mit
203 2922 921 2971 Das aber ist das Positive an diesem
1918 2948 2972 3013 zu gemeinsamer, zu einsamer Arbeit am Kommenden
186 2949 911 3007 ipunkte werden auch nicht aus einer
906 2955 1930 3014 all dem ist eigentlich nur der Hintergrund des roman¬
1967 2979 2267 3046 - je nach dem.
907 2989 1927 3041 haften Geschehens dieses umfangreichen Werkes er¬
178 2990 913 3055 lichen Rüstkammern der Vergangen¬
914 3029 1934 3091 fasst. Der Flieger Almquist, der Held des Romanes im
1971 3017 2971 3093 Wenig ist damit über ein episches Werk gesagt, in
193 3025 911 3096 t und vorzeitig als die der Jugend
911 3073 1934 3121 Vordergrund, gehört gar nicht dieser Jugend an. Er
189 3066 910 3125 Dasein und Handeln anmasslich hin¬
1925 3073 2972 3114 dem jede Seite neue innere Anteilnahme au mannig¬
904 3109 1934 3165 ist ein Einsamer, der sich durch unendlich schwere
1925 3112 2975 3160 fachem Geschick auslöst und in immer neuer Varia¬
203 3111 904 3175 Vielmehr ist es doch so, dass hier
907 3151 1923 3212 Widerstände schliesslich zum Helden seiner Zeit durch¬
1923 3155 2977 3214 tion, aus einer tiefen Kenntnis letzter Spannungen
203 3137 911 3189 Thema des cLeibhaftigens aufgegrif¬
909 3187 1929 3232 ringt — zum Helden dieser Jugend, die sich an seiner
1926 3186 2966 3241 unserer Zeit heraus die Frage stellt, nach deren mög¬
186 3190 914 3238 Thema der ganzen Tetralogie übrigens
1919 3221 2977 3286 licher Lösung aus der Kraft derer, die sie wach durch
902 3225 1932 3266 klaren Härte dem Leben gegenüber schult, ihr Richt¬
184 3223 919 3276 en in dieser unserer Zeit des Ueber¬
189 3266 2298 3328 störten Werte, der zerrissenen Tra-linien abgewinnen will für ihr eigenes Verhalten, Ein ihr Dasein tragen.
2780 3266 2939 3327 v. S.
