<?xml version="1.0" encoding="UTF-8" standalone="yes"?>
<PcGts xmlns="http://schema.primaresearch.org/PAGE/gts/pagecontent/2013-07-15" xmlns:xsi="http://www.w3.org/2001/XMLSchema-instance" xsi:schemaLocation="http://schema.primaresearch.org/PAGE/gts/pagecontent/2013-07-15 http://schema.primaresearch.org/PAGE/gts/pagecontent/2013-07-15/pagecontent.xsd">
    <Metadata>
        <Creator>prov=University of Rostock/Institute of Mathematics/CITlab/Gundram Leifert/gundram.leifert@uni-rostock.de:name=ONB_Newseye_GT_M1+(htr_id=10810)::::v=2.4.2
prov=University of Rostock/Institute of Mathematics/CITlab/Tobias Gruening/tobias.gruening@uni-rostock.de:name=de.uros.citlab.module.baseline2polygon.B2PSeamMultiOriented:v=2.4.2
prov=University of Rostock/Institute of Mathematics/CITlab/Tobias Gruening/tobias.gruening@uni-rostock.de:name=/mnt/transkribus/LA/DEA/URO/LA_news_onb_att.pb:de.uros.citlab.segmentation.CITlab_LA_ML:v=2.4.2
Transkribus</Creator>
        <Created>2019-10-07T10:23:20.279+02:00</Created>
        <LastChange>2019-10-07T16:58:01.946+02:00</LastChange>
        <TranskribusMetadata docId="223885" pageId="9491012" pageNr="16" tsid="16392022" status="IN_PROGRESS" userId="40391" imgUrl="https://files.transkribus.eu/Get?id=NTDKTJQWJCQACIXFFDCGYQNV&amp;fileType=view" xmlUrl="https://files.transkribus.eu/Get?id=PEUDHDINPIRZHEMLTEJFITMM" imageId="6181300"/>
    </Metadata>
    <Page imageFilename="223885_0016.jpeg" imageWidth="3484" imageHeight="4224">
        <ReadingOrder>
            <OrderedGroup id="ro_1711446428851" caption="Regions reading order">
                <RegionRefIndexed index="0" regionRef="r1"/>
            </OrderedGroup>
        </ReadingOrder>
        <TextRegion orientation="0.0" id="r1" custom="readingOrder {index:0;}">
            <Coords points="797,31 797,3869 2577,3869 2577,31"/>
            <TextLine id="r1l1" custom="readingOrder {index:0;}">
                <Coords points="821,63 883,67 904,52 972,66 1007,53 1113,80 1174,76 1187,62 1220,80 1275,79 1274,16 821,15"/>
                <Baseline points="833,53 858,54 883,54 908,54 934,54 959,54 984,53 1010,53 1035,53 1060,53 1085,52 1111,52 1136,52 1161,52 1187,51 1212,51 1237,51 1263,51"/>
                <TextEquiv>
                    <Unicode>TI TEU TOT U</Unicode>
                </TextEquiv>
            </TextLine>
            <TextLine id="r1l2" custom="readingOrder {index:1;}">
                <Coords points="1686,84 1738,101 1762,88 1856,99 1942,77 2073,100 2101,83 2163,82 2163,52 2123,43 1686,45"/>
                <Baseline points="1696,76 1721,76 1746,75 1771,75 1797,74 1822,74 1847,74 1872,74 1898,74 1923,74 1948,74 1974,74 1999,74 2024,74 2049,74 2075,74 2100,74 2125,74 2151,73"/>
                <TextEquiv>
                    <Unicode>signification essentielle.</Unicode>
                </TextEquiv>
            </TextLine>
            <TextLine id="r1l3" custom="readingOrder {index:2;}">
                <Coords points="819,107 839,111 863,100 883,107 900,98 940,111 972,98 1016,117 1040,102 1099,95 1099,73 1066,73 1042,58 1031,64 998,54 948,63 902,52 880,67 863,59 847,70 819,63"/>
                <Baseline points="831,92 856,91 882,91 908,91 934,90 960,89 985,89 1011,89 1037,90 1063,90 1089,92"/>
                <TextEquiv>
                    <Unicode>signification.</Unicode>
                </TextEquiv>
            </TextLine>
            <TextLine id="r1l4" custom="readingOrder {index:3;}">
                <Coords points="842,155 1599,159 1704,132 1704,101 1422,112 1321,80 1194,105 1139,86 1078,120 841,104"/>
                <Baseline points="852,146 894,146 936,146 978,146 1020,146 1062,146 1104,146 1146,146 1188,146 1230,146 1272,146 1314,146 1356,146 1398,145 1440,144 1482,143 1524,143 1566,141 1608,140 1650,138 1693,136"/>
                <TextEquiv>
                    <Unicode>Ces deux livres sont bien différents et</Unicode>
                </TextEquiv>
            </TextLine>
            <TextLine id="r1l5" custom="readingOrder {index:4;}">
                <Coords points="815,214 1140,184 1401,209 1495,182 1655,191 1694,158 814,159"/>
                <Baseline points="825,189 867,189 910,189 953,190 996,190 1039,190 1082,190 1125,189 1168,189 1211,189 1254,188 1296,188 1339,187 1382,186 1425,186 1468,185 1511,184 1554,183 1597,181 1640,180 1683,179"/>
                <TextEquiv>
                    <Unicode>tout en prenant leur place logique dans une</Unicode>
                </TextEquiv>
            </TextLine>
            <TextLine id="r1l6" custom="readingOrder {index:5;}">
                <Coords points="1719,240 2494,227 2573,248 2572,181 1719,181"/>
                <Baseline points="1730,224 1771,225 1813,226 1854,227 1896,228 1938,228 1979,229 2021,229 2062,229 2104,229 2146,229 2187,229 2229,229 2270,228 2312,228 2354,227 2395,226 2437,225 2478,224 2520,223 2562,222"/>
                <TextEquiv>
                    <Unicode>Poête d’excellence, M. Alfonso Reyes ne</Unicode>
                </TextEquiv>
            </TextLine>
            <TextLine id="r1l7" custom="readingOrder {index:6;}">
                <Coords points="814,237 1692,235 1692,193 814,209"/>
                <Baseline points="825,229 867,230 910,230 953,230 996,230 1039,230 1081,230 1124,230 1167,230 1210,230 1253,229 1295,229 1338,228 1381,228 1424,227 1467,226 1509,225 1552,224 1595,223 1638,222 1681,221"/>
                <TextEquiv>
                    <Unicode>ceuvre qui réunit The Case of M. Cramp,</Unicode>
                </TextEquiv>
            </TextLine>
            <TextLine id="r1l8" custom="readingOrder {index:7;}">
                <Coords points="806,271 1682,273 1664,225 806,236"/>
                <Baseline points="817,269 859,269 902,270 945,270 987,270 1030,270 1073,270 1115,270 1158,270 1201,270 1244,270 1286,269 1329,269 1372,268 1414,267 1457,266 1500,265 1542,264 1585,262 1628,260 1671,258"/>
                <TextEquiv>
                    <Unicode>The Island within, Upstream et Midchannel</Unicode>
                </TextEquiv>
            </TextLine>
            <TextLine id="r1l9" custom="readingOrder {index:8;}">
                <Coords points="1698,282 2499,279 2552,265 2552,239 1698,240"/>
                <Baseline points="1709,271 1750,271 1792,270 1833,270 1875,270 1917,269 1958,269 2000,269 2041,269 2083,269 2125,270 2166,269 2208,269 2249,269 2291,269 2333,268 2374,268 2416,267 2457,265 2499,264 2541,262"/>
                <TextEquiv>
                    <Unicode>publie que de rares et brefs livres, et cha¬</Unicode>
                </TextEquiv>
            </TextLine>
            <TextLine id="r1l10" custom="readingOrder {index:9;}">
                <Coords points="800,314 1680,312 1655,267 799,273"/>
                <Baseline points="811,308 853,309 896,309 939,309 982,310 1025,310 1068,310 1111,310 1154,310 1197,310 1240,309 1282,309 1325,308 1368,308 1411,307 1454,306 1497,305 1540,304 1583,303 1626,301 1669,299"/>
                <TextEquiv>
                    <Unicode>ils offrent un contraste très net avec ses</Unicode>
                </TextEquiv>
            </TextLine>
            <TextLine id="r1l11" custom="readingOrder {index:10;}">
                <Coords points="1689,328 2059,302 2464,324 2562,314 2562,272 1689,285"/>
                <Baseline points="1701,313 1743,313 1786,312 1828,312 1871,311 1913,311 1956,310 1998,310 2041,310 2083,309 2126,309 2168,309 2211,308 2253,308 2296,307 2338,307 2381,306 2423,305 2466,304 2508,303 2551,302"/>
                <TextEquiv>
                    <Unicode>que page, chaque vers devient ainsi pour</Unicode>
                </TextEquiv>
            </TextLine>
            <TextLine id="r1l12" custom="readingOrder {index:11;}">
                <Coords points="799,356 2497,358 2570,301 799,313"/>
                <Baseline points="811,354 898,350 985,348 1073,347 1160,346 1248,345 1335,345 1422,346 1510,346 1597,347 1685,348 1772,349 1859,349 1947,350 2034,350 2122,350 2209,350 2296,348 2384,347 2471,345 2559,341"/>
                <TextEquiv>
                    <Unicode>précédents ouvrages. II semble que son ta-ges lecteurs fideles et fervents une joie</Unicode>
                </TextEquiv>
            </TextLine>
            <TextLine id="r1l13" custom="readingOrder {index:12;}">
                <Coords points="809,379 2468,400 2579,348 809,357"/>
                <Baseline points="820,384 907,383 994,383 1082,382 1169,382 1257,383 1344,383 1431,384 1519,385 1606,386 1694,387 1781,388 1868,388 1956,389 2043,389 2131,389 2218,389 2305,388 2393,386 2480,385 2568,382"/>
                <TextEquiv>
                    <Unicode>lent s’apaise, se clarifie, s’ordonne dans unf somptueuse, merveilleusement élaborée, ou</Unicode>
                </TextEquiv>
            </TextLine>
            <TextLine id="r1l14" custom="readingOrder {index:13;}">
                <Coords points="812,426 2572,439 2557,384 812,380"/>
                <Baseline points="824,422 910,420 997,419 1084,418 1171,418 1258,418 1345,419 1431,420 1518,421 1605,422 1692,424 1779,425 1866,426 1953,427 2039,427 2126,427 2213,427 2300,426 2387,425 2474,422 2561,419"/>
                <TextEquiv>
                    <Unicode>ordre de contemplation plus sereine. Thel pour un instant la poèsie atteint une per¬</Unicode>
                </TextEquiv>
            </TextLine>
            <TextLine id="r1l15" custom="readingOrder {index:14;}">
                <Coords points="798,461 1555,469 1686,457 1686,426 797,426"/>
                <Baseline points="809,461 852,460 895,459 938,459 982,458 1025,458 1068,457 1112,457 1155,457 1198,456 1242,456 1285,456 1328,456 1371,456 1415,456 1458,456 1501,455 1545,455 1588,454 1631,454 1675,453"/>
                <TextEquiv>
                    <Unicode>Golden Vase (Harpers and Brothers, edi¬</Unicode>
                </TextEquiv>
            </TextLine>
            <TextLine id="r1l16" custom="readingOrder {index:15;}">
                <Coords points="1698,469 2576,479 2576,442 2538,424 1698,436"/>
                <Baseline points="1708,463 1750,463 1793,463 1836,463 1879,463 1922,463 1964,463 2007,463 2050,464 2093,464 2136,464 2178,463 2221,463 2264,463 2307,463 2350,462 2392,462 2435,461 2478,460 2521,460 2564,458"/>
                <TextEquiv>
                    <Unicode>fection d’une si surprenante et si éblouis¬</Unicode>
                </TextEquiv>
            </TextLine>
            <TextLine id="r1l17" custom="readingOrder {index:16;}">
                <Coords points="800,514 1551,489 1597,509 1682,493 1682,460 1128,470 981,447 800,476"/>
                <Baseline points="810,501 853,498 896,496 939,494 982,493 1025,493 1068,493 1111,493 1154,493 1197,493 1240,493 1283,494 1326,494 1369,494 1412,494 1455,494 1498,493 1541,493 1584,491 1627,489 1670,487"/>
                <TextEquiv>
                    <Unicode>teurs. New-York), offre dans une forme</Unicode>
                </TextEquiv>
            </TextLine>
            <TextLine id="r1l18" custom="readingOrder {index:17;}">
                <Coords points="1699,509 2566,498 2548,458 1699,470"/>
                <Baseline points="1710,497 1752,498 1794,498 1836,499 1879,500 1921,500 1963,501 2005,501 2048,502 2090,502 2132,502 2174,502 2217,502 2259,502 2301,502 2343,501 2386,500 2428,499 2470,498 2512,496 2555,495"/>
                <TextEquiv>
                    <Unicode>sare rareté quc ces précieux chefs-d’au¬</Unicode>
                </TextEquiv>
            </TextLine>
            <TextLine id="r1l19" custom="readingOrder {index:18;}">
                <Coords points="802,543 1622,537 1686,525 1685,492 801,513"/>
                <Baseline points="812,540 855,537 898,536 941,534 984,532 1027,531 1070,530 1113,530 1156,529 1199,529 1243,528 1286,528 1329,528 1372,528 1415,528 1458,528 1501,527 1544,527 1587,526 1630,525 1674,524"/>
                <TextEquiv>
                    <Unicode>splendide de lyrisme intime et secret unc</Unicode>
                </TextEquiv>
            </TextLine>
            <TextLine id="r1l20" custom="readingOrder {index:19;}">
                <Coords points="1693,537 1866,557 2577,533 2577,507 2544,503 1693,507"/>
                <Baseline points="1703,534 1746,536 1789,537 1832,538 1875,540 1918,540 1961,541 2005,541 2048,541 2091,541 2134,541 2177,540 2220,540 2263,539 2307,539 2350,538 2393,537 2436,537 2479,536 2522,536 2566,535"/>
                <TextEquiv>
                    <Unicode>vre nous font atteindre tantöt le monde de</Unicode>
                </TextEquiv>
            </TextLine>
            <TextLine id="r1l21" custom="readingOrder {index:20;}">
                <Coords points="802,576 1601,560 1689,581 1688,526 801,545"/>
                <Baseline points="812,576 855,575 898,574 941,572 985,572 1028,571 1071,570 1114,569 1158,568 1201,567 1244,567 1287,566 1331,566 1374,565 1417,564 1460,564 1504,563 1547,563 1590,562 1633,562 1677,561"/>
                <TextEquiv>
                    <Unicode>sorte de résignation devant la vie qui</Unicode>
                </TextEquiv>
            </TextLine>
            <TextLine id="r1l22" custom="readingOrder {index:21;}">
                <Coords points="1688,588 1969,572 2568,599 2555,534 1688,542"/>
                <Baseline points="1699,574 1741,575 1784,576 1827,577 1870,578 1913,579 1956,579 1999,580 2042,580 2085,580 2128,581 2170,581 2213,581 2256,580 2299,580 2342,580 2385,579 2428,578 2471,578 2514,577 2557,576"/>
                <TextEquiv>
                    <Unicode>diamant des idées essentielles, tantöt le</Unicode>
                </TextEquiv>
            </TextLine>
            <TextLine id="r1l23" custom="readingOrder {index:22;}">
                <Coords points="812,628 1162,600 1604,602 1630,622 1680,604 1680,566 811,582"/>
                <Baseline points="822,613 864,612 906,610 949,609 991,608 1033,607 1076,606 1118,605 1160,604 1203,603 1245,603 1287,602 1330,601 1372,601 1414,601 1457,601 1499,601 1541,601 1584,601 1626,602 1669,603"/>
                <TextEquiv>
                    <Unicode>s’échappe et tout ce qu’elle entraine, l’aven¬</Unicode>
                </TextEquiv>
            </TextLine>
            <TextLine id="r1l24" custom="readingOrder {index:23;}">
                <Coords points="1696,626 2576,616 2576,586 2480,579 1696,580"/>
                <Baseline points="1706,615 1749,616 1792,617 1835,617 1878,618 1921,619 1964,619 2007,620 2050,620 2093,621 2136,621 2179,621 2222,621 2265,621 2308,621 2351,621 2394,620 2437,620 2480,619 2523,619 2566,618"/>
                <TextEquiv>
                    <Unicode>pur abime de l’humain. Cette poésie d’une</Unicode>
                </TextEquiv>
            </TextLine>
            <TextLine id="r1l25" custom="readingOrder {index:24;}">
                <Coords points="801,647 1681,657 1681,604 801,627"/>
                <Baseline points="811,645 856,644 901,644 946,644 991,644 1037,644 1082,643 1127,643 1172,642 1217,642 1263,642 1308,641 1353,641 1398,641 1443,640 1489,640 1534,640 1579,640 1624,640 1670,640"/>
                <TextEquiv>
                    <Unicode>ture, l'amour. Ridgevale, écrivain célebre et</Unicode>
                </TextEquiv>
            </TextLine>
            <TextLine id="r1l26" custom="readingOrder {index:25;}">
                <Coords points="1697,664 2566,665 2566,628 2516,623 1697,627"/>
                <Baseline points="1709,658 1751,658 1793,658 1835,658 1878,659 1920,659 1962,659 2005,660 2047,660 2089,661 2132,661 2174,661 2216,661 2258,661 2301,661 2343,661 2385,660 2428,660 2470,659 2512,658 2555,657"/>
                <TextEquiv>
                    <Unicode>qualité si remarquable ne doit rien aux</Unicode>
                </TextEquiv>
            </TextLine>
            <TextLine id="r1l27" custom="readingOrder {index:26;}">
                <Coords points="810,687 1688,693 1687,660 1644,647 810,654"/>
                <Baseline points="820,681 862,682 905,682 948,683 991,683 1034,683 1076,683 1119,683 1162,683 1205,683 1248,682 1290,682 1333,682 1376,682 1419,681 1462,681 1504,681 1547,681 1590,680 1633,680 1676,680"/>
                <TextEquiv>
                    <Unicode>vieillissant, s’inspire d’un stofcisme sou¬</Unicode>
                </TextEquiv>
            </TextLine>
            <TextLine id="r1l28" custom="readingOrder {index:27;}">
                <Coords points="1699,699 2574,708 2574,670 2526,664 1699,664"/>
                <Baseline points="1710,695 1752,695 1795,696 1837,697 1880,697 1923,698 1965,699 2008,699 2051,699 2093,700 2136,700 2179,700 2221,700 2264,700 2307,700 2349,699 2392,698 2435,697 2477,695 2520,694 2563,691"/>
                <TextEquiv>
                    <Unicode>systèmes ni aux partis pris; elle est la pro¬</Unicode>
                </TextEquiv>
            </TextLine>
            <TextLine id="r1l29" custom="readingOrder {index:28;}">
                <Coords points="796,725 1687,727 1687,692 1641,684 796,694"/>
                <Baseline points="807,721 850,721 893,722 937,722 980,722 1024,723 1067,723 1111,723 1154,723 1198,723 1241,723 1284,723 1328,723 1371,723 1415,723 1458,722 1502,722 1545,721 1589,720 1632,719 1676,718"/>
                <TextEquiv>
                    <Unicode>riant qui dénoue dans une atmosphère</Unicode>
                </TextEquiv>
            </TextLine>
            <TextLine id="r1l30" custom="readingOrder {index:29;}">
                <Coords points="1694,745 2388,734 2580,756 2580,699 2543,692 1694,701"/>
                <Baseline points="1705,734 1748,735 1791,736 1834,737 1878,738 1921,738 1964,739 2007,739 2051,740 2094,740 2137,740 2180,740 2224,740 2267,740 2310,739 2353,739 2397,738 2440,737 2483,736 2526,735 2570,734"/>
                <TextEquiv>
                    <Unicode>duction spontanée d’un esprit qui n'admet</Unicode>
                </TextEquiv>
            </TextLine>
            <TextLine id="r1l31" custom="readingOrder {index:30;}">
                <Coords points="800,758 1673,761 1673,726 1588,740 1446,709 1408,731 800,719"/>
                <Baseline points="810,762 852,762 895,762 937,761 980,761 1023,761 1065,761 1108,761 1151,761 1193,761 1236,761 1279,761 1321,761 1364,761 1407,761 1449,761 1492,761 1535,761 1577,761 1620,760 1663,759"/>
                <TextEquiv>
                    <Unicode>calme et noble de crépuscule d’été, le der¬</Unicode>
                </TextEquiv>
            </TextLine>
            <TextLine id="r1l32" custom="readingOrder {index:31;}">
                <Coords points="1695,787 2529,791 2570,786 2570,734 1695,745"/>
                <Baseline points="1705,778 1747,778 1790,778 1833,778 1875,778 1918,779 1961,779 2003,779 2046,779 2089,779 2132,780 2174,780 2217,780 2260,780 2302,779 2345,779 2388,779 2430,778 2473,777 2516,777 2559,775"/>
                <TextEquiv>
                    <Unicode>que l’exquis, et pour lequel le phénomène</Unicode>
                </TextEquiv>
            </TextLine>
            <TextLine id="r1l33" custom="readingOrder {index:32;}">
                <Coords points="803,803 1681,810 1681,758 803,768"/>
                <Baseline points="815,799 857,799 900,800 943,800 985,800 1028,801 1071,801 1113,801 1156,801 1199,801 1242,802 1284,802 1327,802 1370,801 1412,801 1455,801 1498,801 1540,800 1583,800 1626,799 1669,798"/>
                <TextEquiv>
                    <Unicode>nier conflit de cceur et d’esprit. L’ample et</Unicode>
                </TextEquiv>
            </TextLine>
            <TextLine id="r1l34" custom="readingOrder {index:33;}">
                <Coords points="1700,822 2582,815 2582,785 2551,781 1700,784"/>
                <Baseline points="1710,815 1753,817 1796,818 1839,819 1882,819 1925,820 1968,820 2011,820 2054,820 2097,819 2141,819 2184,819 2227,818 2270,817 2313,817 2356,816 2399,816 2442,815 2485,815 2528,815 2572,815"/>
                <TextEquiv>
                    <Unicode>de la création poétique est le signe d’une</Unicode>
                </TextEquiv>
            </TextLine>
            <TextLine id="r1l35" custom="readingOrder {index:34;}">
                <Coords points="801,856 1436,836 1686,860 1686,805 1644,801 801,805"/>
                <Baseline points="813,838 856,839 899,839 942,840 985,840 1028,840 1071,840 1114,840 1157,841 1200,841 1243,841 1286,841 1329,840 1372,840 1415,840 1458,840 1501,840 1544,839 1587,839 1630,839 1674,838"/>
                <TextEquiv>
                    <Unicode>sereine harmonie de l’écriture convient ad¬</Unicode>
                </TextEquiv>
            </TextLine>
            <TextLine id="r1l36" custom="readingOrder {index:35;}">
                <Coords points="1685,869 2570,851 2552,816 2443,836 2311,810 2226,832 1685,810"/>
                <Baseline points="1697,855 1740,856 1783,857 1826,858 1869,858 1912,859 1955,859 1998,860 2041,860 2084,860 2128,860 2171,860 2214,860 2257,859 2300,858 2343,858 2386,857 2429,856 2472,855 2515,854 2559,853"/>
                <TextEquiv>
                    <Unicode>cristallisation définitive d’une émotion éter¬</Unicode>
                </TextEquiv>
            </TextLine>
            <TextLine id="r1l37" custom="readingOrder {index:36;}">
                <Coords points="792,874 1674,885 1674,848 1617,839 792,841"/>
                <Baseline points="804,878 849,878 894,879 939,879 984,879 1030,879 1075,879 1120,880 1165,880 1210,880 1256,880 1301,879 1346,879 1391,879 1436,879 1482,878 1527,878 1572,877 1617,877 1663,875"/>
                <TextEquiv>
                    <Unicode>mirablement à cette mélancolique histoire.</Unicode>
                </TextEquiv>
            </TextLine>
            <TextLine id="r1l38" custom="readingOrder {index:37;}">
                <Coords points="1694,909 2576,912 2576,866 2453,857 1694,865"/>
                <Baseline points="1704,893 1747,895 1790,896 1833,897 1876,898 1919,898 1962,899 2005,899 2048,899 2091,899 2134,899 2177,898 2220,898 2263,898 2306,897 2349,897 2392,897 2435,897 2478,896 2521,897 2564,897"/>
                <TextEquiv>
                    <Unicode>nisée en une image, précipitée dans un de ces</Unicode>
                </TextEquiv>
            </TextLine>
            <TextLine id="r1l39" custom="readingOrder {index:38;}">
                <Coords points="794,915 1679,933 1679,885 1512,872 1326,897 794,882"/>
                <Baseline points="806,915 849,916 892,918 935,919 978,919 1021,920 1064,920 1107,920 1150,921 1193,920 1237,920 1280,920 1323,920 1366,919 1409,919 1452,918 1495,918 1538,917 1581,916 1624,915 1668,915"/>
                <TextEquiv>
                    <Unicode>On retrouvera la révolte et la colère dans</Unicode>
                </TextEquiv>
            </TextLine>
            <TextLine id="r1l40" custom="readingOrder {index:39;}">
                <Coords points="1694,948 2572,935 2513,900 1694,909"/>
                <Baseline points="1705,935 1747,936 1790,937 1833,937 1876,938 1919,938 1962,938 2004,938 2047,938 2090,938 2133,938 2176,938 2219,937 2262,937 2304,937 2347,936 2390,936 2433,935 2476,935 2519,935 2562,935"/>
                <TextEquiv>
                    <Unicode>sonnets, de ces #casi-sonnets n comme il les</Unicode>
                </TextEquiv>
            </TextLine>
            <TextLine id="r1l41" custom="readingOrder {index:40;}">
                <Coords points="798,953 1676,961 1676,932 1632,921 1444,915 798,936"/>
                <Baseline points="809,958 851,959 894,959 937,959 980,959 1022,959 1065,959 1108,959 1151,960 1193,960 1236,960 1279,960 1322,960 1364,960 1407,959 1450,959 1493,959 1535,958 1578,958 1621,957 1664,956"/>
                <TextEquiv>
                    <Unicode>The Last Days of Shylock (avec douze des¬</Unicode>
                </TextEquiv>
            </TextLine>
            <TextLine id="r1l42" custom="readingOrder {index:41;}">
                <Coords points="1693,978 2566,971 2549,938 1693,940"/>
                <Baseline points="1704,978 1746,977 1789,977 1831,977 1874,977 1917,977 1959,977 2002,977 2044,977 2087,977 2130,977 2172,977 2215,977 2257,977 2300,976 2343,976 2385,975 2428,974 2470,973 2513,972 2556,970"/>
                <TextEquiv>
                    <Unicode>appelle qui constituent les points de repère</Unicode>
                </TextEquiv>
            </TextLine>
            <TextLine id="r1l43" custom="readingOrder {index:42;}">
                <Coords points="793,1005 1607,1012 1681,997 1681,962 793,972"/>
                <Baseline points="804,998 847,998 890,999 933,999 977,999 1020,999 1063,999 1107,999 1150,999 1193,999 1237,999 1280,998 1323,998 1366,998 1410,997 1453,997 1496,996 1540,996 1583,995 1626,995 1670,995"/>
                <TextEquiv>
                    <Unicode>sins de Arthur Szyk. Harpers and Bros, édi¬</Unicode>
                </TextEquiv>
            </TextLine>
            <TextLine id="r1l44" custom="readingOrder {index:43;}">
                <Coords points="1691,1022 2521,1028 2577,1017 2577,973 1691,976"/>
                <Baseline points="1701,1014 1744,1015 1787,1015 1830,1015 1874,1016 1917,1016 1960,1016 2004,1017 2047,1017 2090,1017 2134,1017 2177,1017 2220,1017 2263,1017 2307,1017 2350,1016 2393,1016 2437,1015 2480,1014 2523,1013 2567,1011"/>
                <TextEquiv>
                    <Unicode>principaux dans la production récente d’Al¬</Unicode>
                </TextEquiv>
            </TextLine>
            <TextLine id="r1l45" custom="readingOrder {index:44;}">
                <Coords points="802,1042 1297,1053 1356,1025 1664,1048 1682,1000 802,1004"/>
                <Baseline points="814,1037 856,1037 899,1037 942,1037 985,1037 1028,1037 1070,1037 1113,1037 1156,1037 1199,1037 1242,1038 1284,1038 1327,1037 1370,1037 1413,1037 1456,1037 1498,1036 1541,1035 1584,1035 1627,1034 1670,1032"/>
                <TextEquiv>
                    <Unicode>teurs, New-York). Nous retrouvons ici</Unicode>
                </TextEquiv>
            </TextLine>
            <TextLine id="r1l46" custom="readingOrder {index:45;}">
                <Coords points="1688,1053 2561,1070 2561,1024 2502,1020 1688,1021"/>
                <Baseline points="1698,1052 1740,1052 1783,1053 1825,1054 1868,1055 1911,1055 1953,1055 1996,1056 2038,1056 2081,1056 2124,1056 2166,1056 2209,1056 2251,1056 2294,1056 2337,1056 2379,1055 2422,1055 2464,1054 2507,1054 2550,1053"/>
                <TextEquiv>
                    <Unicode>fonso Reyes. Un recueil de cing poëmes éche¬</Unicode>
                </TextEquiv>
            </TextLine>
            <TextLine id="r1l47" custom="readingOrder {index:46;}">
                <Coords points="789,1073 1439,1095 1677,1081 1677,1037 789,1051"/>
                <Baseline points="799,1075 842,1076 885,1076 929,1076 972,1077 1015,1077 1059,1077 1102,1077 1145,1078 1189,1078 1232,1078 1275,1078 1319,1077 1362,1077 1405,1077 1449,1076 1492,1076 1535,1075 1579,1074 1622,1073 1666,1072"/>
                <TextEquiv>
                    <Unicode>l’étonnant analyste des ämes juives et le</Unicode>
                </TextEquiv>
            </TextLine>
            <TextLine id="r1l48" custom="readingOrder {index:47;}">
                <Coords points="1683,1103 2569,1100 2569,1070 2523,1058 1683,1054"/>
                <Baseline points="1693,1089 1736,1091 1779,1092 1822,1093 1866,1094 1909,1095 1952,1095 1996,1096 2039,1096 2082,1096 2126,1096 2169,1096 2212,1096 2255,1096 2299,1096 2342,1095 2385,1095 2429,1094 2472,1094 2515,1093 2559,1092"/>
                <TextEquiv>
                    <Unicode>lonnés sur trois ans, de 1922 à 1924, mai:</Unicode>
                </TextEquiv>
            </TextLine>
            <TextLine id="r1l49" custom="readingOrder {index:48;}">
                <Coords points="792,1142 1057,1117 1278,1136 1335,1111 1635,1130 1681,1123 1681,1082 1214,1072 792,1100"/>
                <Baseline points="802,1118 845,1118 888,1118 932,1118 975,1117 1019,1117 1062,1117 1105,1117 1149,1117 1192,1117 1236,1117 1279,1117 1322,1116 1366,1116 1409,1116 1453,1116 1496,1116 1539,1115 1583,1115 1626,1115 1670,1115"/>
                <TextEquiv>
                    <Unicode>parallélisme de ce roman avec Midchannel.</Unicode>
                </TextEquiv>
            </TextLine>
            <TextLine id="r1l50" custom="readingOrder {index:49;}">
                <Coords points="1688,1149 2563,1139 2563,1102 2502,1097 1688,1101"/>
                <Baseline points="1698,1133 1740,1133 1783,1134 1826,1134 1868,1135 1911,1135 1954,1136 1996,1136 2039,1136 2082,1136 2125,1136 2167,1136 2210,1136 2253,1135 2295,1135 2338,1134 2381,1133 2423,1132 2466,1131 2509,1130 2552,1128"/>
                <TextEquiv>
                    <Unicode>quels poëmes! Jamais musique plus secrêtt</Unicode>
                </TextEquiv>
            </TextLine>
            <TextLine id="r1l51" custom="readingOrder {index:50;}">
                <Coords points="801,1172 1637,1167 1683,1160 1683,1123 801,1128"/>
                <Baseline points="813,1158 858,1157 903,1157 948,1157 993,1157 1039,1157 1084,1157 1129,1157 1174,1157 1219,1157 1265,1157 1310,1157 1355,1157 1400,1157 1445,1157 1491,1156 1536,1155 1581,1154 1626,1153 1672,1152"/>
                <TextEquiv>
                    <Unicode>par exemple, est fort significatif. L’auteur</Unicode>
                </TextEquiv>
            </TextLine>
            <TextLine id="r1l52" custom="readingOrder {index:51;}">
                <Coords points="1688,1175 2524,1184 2565,1171 2565,1138 1688,1140"/>
                <Baseline points="1699,1172 1741,1172 1784,1173 1827,1173 1870,1174 1912,1175 1955,1175 1998,1175 2041,1176 2083,1176 2126,1177 2169,1177 2212,1177 2254,1177 2297,1176 2340,1176 2383,1175 2425,1174 2468,1172 2511,1171 2554,1169"/>
                <TextEquiv>
                    <Unicode>et plus lucide à la fois n’a rempli le corpt</Unicode>
                </TextEquiv>
            </TextLine>
            <TextLine id="r1l53" custom="readingOrder {index:52;}">
                <Coords points="789,1208 1601,1212 1684,1202 1684,1161 788,1164"/>
                <Baseline points="799,1200 842,1199 886,1198 930,1198 973,1198 1017,1197 1061,1197 1104,1197 1148,1197 1192,1197 1236,1197 1279,1197 1323,1197 1367,1197 1410,1197 1454,1196 1498,1196 1541,1195 1585,1194 1629,1192 1673,1191"/>
                <TextEquiv>
                    <Unicode>prend Shylock au moment ou Shakespeare</Unicode>
                </TextEquiv>
            </TextLine>
            <TextLine id="r1l54" custom="readingOrder {index:53;}">
                <Coords points="1679,1217 2493,1230 2565,1206 2566,1180 1747,1185 1679,1164"/>
                <Baseline points="1689,1209 1732,1210 1775,1211 1818,1212 1862,1213 1905,1214 1948,1214 1991,1214 2035,1215 2078,1215 2121,1215 2164,1215 2208,1215 2251,1215 2294,1215 2337,1215 2381,1215 2424,1215 2467,1215 2510,1215 2554,1215"/>
                <TextEquiv>
                    <Unicode>bref d’un sonnet et, si le volume n’était tir</Unicode>
                </TextEquiv>
            </TextLine>
            <TextLine id="r1l55" custom="readingOrder {index:54;}">
                <Coords points="795,1247 1672,1246 1672,1204 795,1216"/>
                <Baseline points="805,1238 847,1238 890,1237 933,1237 976,1237 1019,1237 1062,1238 1104,1238 1147,1238 1190,1238 1233,1238 1276,1238 1319,1238 1362,1238 1404,1238 1447,1237 1490,1236 1533,1236 1576,1235 1619,1233 1662,1232"/>
                <TextEquiv>
                    <Unicode>l'abandonne, et il imagine la suite de ses</Unicode>
                </TextEquiv>
            </TextLine>
            <TextLine id="r1l56" custom="readingOrder {index:55;}">
                <Coords points="1694,1265 2202,1247 2556,1268 2556,1230 2522,1213 1694,1214"/>
                <Baseline points="1705,1250 1747,1251 1789,1252 1831,1253 1873,1253 1915,1253 1957,1254 1999,1254 2041,1254 2083,1254 2125,1254 2167,1254 2209,1254 2251,1254 2293,1254 2335,1254 2377,1254 2419,1254 2461,1254 2503,1255 2545,1256"/>
                <TextEquiv>
                    <Unicode>à un nombre rarissime d’exemplaires, j</Unicode>
                </TextEquiv>
            </TextLine>
            <TextLine id="r1l57" custom="readingOrder {index:56;}">
                <Coords points="793,1273 1678,1282 1678,1247 1601,1234 793,1244"/>
                <Baseline points="804,1278 847,1277 890,1277 933,1276 976,1276 1019,1276 1062,1276 1105,1277 1148,1277 1191,1277 1235,1277 1278,1277 1321,1277 1364,1277 1407,1276 1450,1276 1493,1275 1536,1275 1579,1273 1622,1272 1666,1271"/>
                <TextEquiv>
                    <Unicode>aventures. Avec un autre écrivain, cela au¬</Unicode>
                </TextEquiv>
            </TextLine>
            <TextLine id="r1l58" custom="readingOrder {index:57;}">
                <Coords points="1695,1303 2568,1290 2568,1266 2483,1255 1695,1257"/>
                <Baseline points="1706,1289 1748,1290 1791,1291 1833,1292 1876,1292 1919,1293 1961,1293 2004,1294 2046,1294 2089,1294 2132,1294 2174,1294 2217,1294 2259,1293 2302,1293 2345,1293 2387,1292 2430,1291 2472,1290 2515,1290 2558,1289"/>
                <TextEquiv>
                    <Unicode>souhaiterais à tous les admirateurs d’Alfon</Unicode>
                </TextEquiv>
            </TextLine>
            <TextLine id="r1l59" custom="readingOrder {index:58;}">
                <Coords points="797,1323 1679,1320 1678,1280 1600,1274 796,1282"/>
                <Baseline points="808,1317 851,1316 894,1316 937,1316 980,1316 1023,1316 1066,1316 1109,1317 1152,1317 1195,1317 1238,1317 1281,1317 1324,1316 1367,1316 1410,1316 1453,1315 1496,1314 1539,1313 1582,1311 1625,1310 1668,1307"/>
                <TextEquiv>
                    <Unicode>rait pu n’être qu'un agréable divertisse¬</Unicode>
                </TextEquiv>
            </TextLine>
            <TextLine id="r1l60" custom="readingOrder {index:59;}">
                <Coords points="1691,1336 2564,1338 2533,1298 1691,1294"/>
                <Baseline points="1701,1329 1743,1330 1786,1331 1828,1332 1871,1333 1914,1333 1956,1334 1999,1334 2042,1334 2084,1334 2127,1334 2170,1334 2212,1334 2255,1333 2298,1333 2340,1333 2383,1332 2426,1331 2468,1331 2511,1330 2554,1329"/>
                <TextEquiv>
                    <Unicode>so Reyes de posséder parmi leurs livre:</Unicode>
                </TextEquiv>
            </TextLine>
            <TextLine id="r1l61" custom="readingOrder {index:60;}">
                <Coords points="793,1358 1603,1364 1670,1355 1670,1324 792,1325"/>
                <Baseline points="804,1356 846,1356 889,1356 932,1356 975,1356 1017,1356 1060,1356 1103,1356 1146,1355 1188,1355 1231,1355 1274,1355 1317,1354 1359,1354 1402,1354 1445,1353 1488,1353 1530,1352 1573,1351 1616,1351 1659,1350"/>
                <TextEquiv>
                    <Unicode>ment de lettré, mais le sursaut du Mar¬</Unicode>
                </TextEquiv>
            </TextLine>
            <TextLine id="r1l62" custom="readingOrder {index:61;}">
                <Coords points="1692,1376 2567,1372 2548,1335 1692,1336"/>
                <Baseline points="1703,1368 1745,1369 1788,1371 1831,1372 1873,1373 1916,1373 1959,1374 2001,1374 2044,1374 2087,1374 2130,1374 2172,1374 2215,1374 2258,1373 2300,1373 2343,1373 2386,1373 2428,1373 2471,1373 2514,1374 2557,1375"/>
                <TextEquiv>
                    <Unicode>d’élection les § Casi Sonetos (Ediciones di</Unicode>
                </TextEquiv>
            </TextLine>
            <TextLine id="r1l63" custom="readingOrder {index:62;}">
                <Coords points="805,1403 1676,1389 1662,1351 804,1368"/>
                <Baseline points="815,1395 857,1396 899,1396 942,1396 984,1396 1027,1396 1069,1396 1112,1396 1154,1395 1197,1395 1239,1395 1281,1394 1324,1394 1366,1394 1409,1393 1451,1392 1494,1392 1536,1391 1579,1390 1621,1389 1664,1388"/>
                <TextEquiv>
                    <Unicode>chand de Venise contre la socfeté véni¬</Unicode>
                </TextEquiv>
            </TextLine>
            <TextLine id="r1l64" custom="readingOrder {index:63;}">
                <Coords points="1687,1418 2499,1424 2556,1400 2556,1378 2493,1369 1687,1375"/>
                <Baseline points="1698,1406 1740,1408 1782,1409 1825,1410 1867,1411 1910,1412 1952,1412 1994,1412 2037,1413 2079,1413 2122,1413 2164,1413 2206,1413 2249,1413 2291,1413 2334,1413 2376,1413 2418,1413 2461,1414 2503,1414 2546,1415"/>
                <TextEquiv>
                    <Unicode>Poesia, Paris). Par contraste, mais en de</Unicode>
                </TextEquiv>
            </TextLine>
            <TextLine id="r1l65" custom="readingOrder {index:64;}">
                <Coords points="795,1431 1104,1451 1686,1431 1686,1403 1585,1388 795,1402"/>
                <Baseline points="807,1433 850,1433 893,1433 937,1433 980,1432 1023,1432 1067,1432 1110,1431 1153,1431 1197,1431 1240,1431 1283,1430 1327,1430 1370,1430 1413,1429 1457,1429 1500,1429 1543,1429 1587,1428 1630,1428 1674,1428"/>
                <TextEquiv>
                    <Unicode>tienne, la flamme de rancune et de haine</Unicode>
                </TextEquiv>
            </TextLine>
            <TextLine id="r1l66" custom="readingOrder {index:65;}">
                <Coords points="1691,1455 2525,1464 2562,1442 2562,1401 2521,1422 1691,1414"/>
                <Baseline points="1702,1446 1744,1448 1787,1449 1829,1450 1872,1451 1914,1452 1957,1452 1999,1453 2042,1453 2084,1453 2127,1454 2169,1454 2212,1454 2254,1454 2297,1453 2339,1453 2382,1453 2424,1453 2467,1453 2509,1452 2552,1452"/>
                <TextEquiv>
                    <Unicode>meurant toujours dans le royaume de l’ex</Unicode>
                </TextEquiv>
            </TextLine>
            <TextLine id="r1l67" custom="readingOrder {index:66;}">
                <Coords points="793,1474 1598,1483 1675,1478 1675,1439 972,1431 793,1458"/>
                <Baseline points="803,1473 846,1472 889,1472 932,1471 975,1471 1018,1470 1061,1470 1104,1470 1147,1470 1190,1470 1234,1470 1277,1470 1320,1470 1363,1470 1406,1470 1449,1469 1492,1469 1535,1469 1578,1468 1621,1467 1665,1467"/>
                <TextEquiv>
                    <Unicode>qui le dresse en lutte ouverte désormais,</Unicode>
                </TextEquiv>
            </TextLine>
            <TextLine id="r1l68" custom="readingOrder {index:67;}">
                <Coords points="1683,1490 2567,1500 2567,1470 2453,1452 1683,1466"/>
                <Baseline points="1693,1488 1736,1489 1779,1489 1822,1490 1865,1491 1908,1491 1951,1492 1995,1492 2038,1493 2081,1493 2124,1493 2167,1494 2210,1494 2253,1494 2297,1494 2340,1493 2383,1493 2426,1493 2469,1493 2512,1492 2556,1491"/>
                <TextEquiv>
                    <Unicode>cellent, il faut lire après ces joyaux d’une</Unicode>
                </TextEquiv>
            </TextLine>
            <TextLine id="r1l69" custom="readingOrder {index:68;}">
                <Coords points="796,1500 843,1526 1681,1518 1663,1472 796,1474"/>
                <Baseline points="808,1514 851,1513 894,1512 937,1510 980,1510 1023,1509 1066,1508 1109,1508 1152,1507 1195,1507 1239,1507 1282,1507 1325,1506 1368,1506 1411,1506 1454,1506 1497,1506 1540,1507 1583,1507 1626,1507 1670,1507"/>
                <TextEquiv>
                    <Unicode>en font un plaidoyer véhèment et farouche</Unicode>
                </TextEquiv>
            </TextLine>
            <TextLine id="r1l70" custom="readingOrder {index:69;}">
                <Coords points="1687,1531 2567,1551 2567,1500 2516,1496 1687,1491"/>
                <Baseline points="1697,1529 1739,1530 1782,1530 1825,1530 1868,1531 1911,1531 1954,1531 1997,1532 2040,1532 2083,1533 2126,1533 2168,1533 2211,1533 2254,1533 2297,1533 2340,1532 2383,1532 2426,1531 2469,1530 2512,1529 2555,1527"/>
                <TextEquiv>
                    <Unicode>intelligence éblouissante, La Saeta (Villat</Unicode>
                </TextEquiv>
            </TextLine>
            <TextLine id="r1l71" custom="readingOrder {index:70;}">
                <Coords points="824,1551 1676,1561 1676,1515 1614,1511 824,1525"/>
                <Baseline points="836,1550 877,1550 918,1550 960,1550 1001,1550 1043,1550 1084,1550 1126,1550 1167,1550 1209,1550 1250,1550 1291,1550 1333,1550 1374,1550 1416,1549 1457,1549 1499,1549 1540,1548 1582,1547 1623,1547 1665,1545"/>
                <TextEquiv>
                    <Unicode>— la plaidoirie qui lui aurait peut-être fait</Unicode>
                </TextEquiv>
            </TextLine>
            <TextLine id="r1l72" custom="readingOrder {index:71;}">
                <Coords points="1684,1572 2161,1573 2224,1598 2318,1570 2454,1590 2568,1571 2550,1533 1684,1532"/>
                <Baseline points="1695,1566 1738,1568 1781,1569 1824,1570 1867,1571 1910,1571 1953,1572 1996,1572 2039,1573 2082,1573 2125,1573 2168,1573 2211,1573 2254,1573 2297,1573 2340,1573 2383,1572 2426,1572 2469,1572 2512,1571 2556,1571"/>
                <TextEquiv>
                    <Unicode>Boas, editeur, Rio-de-Janeiro), ou vibren</Unicode>
                </TextEquiv>
            </TextLine>
            <TextLine id="r1l73" custom="readingOrder {index:72;}">
                <Coords points="793,1591 1599,1612 1682,1596 1682,1557 793,1565"/>
                <Baseline points="805,1594 848,1594 891,1593 935,1592 978,1592 1021,1591 1065,1591 1108,1590 1151,1590 1195,1589 1238,1589 1281,1589 1325,1588 1368,1588 1411,1588 1455,1587 1498,1587 1541,1587 1585,1587 1628,1587 1672,1586"/>
                <TextEquiv>
                    <Unicode>gagner son procès devant le Tribunal de la</Unicode>
                </TextEquiv>
            </TextLine>
            <TextLine id="r1l74" custom="readingOrder {index:73;}">
                <Coords points="1683,1613 2565,1611 2565,1574 2324,1570 2223,1596 2169,1574 1683,1572"/>
                <Baseline points="1693,1606 1736,1608 1779,1608 1822,1609 1865,1610 1908,1611 1951,1611 1994,1611 2037,1612 2080,1612 2123,1612 2166,1611 2209,1611 2252,1611 2295,1610 2338,1610 2381,1610 2424,1609 2467,1609 2510,1608 2554,1608"/>
                <TextEquiv>
                    <Unicode>les échos de processions sévillanes, avec</Unicode>
                </TextEquiv>
            </TextLine>
            <TextLine id="r1l75" custom="readingOrder {index:74;}">
                <Coords points="803,1631 851,1639 871,1659 880,1650 913,1661 943,1643 989,1658 1000,1647 1042,1660 1088,1656 1088,1610 1066,1603 1046,1610 971,1591 934,1606 917,1595 891,1604 882,1595 803,1596"/>
                <Baseline points="815,1630 841,1631 867,1631 893,1631 919,1631 946,1631 972,1631 998,1630 1024,1630 1050,1630 1077,1629"/>
                <TextEquiv>
                    <Unicode>Seigneurie..</Unicode>
                </TextEquiv>
            </TextLine>
            <TextLine id="r1l76" custom="readingOrder {index:75;}">
                <Coords points="1682,1658 2577,1652 2577,1619 2531,1617 1682,1614"/>
                <Baseline points="1692,1648 1735,1649 1779,1650 1823,1650 1866,1650 1910,1651 1954,1651 1997,1651 2041,1651 2085,1652 2129,1652 2172,1652 2216,1652 2260,1651 2303,1651 2347,1651 2391,1651 2434,1650 2478,1650 2522,1650 2566,1649"/>
                <TextEquiv>
                    <Unicode>l’éclat des cierges et des ors, la douleut</Unicode>
                </TextEquiv>
            </TextLine>
            <TextLine id="r1l77" custom="readingOrder {index:76;}">
                <Coords points="1675,1711 1784,1685 1857,1707 2568,1694 2527,1655 1675,1652"/>
                <Baseline points="1687,1688 1730,1688 1774,1688 1817,1688 1861,1688 1904,1688 1948,1689 1991,1689 2035,1690 2078,1690 2122,1691 2165,1691 2209,1691 2252,1692 2296,1692 2339,1692 2383,1691 2426,1691 2470,1690 2513,1689 2557,1687"/>
                <TextEquiv>
                    <Unicode>des Christs sanglants, et les g sactas v.</Unicode>
                </TextEquiv>
            </TextLine>
            <TextLine id="r1l78" custom="readingOrder {index:77;}">
                <Coords points="1678,1747 2563,1723 2547,1690 1847,1710 1678,1683"/>
                <Baseline points="1690,1726 1733,1726 1776,1726 1819,1727 1862,1727 1905,1728 1948,1728 1991,1729 2034,1729 2077,1729 2121,1730 2164,1730 2207,1730 2250,1730 2293,1730 2336,1730 2379,1730 2422,1729 2465,1728 2508,1727 2552,1726"/>
                <TextEquiv>
                    <Unicode>lancées comme des sanglots ou des cris</Unicode>
                </TextEquiv>
            </TextLine>
            <TextLine id="r1l79" custom="readingOrder {index:78;}">
                <Coords points="833,1754 1632,1763 1685,1756 1685,1712 1468,1692 1249,1717 1205,1691 1105,1720 943,1690 833,1716"/>
                <Baseline points="845,1747 886,1748 927,1749 969,1749 1010,1750 1052,1750 1093,1751 1135,1751 1176,1751 1218,1751 1259,1751 1300,1751 1342,1751 1383,1750 1425,1749 1466,1749 1508,1748 1549,1747 1591,1745 1632,1744 1674,1743"/>
                <TextEquiv>
                    <Unicode>Lorsque nous avons appris, il y a peu</Unicode>
                </TextEquiv>
            </TextLine>
            <TextLine id="r1l80" custom="readingOrder {index:79;}">
                <Coords points="1683,1781 2552,1783 2568,1729 1683,1731"/>
                <Baseline points="1695,1766 1738,1766 1781,1767 1824,1767 1867,1767 1910,1767 1953,1767 1996,1767 2039,1767 2082,1767 2126,1767 2169,1767 2212,1767 2255,1767 2298,1767 2341,1767 2384,1768 2427,1768 2470,1768 2513,1769 2557,1770"/>
                <TextEquiv>
                    <Unicode>d’extase à travers la nuit vers les Madones</Unicode>
                </TextEquiv>
            </TextLine>
            <TextLine id="r1l81" custom="readingOrder {index:80;}">
                <Coords points="805,1813 930,1795 956,1817 1008,1790 1676,1798 1676,1752 805,1765"/>
                <Baseline points="816,1787 858,1787 900,1788 943,1789 985,1789 1028,1790 1070,1790 1112,1790 1155,1790 1197,1790 1240,1790 1282,1790 1324,1789 1367,1789 1409,1788 1452,1788 1494,1787 1536,1786 1579,1785 1621,1784 1664,1783"/>
                <TextEquiv>
                    <Unicode>de jours, la mort d’Arthur Schnitzler, nous</Unicode>
                </TextEquiv>
            </TextLine>
            <TextLine id="r1l82" custom="readingOrder {index:81;}">
                <Coords points="1692,1812 2574,1810 2517,1774 1692,1777"/>
                <Baseline points="1702,1807 1745,1806 1788,1806 1831,1806 1874,1807 1917,1807 1960,1807 2003,1807 2046,1807 2089,1807 2132,1808 2175,1808 2218,1808 2261,1808 2304,1809 2347,1809 2390,1809 2433,1809 2476,1810 2519,1810 2562,1810"/>
                <TextEquiv>
                    <Unicode>pämées sous leurs biicux et leurs brocarts.</Unicode>
                </TextEquiv>
            </TextLine>
            <TextLine id="r1l83" custom="readingOrder {index:82;}">
                <Coords points="806,1831 1552,1846 1675,1835 1675,1795 806,1811"/>
                <Baseline points="816,1828 858,1828 900,1829 943,1829 985,1829 1027,1830 1070,1830 1112,1830 1154,1830 1197,1830 1239,1831 1281,1830 1324,1830 1366,1830 1408,1829 1451,1829 1493,1828 1535,1827 1578,1826 1620,1825 1663,1823"/>
                <TextEquiv>
                    <Unicode>avons salué avec chagrin le départ d’un</Unicode>
                </TextEquiv>
            </TextLine>
            <TextLine id="r1l84" custom="readingOrder {index:83;}">
                <Coords points="1692,1853 2547,1861 2576,1851 2576,1809 1692,1814"/>
                <Baseline points="1702,1841 1745,1842 1788,1843 1831,1843 1874,1844 1917,1845 1960,1845 2003,1846 2046,1846 2089,1847 2133,1847 2176,1847 2219,1847 2262,1848 2305,1848 2348,1848 2391,1848 2434,1848 2477,1848 2520,1847 2564,1847"/>
                <TextEquiv>
                    <Unicode>Prose de ténèbres et d’éclairs, qu'accom¬</Unicode>
                </TextEquiv>
            </TextLine>
            <TextLine id="r1l85" custom="readingOrder {index:84;}">
                <Coords points="804,1862 1682,1875 1658,1829 804,1831"/>
                <Baseline points="815,1865 857,1865 900,1866 943,1866 986,1866 1029,1867 1071,1867 1114,1868 1157,1869 1200,1869 1243,1869 1285,1869 1328,1869 1371,1869 1414,1869 1457,1868 1499,1867 1542,1867 1585,1865 1628,1863 1671,1861"/>
                <TextEquiv>
                    <Unicode>homme qui, quoique jeune encore, repré¬</Unicode>
                </TextEquiv>
            </TextLine>
            <TextLine id="r1l86" custom="readingOrder {index:85;}">
                <Coords points="1688,1890 2177,1907 2203,1887 2540,1902 2577,1878 2555,1850 1688,1849"/>
                <Baseline points="1699,1885 1742,1885 1785,1886 1829,1886 1872,1886 1916,1886 1959,1886 2002,1886 2046,1886 2089,1885 2133,1885 2176,1885 2219,1885 2263,1884 2306,1884 2350,1884 2393,1884 2436,1885 2480,1885 2523,1885 2567,1886"/>
                <TextEquiv>
                    <Unicode>pagnent les illustrations de José Moreno</Unicode>
                </TextEquiv>
            </TextLine>
            <TextLine id="r1l87" custom="readingOrder {index:86;}">
                <Coords points="801,1909 1674,1915 1657,1869 801,1867"/>
                <Baseline points="813,1903 855,1904 898,1904 940,1905 983,1905 1025,1906 1068,1906 1110,1907 1153,1907 1195,1908 1238,1908 1280,1908 1323,1908 1365,1908 1408,1907 1450,1907 1493,1906 1535,1905 1578,1904 1620,1903 1663,1901"/>
                <TextEquiv>
                    <Unicode>sentait déjá un des éléments défunts de</Unicode>
                </TextEquiv>
            </TextLine>
            <TextLine id="r1l88" custom="readingOrder {index:87;}">
                <Coords points="1693,1933 2346,1947 2569,1921 2569,1897 2389,1884 1693,1891"/>
                <Baseline points="1704,1921 1746,1923 1789,1924 1831,1924 1874,1925 1917,1925 1959,1925 2002,1925 2045,1925 2087,1925 2130,1924 2173,1924 2215,1924 2258,1924 2301,1924 2343,1924 2386,1924 2429,1924 2471,1925 2514,1926 2557,1927"/>
                <TextEquiv>
                    <Unicode>Villa, et ou triomphe encore l’incontes¬</Unicode>
                </TextEquiv>
            </TextLine>
            <TextLine id="r1l89" custom="readingOrder {index:88;}">
                <Coords points="798,1956 1387,1962 1415,1940 1518,1962 1671,1945 1671,1907 798,1908"/>
                <Baseline points="808,1941 850,1942 893,1943 935,1944 978,1944 1021,1945 1063,1945 1106,1945 1148,1946 1191,1946 1234,1945 1276,1945 1319,1945 1361,1945 1404,1944 1447,1944 1489,1944 1532,1943 1574,1943 1617,1942 1660,1941"/>
                <TextEquiv>
                    <Unicode>’Europe. II y avait quelque chose d’ana¬</Unicode>
                </TextEquiv>
            </TextLine>
            <TextLine id="r1l90" custom="readingOrder {index:89;}">
                <Coords points="1694,1975 2233,1996 2340,1969 2306,1935 2249,1930 1695,1931"/>
                <Baseline points="1705,1960 1736,1960 1767,1959 1798,1959 1829,1959 1861,1960 1892,1960 1923,1961 1954,1961 1985,1962 2017,1963 2048,1963 2079,1964 2110,1965 2141,1965 2173,1966 2204,1966 2235,1966 2266,1966 2297,1966 2329,1966"/>
                <TextEquiv>
                    <Unicode>table maitrise d’Alfonso Reyes.</Unicode>
                </TextEquiv>
            </TextLine>
            <TextLine id="r1l91" custom="readingOrder {index:90;}">
                <Coords points="794,1998 1628,1996 1676,1987 1676,1941 1529,1963 1415,1939 1387,1961 794,1954"/>
                <Baseline points="805,1982 850,1983 895,1983 940,1983 985,1983 1031,1984 1076,1984 1121,1984 1166,1984 1211,1984 1257,1984 1302,1984 1347,1983 1392,1983 1437,1983 1483,1982 1528,1982 1573,1981 1618,1980 1664,1979"/>
                <TextEquiv>
                    <Unicode>chronique dans ses derniers livres, tant i!</Unicode>
                </TextEquiv>
            </TextLine>
            <TextLine id="r1l92" custom="readingOrder {index:91;}">
                <Coords points="802,2032 1682,2027 1682,1990 1645,1983 1404,2006 802,1989"/>
                <Baseline points="814,2023 856,2023 899,2023 942,2023 985,2023 1028,2023 1071,2024 1114,2024 1157,2024 1200,2024 1243,2024 1285,2024 1328,2024 1371,2024 1414,2023 1457,2023 1500,2022 1543,2021 1586,2020 1629,2019 1672,2018"/>
                <TextEquiv>
                    <Unicode>était resté l’interprête de la vieille Autri¬</Unicode>
                </TextEquiv>
            </TextLine>
            <TextLine id="r1l93" custom="readingOrder {index:92;}">
                <Coords points="798,2058 851,2080 1687,2071 1687,2023 798,2027"/>
                <Baseline points="808,2066 851,2065 894,2065 938,2064 981,2064 1025,2063 1068,2063 1111,2063 1155,2063 1198,2063 1242,2063 1285,2063 1328,2063 1372,2063 1415,2063 1459,2062 1502,2062 1545,2062 1589,2061 1632,2060 1676,2059"/>
                <TextEquiv>
                    <Unicode>che, si proche et si lointaine à la fois, le</Unicode>
                </TextEquiv>
            </TextLine>
            <TextLine id="r1l94" custom="readingOrder {index:93;}">
                <Coords points="793,2112 1535,2116 1686,2102 1686,2069 793,2075"/>
                <Baseline points="803,2105 846,2105 890,2104 933,2104 977,2103 1021,2102 1064,2102 1108,2102 1151,2101 1195,2101 1239,2100 1282,2100 1326,2100 1369,2100 1413,2099 1457,2099 1500,2099 1544,2098 1587,2098 1631,2098 1675,2097"/>
                <TextEquiv>
                    <Unicode>peintre de la Vienne d’avant guerre, au sou¬</Unicode>
                </TextEquiv>
            </TextLine>
            <TextLine id="r1l95" custom="readingOrder {index:94;}">
                <Coords points="1720,2116 2481,2134 2575,2123 2576,2053 2418,2054 2315,2088 2191,2050 1720,2070"/>
                <Baseline points="1731,2106 1772,2107 1814,2108 1855,2109 1897,2110 1939,2112 1980,2113 2022,2114 2064,2115 2105,2116 2147,2117 2189,2117 2230,2118 2272,2118 2314,2118 2355,2117 2397,2116 2439,2115 2480,2114 2522,2111 2564,2109"/>
                <TextEquiv>
                    <Unicode>C’est une difficile épreuve, pour un éeri¬</Unicode>
                </TextEquiv>
            </TextLine>
            <TextLine id="r1l96" custom="readingOrder {index:95;}">
                <Coords points="793,2150 1647,2153 1682,2146 1682,2102 793,2111"/>
                <Baseline points="805,2143 848,2143 891,2143 934,2143 978,2143 1021,2143 1064,2143 1107,2143 1151,2142 1194,2142 1237,2142 1280,2142 1324,2141 1367,2141 1410,2141 1453,2141 1497,2140 1540,2140 1583,2140 1626,2140 1670,2140"/>
                <TextEquiv>
                    <Unicode>venir de laquelle son nom restera toujours</Unicode>
                </TextEquiv>
            </TextLine>
            <TextLine id="r1l97" custom="readingOrder {index:96;}">
                <Coords points="1679,2148 1813,2174 1878,2150 2174,2169 2226,2149 2410,2178 2476,2152 2568,2181 2568,2124 2535,2120 1679,2117"/>
                <Baseline points="1691,2150 1734,2151 1777,2153 1820,2154 1864,2155 1907,2156 1950,2156 1994,2157 2037,2157 2080,2157 2124,2157 2167,2157 2210,2157 2253,2157 2297,2156 2340,2156 2383,2156 2427,2155 2470,2155 2513,2155 2557,2154"/>
                <TextEquiv>
                    <Unicode>vain, que d’écrire un livre destiné aux en¬</Unicode>
                </TextEquiv>
            </TextLine>
            <TextLine id="r1l98" custom="readingOrder {index:97;}">
                <Coords points="789,2183 1650,2194 1678,2146 789,2150"/>
                <Baseline points="800,2181 843,2182 886,2182 930,2183 973,2183 1017,2183 1060,2183 1103,2183 1147,2182 1190,2182 1234,2182 1277,2181 1320,2181 1364,2181 1407,2180 1451,2180 1494,2180 1537,2180 1581,2179 1624,2179 1668,2179"/>
                <TextEquiv>
                    <Unicode>attaché. Schnitzler ne s’était guère drenou¬</Unicode>
                </TextEquiv>
            </TextLine>
            <TextLine id="r1l99" custom="readingOrder {index:98;}">
                <Coords points="1683,2199 2532,2209 2578,2169 1682,2149"/>
                <Baseline points="1693,2192 1736,2193 1780,2195 1823,2195 1867,2196 1911,2197 1954,2197 1998,2197 2042,2197 2085,2197 2129,2197 2173,2196 2216,2196 2260,2195 2304,2195 2347,2195 2391,2194 2435,2194 2478,2194 2522,2193 2566,2193"/>
                <TextEquiv>
                    <Unicode>fants, et les plus célèbres souvent y ont</Unicode>
                </TextEquiv>
            </TextLine>
            <TextLine id="r1l100" custom="readingOrder {index:99;}">
                <Coords points="801,2213 2558,2266 2572,2205 801,2183"/>
                <Baseline points="811,2225 898,2222 986,2220 1073,2219 1161,2219 1248,2219 1336,2221 1423,2222 1511,2224 1598,2227 1686,2229 1773,2231 1861,2234 1948,2236 2036,2237 2123,2239 2211,2239 2298,2239 2386,2238 2473,2237 2561,2234"/>
                <TextEquiv>
                    <Unicode>velé n et nul ne pensait à le lui reprocher: échoué. M. Otto Flake, qui est un roman¬</Unicode>
                </TextEquiv>
            </TextLine>
            <TextLine id="r1l101" custom="readingOrder {index:100;}">
                <Coords points="792,2264 1674,2260 1654,2221 792,2227"/>
                <Baseline points="802,2261 845,2261 888,2261 931,2261 974,2261 1017,2262 1060,2262 1103,2262 1146,2262 1189,2261 1232,2261 1275,2261 1318,2261 1361,2261 1404,2261 1447,2261 1490,2261 1533,2260 1576,2260 1619,2260 1662,2259"/>
                <TextEquiv>
                    <Unicode>il y avait dans tous ses livres une psycho¬</Unicode>
                </TextEquiv>
            </TextLine>
            <TextLine id="r1l102" custom="readingOrder {index:101;}">
                <Coords points="1683,2281 2130,2295 2331,2272 2572,2305 2572,2248 2504,2238 1684,2237"/>
                <Baseline points="1694,2271 1737,2273 1780,2274 1824,2276 1867,2277 1911,2278 1954,2278 1997,2279 2041,2279 2084,2279 2128,2279 2171,2279 2214,2278 2258,2278 2301,2278 2345,2278 2388,2279 2431,2279 2475,2279 2518,2281 2562,2282"/>
                <TextEquiv>
                    <Unicode>cier de grand talent et de grande renommée,</Unicode>
                </TextEquiv>
            </TextLine>
            <TextLine id="r1l103" custom="readingOrder {index:102;}">
                <Coords points="800,2313 1610,2317 1671,2310 1671,2262 800,2265"/>
                <Baseline points="810,2304 852,2304 895,2303 937,2303 980,2302 1022,2302 1065,2302 1107,2302 1150,2301 1192,2301 1235,2301 1278,2301 1320,2301 1363,2301 1405,2300 1448,2300 1490,2300 1533,2299 1575,2299 1618,2298 1661,2298"/>
                <TextEquiv>
                    <Unicode>logie délicate qui mariait l’ironie et la ten¬</Unicode>
                </TextEquiv>
            </TextLine>
            <TextLine id="r1l104" custom="readingOrder {index:103;}">
                <Coords points="1689,2321 2462,2335 2562,2327 2563,2279 1689,2273"/>
                <Baseline points="1699,2310 1741,2311 1784,2312 1826,2313 1869,2314 1912,2315 1954,2315 1997,2316 2040,2316 2082,2317 2125,2317 2168,2317 2210,2317 2253,2317 2296,2317 2338,2317 2381,2317 2424,2317 2466,2317 2509,2317 2552,2317"/>
                <TextEquiv>
                    <Unicode>vient de s’y essayer avec süccès, et sa</Unicode>
                </TextEquiv>
            </TextLine>
            <TextLine id="r1l105" custom="readingOrder {index:104;}">
                <Coords points="793,2346 1680,2350 1657,2302 793,2320"/>
                <Baseline points="803,2342 846,2342 889,2342 932,2342 976,2342 1019,2342 1062,2342 1106,2342 1149,2342 1192,2342 1236,2341 1279,2341 1322,2341 1365,2340 1409,2340 1452,2339 1495,2339 1539,2338 1582,2338 1625,2338 1669,2337"/>
                <TextEquiv>
                    <Unicode>dresse, une sorte de philosophie de la vie</Unicode>
                </TextEquiv>
            </TextLine>
            <TextLine id="r1l106" custom="readingOrder {index:105;}">
                <Coords points="1690,2357 2474,2357 2566,2384 2566,2327 2496,2314 1691,2313"/>
                <Baseline points="1701,2351 1743,2352 1786,2352 1829,2353 1871,2353 1914,2354 1957,2355 1999,2355 2042,2355 2085,2356 2128,2356 2170,2356 2213,2357 2256,2357 2298,2357 2341,2357 2384,2357 2426,2357 2469,2356 2512,2356 2555,2356"/>
                <TextEquiv>
                    <Unicode>Christa (S. Fischer Verlag, Berlin), est une</Unicode>
                </TextEquiv>
            </TextLine>
            <TextLine id="r1l107" custom="readingOrder {index:106;}">
                <Coords points="798,2395 1678,2393 1678,2349 1627,2342 798,2344"/>
                <Baseline points="808,2380 851,2380 894,2380 937,2380 980,2380 1023,2380 1066,2380 1109,2380 1152,2380 1195,2380 1238,2380 1281,2380 1324,2380 1367,2379 1410,2379 1453,2379 1496,2379 1539,2379 1582,2378 1625,2378 1668,2378"/>
                <TextEquiv>
                    <Unicode>désabusée qui se trahissait par un sourire</Unicode>
                </TextEquiv>
            </TextLine>
            <TextLine id="r1l108" custom="readingOrder {index:107;}">
                <Coords points="1688,2394 2563,2396 2563,2370 2522,2360 1688,2357"/>
                <Baseline points="1699,2389 1741,2390 1784,2391 1826,2392 1869,2393 1912,2393 1954,2394 1997,2394 2040,2394 2082,2394 2125,2395 2168,2395 2210,2395 2253,2395 2296,2395 2338,2395 2381,2396 2424,2396 2466,2396 2509,2397 2552,2397"/>
                <TextEquiv>
                    <Unicode>des meilleures réussites dans ce genre.</Unicode>
                </TextEquiv>
            </TextLine>
            <TextLine id="r1l109" custom="readingOrder {index:108;}">
                <Coords points="795,2424 1679,2426 1679,2393 1541,2380 795,2384"/>
                <Baseline points="807,2421 850,2420 893,2419 936,2418 979,2418 1022,2418 1065,2417 1108,2417 1151,2417 1194,2417 1238,2418 1281,2418 1324,2418 1367,2418 1410,2418 1453,2418 1496,2418 1539,2418 1582,2417 1625,2417 1669,2416"/>
                <TextEquiv>
                    <Unicode>sceptique et doux, et dont il dotait tous</Unicode>
                </TextEquiv>
            </TextLine>
            <TextLine id="r1l110" custom="readingOrder {index:109;}">
                <Coords points="1681,2435 2559,2429 2559,2405 2408,2394 1681,2396"/>
                <Baseline points="1692,2426 1734,2427 1777,2428 1820,2429 1863,2430 1905,2430 1948,2431 1991,2431 2034,2432 2076,2432 2119,2433 2162,2433 2205,2433 2247,2434 2290,2434 2333,2434 2376,2434 2418,2435 2461,2435 2504,2435 2547,2435"/>
                <TextEquiv>
                    <Unicode>Nous assistons dans ce livre au développe¬</Unicode>
                </TextEquiv>
            </TextLine>
            <TextLine id="r1l111" custom="readingOrder {index:110;}">
                <Coords points="797,2468 1679,2469 1679,2426 1574,2417 797,2424"/>
                <Baseline points="809,2460 854,2459 899,2458 944,2458 989,2457 1035,2457 1080,2457 1125,2456 1170,2456 1215,2456 1261,2456 1306,2456 1351,2456 1396,2456 1441,2457 1487,2457 1532,2457 1577,2458 1622,2458 1668,2458"/>
                <TextEquiv>
                    <Unicode>ses personnages, indolents, velléitaires, ca¬</Unicode>
                </TextEquiv>
            </TextLine>
            <TextLine id="r1l112" custom="readingOrder {index:111;}">
                <Coords points="1689,2481 2556,2486 2540,2433 1689,2435"/>
                <Baseline points="1699,2466 1741,2467 1783,2468 1825,2469 1868,2470 1910,2471 1952,2471 1994,2472 2037,2473 2079,2473 2121,2474 2163,2474 2206,2474 2248,2474 2290,2474 2332,2473 2375,2473 2417,2472 2459,2471 2501,2470 2544,2469"/>
                <TextEquiv>
                    <Unicode>ment d’une petite fille, durant ses six pre¬</Unicode>
                </TextEquiv>
            </TextLine>
            <TextLine id="r1l113" custom="readingOrder {index:112;}">
                <Coords points="799,2497 1673,2511 1673,2467 1543,2456 799,2466"/>
                <Baseline points="811,2497 853,2497 896,2496 938,2496 981,2496 1023,2495 1066,2495 1108,2495 1151,2496 1193,2496 1236,2496 1278,2496 1321,2496 1363,2496 1406,2496 1448,2496 1491,2496 1533,2496 1576,2495 1618,2495 1661,2494"/>
                <TextEquiv>
                    <Unicode>pricieux, capables de passer sans effort de</Unicode>
                </TextEquiv>
            </TextLine>
            <TextLine id="r1l114" custom="readingOrder {index:113;}">
                <Coords points="1685,2518 2567,2531 2554,2480 1685,2481"/>
                <Baseline points="1697,2508 1742,2508 1787,2508 1832,2509 1877,2509 1923,2510 1968,2510 2013,2511 2058,2512 2103,2512 2149,2513 2194,2513 2239,2513 2284,2514 2329,2514 2375,2514 2420,2513 2465,2513 2510,2512 2556,2512"/>
                <TextEquiv>
                    <Unicode>mières années — aurons-nous la suite? une</Unicode>
                </TextEquiv>
            </TextLine>
            <TextLine id="r1l115" custom="readingOrder {index:114;}">
                <Coords points="793,2554 881,2534 933,2556 1124,2536 1590,2560 1666,2552 1666,2503 793,2517"/>
                <Baseline points="803,2537 845,2537 888,2537 930,2537 973,2537 1016,2537 1058,2537 1101,2537 1143,2537 1186,2537 1229,2537 1271,2538 1314,2538 1356,2538 1399,2538 1442,2537 1484,2537 1527,2537 1569,2537 1612,2536 1655,2535"/>
                <TextEquiv>
                    <Unicode>la légèreté au tragique, selon les vicissi¬</Unicode>
                </TextEquiv>
            </TextLine>
            <TextLine id="r1l116" custom="readingOrder {index:115;}">
                <Coords points="1683,2546 2143,2548 2188,2575 2309,2547 2366,2571 2561,2561 2561,2520 2464,2515 1683,2516"/>
                <Baseline points="1693,2548 1735,2548 1778,2549 1821,2550 1864,2550 1907,2551 1950,2551 1992,2551 2035,2551 2078,2551 2121,2551 2164,2552 2207,2552 2250,2552 2292,2552 2335,2552 2378,2552 2421,2552 2464,2552 2507,2552 2550,2553"/>
                <TextEquiv>
                    <Unicode>enfant d’aujourd'hui, d’après guerre, et</Unicode>
                </TextEquiv>
            </TextLine>
            <TextLine id="r1l117" custom="readingOrder {index:116;}">
                <Coords points="807,2579 1129,2596 1168,2572 1311,2607 1372,2583 1422,2605 1477,2596 1477,2543 807,2542"/>
                <Baseline points="818,2580 850,2579 882,2578 915,2577 947,2576 980,2576 1012,2576 1045,2576 1077,2576 1110,2576 1142,2576 1174,2577 1207,2577 1239,2577 1272,2577 1304,2578 1337,2577 1369,2577 1402,2577 1434,2576 1467,2575"/>
                <TextEquiv>
                    <Unicode>tudes que la vie leur imposait.</Unicode>
                </TextEquiv>
            </TextLine>
            <TextLine id="r1l118" custom="readingOrder {index:117;}">
                <Coords points="1670,2591 2314,2613 2568,2589 2568,2554 2045,2571 1671,2545"/>
                <Baseline points="1682,2587 1725,2587 1769,2588 1813,2588 1856,2589 1900,2590 1944,2591 1987,2591 2031,2592 2075,2593 2119,2593 2162,2594 2206,2595 2250,2595 2293,2595 2337,2595 2381,2595 2424,2595 2468,2595 2512,2594 2556,2593"/>
                <TextEquiv>
                    <Unicode>il y a quelque chose d’épique presque</Unicode>
                </TextEquiv>
            </TextLine>
            <TextLine id="r1l119" custom="readingOrder {index:118;}">
                <Coords points="1678,2643 2571,2649 2558,2590 1678,2589"/>
                <Baseline points="1690,2624 1733,2626 1777,2627 1820,2628 1864,2629 1907,2630 1951,2631 1994,2631 2038,2631 2081,2632 2125,2632 2169,2632 2212,2632 2256,2632 2299,2632 2343,2633 2386,2633 2430,2633 2473,2633 2517,2634 2561,2634"/>
                <TextEquiv>
                    <Unicode>dans cette histoire contée avec tant</Unicode>
                </TextEquiv>
            </TextLine>
            <TextLine id="r1l120" custom="readingOrder {index:119;}">
                <Coords points="1157,2661 1175,2656 1188,2669 1212,2669 1232,2660 1256,2660 1267,2649 1306,2664 1321,2655 1335,2657 1334,2627 1317,2620 1277,2627 1253,2612 1229,2608 1220,2614 1201,2601 1185,2615 1157,2613"/>
                <Baseline points="1168,2647 1194,2648 1220,2648 1246,2648 1272,2647 1298,2647 1324,2647"/>
                <TextEquiv>
                    <Unicode>— — —</Unicode>
                </TextEquiv>
            </TextLine>
            <TextLine id="r1l121" custom="readingOrder {index:120;}">
                <Coords points="1669,2688 1744,2666 2549,2682 2549,2647 2446,2634 1669,2622"/>
                <Baseline points="1681,2667 1723,2668 1766,2669 1809,2669 1852,2670 1895,2670 1937,2671 1980,2671 2023,2671 2066,2671 2109,2671 2151,2671 2194,2671 2237,2671 2280,2671 2323,2670 2365,2670 2408,2670 2451,2670 2494,2669 2537,2669"/>
                <TextEquiv>
                    <Unicode>de délicatesse et d’amour. Otto Flake a</Unicode>
                </TextEquiv>
            </TextLine>
            <TextLine id="r1l122" custom="readingOrder {index:121;}">
                <Coords points="847,2717 2559,2730 2495,2671 847,2680"/>
                <Baseline points="858,2715 942,2717 1027,2718 1111,2719 1196,2719 1280,2719 1365,2718 1449,2717 1534,2716 1618,2715 1703,2713 1787,2712 1872,2711 1956,2710 2041,2709 2125,2708 2210,2708 2294,2709 2379,2710 2463,2712 2548,2715"/>
                <TextEquiv>
                    <Unicode>Son cuvre de romancier, de conteur et#tres bien exprimé ce mélange de vie réelle</Unicode>
                </TextEquiv>
            </TextLine>
            <TextLine id="r1l123" custom="readingOrder {index:122;}">
                <Coords points="1682,2757 2498,2765 2560,2741 2560,2708 1682,2716"/>
                <Baseline points="1693,2748 1735,2748 1778,2749 1821,2749 1864,2749 1906,2750 1949,2750 1992,2750 2035,2751 2077,2751 2120,2751 2163,2751 2206,2751 2248,2752 2291,2752 2334,2752 2377,2751 2419,2751 2462,2751 2505,2751 2548,2750"/>
                <TextEquiv>
                    <Unicode>et de merveilleux qui fait le fond de toute</Unicode>
                </TextEquiv>
            </TextLine>
            <TextLine id="r1l124" custom="readingOrder {index:123;}">
                <Coords points="790,2769 1681,2766 1681,2727 1635,2722 790,2725"/>
                <Baseline points="801,2752 844,2754 887,2755 931,2756 974,2757 1018,2758 1061,2758 1104,2758 1148,2759 1191,2759 1235,2759 1278,2758 1321,2758 1365,2758 1408,2758 1452,2758 1495,2757 1538,2757 1582,2757 1625,2757 1669,2757"/>
                <TextEquiv>
                    <Unicode>d’auteur dramatique est considérable, con¬</Unicode>
                </TextEquiv>
            </TextLine>
            <TextLine id="r1l125" custom="readingOrder {index:124;}">
                <Coords points="1688,2791 2561,2813 2562,2741 2461,2763 1688,2756"/>
                <Baseline points="1699,2785 1741,2786 1784,2786 1826,2787 1869,2788 1912,2788 1954,2789 1997,2789 2039,2790 2082,2790 2125,2791 2167,2791 2210,2791 2252,2791 2295,2791 2338,2790 2380,2790 2423,2789 2465,2788 2508,2787 2551,2786"/>
                <TextEquiv>
                    <Unicode>existence enfantine; les forêts des contes</Unicode>
                </TextEquiv>
            </TextLine>
            <TextLine id="r1l126" custom="readingOrder {index:125;}">
                <Coords points="792,2808 1683,2815 1683,2767 1582,2758 792,2762"/>
                <Baseline points="803,2793 846,2794 889,2795 933,2795 976,2796 1020,2796 1063,2797 1107,2798 1150,2798 1194,2798 1237,2799 1280,2799 1324,2799 1367,2799 1411,2799 1454,2799 1498,2799 1541,2799 1585,2799 1628,2798 1672,2797"/>
                <TextEquiv>
                    <Unicode>sacrée tout entière à la description des</Unicode>
                </TextEquiv>
            </TextLine>
            <TextLine id="r1l127" custom="readingOrder {index:126;}">
                <Coords points="1684,2832 2567,2841 2567,2812 2505,2794 1685,2788"/>
                <Baseline points="1695,2825 1738,2826 1781,2826 1824,2827 1867,2827 1910,2828 1953,2829 1996,2829 2039,2830 2082,2830 2125,2831 2168,2831 2211,2831 2254,2831 2297,2831 2340,2831 2383,2831 2426,2830 2469,2829 2512,2829 2556,2828"/>
                <TextEquiv>
                    <Unicode>sont aussi familières à la petite Christa</Unicode>
                </TextEquiv>
            </TextLine>
            <TextLine id="r1l128" custom="readingOrder {index:127;}">
                <Coords points="791,2837 957,2863 1025,2839 1675,2849 1676,2806 791,2817"/>
                <Baseline points="803,2834 846,2835 889,2835 932,2836 975,2837 1018,2837 1061,2838 1104,2839 1147,2839 1190,2840 1234,2840 1277,2841 1320,2841 1363,2841 1406,2842 1449,2842 1492,2842 1535,2842 1578,2841 1621,2841 1665,2840"/>
                <TextEquiv>
                    <Unicode>menucs joies, des menues émotions et des</Unicode>
                </TextEquiv>
            </TextLine>
            <TextLine id="r1l129" custom="readingOrder {index:128;}">
                <Coords points="1681,2877 2554,2882 2554,2829 1681,2835"/>
                <Baseline points="1691,2866 1733,2866 1776,2867 1818,2867 1861,2867 1904,2868 1946,2868 1989,2869 2031,2869 2074,2869 2117,2870 2159,2870 2202,2870 2244,2870 2287,2870 2330,2870 2372,2870 2415,2869 2457,2868 2500,2868 2543,2867"/>
                <TextEquiv>
                    <Unicode>que les montagnes tyroliennes qui servent</Unicode>
                </TextEquiv>
            </TextLine>
            <TextLine id="r1l130" custom="readingOrder {index:129;}">
                <Coords points="799,2896 1456,2875 1670,2898 1670,2848 799,2854"/>
                <Baseline points="810,2873 852,2874 894,2875 937,2876 979,2877 1022,2877 1064,2878 1107,2878 1149,2879 1192,2879 1234,2880 1276,2880 1319,2880 1361,2880 1404,2880 1446,2880 1489,2880 1531,2879 1574,2878 1616,2878 1659,2877"/>
                <TextEquiv>
                    <Unicode>menus drames qui constituent l’ezistence</Unicode>
                </TextEquiv>
            </TextLine>
            <TextLine id="r1l131" custom="readingOrder {index:130;}">
                <Coords points="1689,2910 2554,2918 2554,2881 2526,2874 1690,2875"/>
                <Baseline points="1700,2903 1742,2904 1784,2905 1826,2906 1868,2907 1910,2907 1952,2908 1995,2908 2037,2909 2079,2909 2121,2910 2163,2910 2205,2910 2247,2910 2290,2910 2332,2910 2374,2910 2416,2909 2458,2909 2500,2909 2543,2908"/>
                <TextEquiv>
                    <Unicode>de cadre à son enfance, et les gnomes et</Unicode>
                </TextEquiv>
            </TextLine>
            <TextLine id="r1l132" custom="readingOrder {index:131;}">
                <Coords points="800,2913 1673,2918 1673,2889 1465,2873 1340,2897 800,2876"/>
                <Baseline points="811,2914 853,2915 896,2916 938,2917 981,2917 1024,2918 1066,2918 1109,2918 1151,2919 1194,2919 1237,2919 1279,2919 1322,2919 1364,2919 1407,2918 1450,2918 1492,2918 1535,2918 1577,2918 1620,2918 1663,2918"/>
                <TextEquiv>
                    <Unicode>quotidienne, et il y avait chez lui un réa¬</Unicode>
                </TextEquiv>
            </TextLine>
            <TextLine id="r1l133" custom="readingOrder {index:132;}">
                <Coords points="1688,2954 2565,2961 2566,2920 1688,2910"/>
                <Baseline points="1699,2944 1741,2944 1784,2945 1827,2946 1870,2946 1913,2947 1955,2947 1998,2947 2041,2948 2084,2948 2127,2948 2169,2949 2212,2949 2255,2949 2298,2949 2341,2949 2383,2949 2426,2949 2469,2949 2512,2949 2555,2949"/>
                <TextEquiv>
                    <Unicode>les enchanteurs des légendes sont ses amis</Unicode>
                </TextEquiv>
            </TextLine>
            <TextLine id="r1l134" custom="readingOrder {index:133;}">
                <Coords points="793,2956 1673,2966 1673,2918 794,2919"/>
                <Baseline points="805,2955 847,2955 890,2956 933,2956 976,2957 1019,2957 1062,2957 1104,2957 1147,2958 1190,2958 1233,2958 1276,2958 1319,2959 1362,2959 1404,2959 1447,2959 1490,2959 1533,2959 1576,2958 1619,2958 1662,2958"/>
                <TextEquiv>
                    <Unicode>lisme sans brutalité, nuancé de poésie qui</Unicode>
                </TextEquiv>
            </TextLine>
            <TextLine id="r1l135" custom="readingOrder {index:134;}">
                <Coords points="1687,3000 1895,2980 1917,3002 2539,3003 2556,2952 1687,2956"/>
                <Baseline points="1699,2984 1741,2985 1783,2986 1826,2987 1868,2987 1910,2987 1953,2987 1995,2988 2037,2988 2080,2988 2122,2988 2164,2988 2207,2987 2249,2987 2291,2987 2334,2987 2376,2987 2418,2987 2461,2987 2503,2986 2546,2986"/>
                <TextEquiv>
                    <Unicode>aussi bien que les animaux de la basse-coun</Unicode>
                </TextEquiv>
            </TextLine>
            <TextLine id="r1l136" custom="readingOrder {index:135;}">
                <Coords points="802,2988 1445,3017 1670,3007 1671,2963 802,2958"/>
                <Baseline points="813,2993 855,2993 897,2993 939,2994 982,2994 1024,2995 1066,2995 1109,2995 1151,2996 1193,2997 1236,2997 1278,2997 1320,2998 1362,2998 1405,2998 1447,2998 1489,2998 1532,2998 1574,2998 1616,2997 1659,2996"/>
                <TextEquiv>
                    <Unicode>donnait à tout ce qu’il écrivait un accent</Unicode>
                </TextEquiv>
            </TextLine>
            <TextLine id="r1l137" custom="readingOrder {index:136;}">
                <Coords points="1683,3031 2558,3040 2558,3000 2517,2994 1683,2996"/>
                <Baseline points="1693,3024 1735,3024 1778,3025 1821,3025 1863,3025 1906,3025 1949,3025 1991,3025 2034,3025 2077,3025 2120,3025 2162,3025 2205,3025 2248,3025 2290,3025 2333,3025 2376,3026 2418,3026 2461,3026 2504,3027 2547,3028"/>
                <TextEquiv>
                    <Unicode>ou du bois. C’est un livre d’enfant et en</Unicode>
                </TextEquiv>
            </TextLine>
            <TextLine id="r1l138" custom="readingOrder {index:137;}">
                <Coords points="804,3045 1682,3033 1627,3000 1544,3021 804,2988"/>
                <Baseline points="814,3033 856,3033 899,3033 942,3033 985,3033 1028,3034 1070,3034 1113,3035 1156,3036 1199,3037 1242,3037 1284,3038 1327,3039 1370,3039 1413,3039 1456,3039 1498,3038 1541,3038 1584,3037 1627,3035 1670,3033"/>
                <TextEquiv>
                    <Unicode>de verité lyrique qui lui était très parti¬</Unicode>
                </TextEquiv>
            </TextLine>
            <TextLine id="r1l139" custom="readingOrder {index:138;}">
                <Coords points="1689,3067 2558,3082 2558,3041 2477,3031 1690,3035"/>
                <Baseline points="1700,3065 1742,3065 1784,3065 1827,3065 1869,3066 1912,3066 1954,3066 1996,3066 2039,3066 2081,3067 2124,3067 2166,3067 2208,3067 2251,3068 2293,3068 2336,3068 2378,3068 2420,3068 2463,3068 2505,3068 2548,3068"/>
                <TextEquiv>
                    <Unicode>mème temps un livre pour enfant, non que</Unicode>
                </TextEquiv>
            </TextLine>
            <TextLine id="r1l140" custom="readingOrder {index:139;}">
                <Coords points="790,3079 1663,3085 1663,3050 1606,3041 941,3053 884,3027 790,3055"/>
                <Baseline points="801,3074 843,3074 886,3073 928,3073 971,3073 1013,3074 1056,3074 1098,3074 1141,3075 1183,3075 1226,3076 1269,3076 1311,3077 1354,3077 1396,3077 1439,3077 1481,3077 1524,3077 1566,3076 1609,3075 1652,3074"/>
                <TextEquiv>
                    <Unicode>culier. Ce sens du destin, à la fois intérieur</Unicode>
                </TextEquiv>
            </TextLine>
            <TextLine id="r1l141" custom="readingOrder {index:140;}">
                <Coords points="1687,3110 2425,3124 2471,3100 2569,3112 2570,3061 1687,3069"/>
                <Baseline points="1699,3104 1742,3104 1785,3104 1828,3104 1871,3104 1914,3104 1957,3105 2000,3105 2043,3105 2086,3106 2129,3106 2172,3107 2215,3107 2258,3108 2301,3108 2344,3108 2387,3108 2430,3108 2473,3108 2516,3108 2559,3108"/>
                <TextEquiv>
                    <Unicode>l’auteur se mette à la portée — ce qui est</Unicode>
                </TextEquiv>
            </TextLine>
            <TextLine id="r1l142" custom="readingOrder {index:141;}">
                <Coords points="791,3103 857,3127 1669,3118 1669,3089 1597,3080 791,3079"/>
                <Baseline points="802,3115 844,3114 887,3113 930,3113 973,3113 1016,3113 1058,3113 1101,3114 1144,3114 1187,3115 1230,3115 1272,3116 1315,3117 1358,3117 1401,3117 1444,3117 1486,3117 1529,3117 1572,3116 1615,3115 1658,3114"/>
                <TextEquiv>
                    <Unicode>et extérieur à l'homme, qui domine l’exis¬</Unicode>
                </TextEquiv>
            </TextLine>
            <TextLine id="r1l143" custom="readingOrder {index:142;}">
                <Coords points="1688,3153 2469,3160 2555,3151 2555,3107 1688,3109"/>
                <Baseline points="1699,3144 1741,3144 1783,3144 1825,3145 1868,3145 1910,3145 1952,3145 1994,3145 2037,3145 2079,3145 2121,3145 2163,3145 2206,3144 2248,3144 2290,3145 2332,3145 2375,3145 2417,3145 2459,3145 2501,3145 2544,3145"/>
                <TextEquiv>
                    <Unicode>toujours si maladroit et si inutile —; il re¬</Unicode>
                </TextEquiv>
            </TextLine>
            <TextLine id="r1l144" custom="readingOrder {index:143;}">
                <Coords points="791,3149 1678,3170 1678,3116 791,3116"/>
                <Baseline points="802,3153 845,3152 888,3152 931,3151 974,3151 1018,3151 1061,3152 1104,3152 1147,3153 1190,3153 1234,3154 1277,3154 1320,3154 1363,3155 1406,3155 1450,3155 1493,3155 1536,3155 1579,3154 1622,3154 1666,3153"/>
                <TextEquiv>
                    <Unicode>tence de tous les personnageseschnitzlériens,</Unicode>
                </TextEquiv>
            </TextLine>
            <TextLine id="r1l145" custom="readingOrder {index:144;}">
                <Coords points="1687,3185 2567,3192 2567,3153 2534,3148 1687,3146"/>
                <Baseline points="1699,3182 1741,3183 1784,3183 1827,3183 1870,3184 1913,3184 1956,3184 1998,3184 2041,3184 2084,3184 2127,3184 2170,3185 2213,3185 2256,3185 2298,3185 2341,3185 2384,3185 2427,3185 2470,3185 2513,3185 2556,3185"/>
                <TextEquiv>
                    <Unicode>crée, plutôt que le décor et les événements,</Unicode>
                </TextEquiv>
            </TextLine>
            <TextLine id="r1l146" custom="readingOrder {index:145;}">
                <Coords points="802,3195 1679,3212 1679,3164 1644,3160 802,3167"/>
                <Baseline points="813,3191 855,3191 898,3191 941,3191 984,3191 1026,3191 1069,3192 1112,3192 1155,3193 1197,3193 1240,3194 1283,3194 1326,3195 1368,3195 1411,3195 1454,3196 1497,3196 1539,3196 1582,3196 1625,3195 1668,3195"/>
                <TextEquiv>
                    <Unicode>apparait une fois de plus dans Flucht in die</Unicode>
                </TextEquiv>
            </TextLine>
            <TextLine id="r1l147" custom="readingOrder {index:146;}">
                <Coords points="1689,3225 2538,3240 2573,3236 2574,3188 1689,3186"/>
                <Baseline points="1701,3221 1744,3221 1787,3222 1830,3222 1873,3222 1916,3223 1959,3223 2002,3223 2045,3224 2088,3224 2132,3224 2175,3225 2218,3225 2261,3226 2304,3226 2347,3227 2390,3227 2433,3228 2476,3228 2519,3229 2563,3230"/>
                <TextEquiv>
                    <Unicode>l'atmosphère enfantine qui seule donne de</Unicode>
                </TextEquiv>
            </TextLine>
            <TextLine id="r1l148" custom="readingOrder {index:147;}">
                <Coords points="798,3240 1665,3242 1665,3205 1606,3196 798,3200"/>
                <Baseline points="809,3228 851,3230 893,3230 935,3231 977,3232 1020,3233 1062,3233 1104,3234 1146,3234 1188,3234 1231,3235 1273,3235 1315,3235 1357,3235 1399,3235 1442,3235 1484,3235 1526,3234 1568,3234 1610,3234 1653,3234"/>
                <TextEquiv>
                    <Unicode>Finsternis qui vient de paraitre aux éditions</Unicode>
                </TextEquiv>
            </TextLine>
            <TextLine id="r1l149" custom="readingOrder {index:148;}">
                <Coords points="1682,3262 2387,3280 2527,3275 2567,3238 1682,3225"/>
                <Baseline points="1694,3261 1737,3261 1780,3260 1823,3260 1866,3261 1909,3261 1952,3261 1995,3262 2038,3262 2081,3263 2125,3264 2168,3264 2211,3265 2254,3265 2297,3266 2340,3266 2383,3266 2426,3265 2469,3265 2512,3264 2556,3263"/>
                <TextEquiv>
                    <Unicode>la vie et de la beauté à pareils livres. Au¬</Unicode>
                </TextEquiv>
            </TextLine>
            <TextLine id="r1l150" custom="readingOrder {index:149;}">
                <Coords points="801,3280 1672,3283 1653,3239 801,3238"/>
                <Baseline points="811,3268 853,3268 896,3269 938,3270 981,3271 1023,3271 1066,3272 1108,3272 1151,3273 1193,3273 1236,3274 1278,3274 1321,3274 1363,3274 1406,3274 1448,3273 1491,3273 1533,3272 1576,3272 1618,3271 1661,3270"/>
                <TextEquiv>
                    <Unicode>S. Fischer, de Berlin. Une fois de plus — et</Unicode>
                </TextEquiv>
            </TextLine>
            <TextLine id="r1l151" custom="readingOrder {index:150;}">
                <Coords points="1679,3304 2555,3304 2555,3262 1679,3262"/>
                <Baseline points="1690,3299 1732,3299 1775,3298 1818,3298 1860,3298 1903,3299 1946,3299 1988,3299 2031,3300 2074,3301 2117,3301 2159,3302 2202,3302 2245,3303 2287,3303 2330,3304 2373,3304 2415,3303 2458,3303 2501,3302 2544,3301"/>
                <TextEquiv>
                    <Unicode>cune affectation, non plus, dans la simpli¬</Unicode>
                </TextEquiv>
            </TextLine>
            <TextLine id="r1l152" custom="readingOrder {index:151;}">
                <Coords points="800,3309 1603,3326 1668,3322 1669,3283 800,3279"/>
                <Baseline points="811,3311 853,3311 895,3311 937,3311 980,3311 1022,3311 1064,3312 1107,3312 1149,3312 1191,3312 1234,3312 1276,3312 1318,3312 1360,3312 1403,3312 1445,3312 1487,3312 1530,3313 1572,3313 1614,3313 1657,3313"/>
                <TextEquiv>
                    <Unicode>le fait est plus saisissant dans un livre pos¬</Unicode>
                </TextEquiv>
            </TextLine>
            <TextLine id="r1l153" custom="readingOrder {index:152;}">
                <Coords points="1681,3347 2301,3360 2478,3338 2550,3367 2550,3305 1682,3305"/>
                <Baseline points="1693,3338 1735,3338 1777,3339 1820,3339 1862,3340 1904,3340 1947,3341 1989,3341 2031,3341 2074,3342 2116,3342 2158,3342 2201,3343 2243,3343 2285,3343 2328,3344 2370,3344 2412,3344 2455,3344 2497,3344 2540,3344"/>
                <TextEquiv>
                    <Unicode>cité du style: c’est le naturel parfait de</Unicode>
                </TextEquiv>
            </TextLine>
            <TextLine id="r1l154" custom="readingOrder {index:153;}">
                <Coords points="801,3351 1668,3355 1653,3320 801,3309"/>
                <Baseline points="813,3349 855,3349 897,3349 939,3350 982,3350 1024,3350 1066,3350 1108,3351 1151,3351 1193,3351 1235,3352 1277,3352 1320,3352 1362,3352 1404,3352 1446,3352 1489,3352 1531,3351 1573,3351 1615,3350 1658,3350"/>
                <TextEquiv>
                    <Unicode>thume — nous y voyons l’individu gouver¬</Unicode>
                </TextEquiv>
            </TextLine>
            <TextLine id="r1l155" custom="readingOrder {index:154;}">
                <Coords points="1688,3390 2540,3390 2540,3353 2474,3343 1689,3346"/>
                <Baseline points="1699,3378 1740,3378 1782,3379 1823,3379 1865,3380 1906,3380 1948,3380 1989,3381 2031,3381 2072,3381 2114,3382 2155,3382 2197,3382 2238,3382 2280,3382 2321,3382 2363,3382 2404,3382 2446,3382 2487,3382 2529,3382"/>
                <TextEquiv>
                    <Unicode>cet accent qui ajoute tant de gräce sohre</Unicode>
                </TextEquiv>
            </TextLine>
            <TextLine id="r1l156" custom="readingOrder {index:155;}">
                <Coords points="788,3406 974,3382 1031,3411 1526,3386 1648,3406 1677,3397 1677,3353 788,3357"/>
                <Baseline points="799,3388 842,3389 885,3389 929,3389 972,3390 1015,3390 1059,3391 1102,3391 1145,3391 1189,3392 1232,3392 1275,3392 1319,3392 1362,3392 1405,3392 1449,3392 1492,3392 1535,3391 1579,3391 1622,3390 1666,3389"/>
                <TextEquiv>
                    <Unicode>né par une puissance mystérieuse contre</Unicode>
                </TextEquiv>
            </TextLine>
            <TextLine id="r1l157" custom="readingOrder {index:156;}">
                <Coords points="1687,3426 2545,3438 2545,3385 1687,3386"/>
                <Baseline points="1698,3414 1739,3416 1781,3417 1823,3418 1865,3418 1907,3419 1948,3420 1990,3421 2032,3421 2074,3422 2116,3422 2157,3422 2199,3422 2241,3422 2283,3423 2325,3423 2366,3423 2408,3423 2450,3423 2492,3423 2534,3423"/>
                <TextEquiv>
                    <Unicode>et d’efficacité à cc petit livre que certains</Unicode>
                </TextEquiv>
            </TextLine>
            <TextLine id="r1l158" custom="readingOrder {index:157;}">
                <Coords points="786,3429 1670,3444 1670,3400 1543,3387 786,3407"/>
                <Baseline points="798,3430 841,3430 884,3429 927,3429 970,3429 1013,3429 1056,3429 1099,3430 1142,3430 1185,3430 1228,3430 1271,3431 1314,3431 1357,3431 1400,3431 1443,3431 1486,3431 1529,3431 1572,3430 1615,3430 1659,3429"/>
                <TextEquiv>
                    <Unicode>laquelle il essaie vainement de se débattre</Unicode>
                </TextEquiv>
            </TextLine>
            <TextLine id="r1l159" custom="readingOrder {index:158;}">
                <Coords points="1687,3469 2539,3478 2522,3432 1688,3425"/>
                <Baseline points="1699,3455 1740,3456 1781,3456 1823,3457 1864,3458 1906,3458 1947,3459 1988,3460 2030,3460 2071,3461 2113,3461 2154,3462 2195,3462 2237,3462 2278,3463 2320,3463 2361,3463 2402,3463 2444,3463 2485,3463 2527,3463"/>
                <TextEquiv>
                    <Unicode>regarderont sans doute comme une ceuvre</Unicode>
                </TextEquiv>
            </TextLine>
            <TextLine id="r1l160" custom="readingOrder {index:159;}">
                <Coords points="800,3485 1673,3478 1647,3432 800,3439"/>
                <Baseline points="811,3468 853,3469 896,3469 938,3469 981,3470 1023,3470 1066,3470 1108,3470 1151,3470 1193,3470 1236,3471 1279,3471 1321,3471 1364,3471 1406,3471 1449,3471 1491,3471 1534,3471 1576,3471 1619,3471 1662,3471"/>
                <TextEquiv>
                    <Unicode>comme un oiseau en cage, et c’est vrai¬</Unicode>
                </TextEquiv>
            </TextLine>
            <TextLine id="r1l161" custom="readingOrder {index:160;}">
                <Coords points="1686,3500 2524,3519 2552,3517 2553,3469 1686,3463"/>
                <Baseline points="1697,3497 1739,3497 1781,3496 1823,3496 1865,3496 1908,3496 1950,3497 1992,3497 2034,3497 2076,3498 2119,3498 2161,3499 2203,3499 2245,3500 2287,3501 2330,3502 2372,3503 2414,3503 2456,3504 2498,3505 2541,3506"/>
                <TextEquiv>
                    <Unicode>mineure de Flake — et je ne pense paz certes</Unicode>
                </TextEquiv>
            </TextLine>
            <TextLine id="r1l162" custom="readingOrder {index:161;}">
                <Coords points="797,3514 1596,3527 1675,3517 1675,3480 797,3485"/>
                <Baseline points="809,3510 851,3509 894,3508 937,3508 980,3507 1022,3507 1065,3507 1108,3507 1151,3507 1193,3507 1236,3507 1279,3508 1322,3508 1364,3508 1407,3509 1450,3509 1493,3510 1535,3510 1578,3511 1621,3511 1664,3511"/>
                <TextEquiv>
                    <Unicode>ment, ainsi que l’indique le titre, une fulte</Unicode>
                </TextEquiv>
            </TextLine>
            <TextLine id="r1l163" custom="readingOrder {index:162;}">
                <Coords points="1679,3535 2526,3563 2544,3511 1679,3500"/>
                <Baseline points="1689,3534 1731,3534 1773,3534 1815,3534 1857,3535 1900,3535 1942,3535 1984,3535 2026,3535 2068,3536 2111,3536 2153,3537 2195,3537 2237,3538 2279,3538 2322,3539 2364,3539 2406,3540 2448,3540 2490,3541 2533,3542"/>
                <TextEquiv>
                    <Unicode>à le comparer, en importance, au cyele des</Unicode>
                </TextEquiv>
            </TextLine>
            <TextLine id="r1l164" custom="readingOrder {index:163;}">
                <Coords points="791,3545 1667,3561 1667,3519 1643,3515 791,3524"/>
                <Baseline points="803,3547 845,3546 888,3546 930,3546 973,3546 1016,3546 1058,3546 1101,3546 1143,3547 1186,3547 1229,3548 1271,3548 1314,3549 1356,3549 1399,3550 1442,3550 1484,3551 1527,3551 1569,3551 1612,3551 1655,3551"/>
                <TextEquiv>
                    <Unicode>dans les tänébres, symbolique du devenir</Unicode>
                </TextEquiv>
            </TextLine>
            <TextLine id="r1l165" custom="readingOrder {index:164;}">
                <Coords points="1678,3582 2304,3597 2374,3574 2542,3600 2543,3561 1679,3536"/>
                <Baseline points="1690,3573 1732,3573 1774,3573 1816,3573 1858,3573 1900,3574 1942,3574 1984,3574 2026,3575 2068,3575 2111,3576 2153,3577 2195,3577 2237,3578 2279,3579 2321,3580 2363,3581 2405,3582 2447,3584 2489,3586 2532,3587"/>
                <TextEquiv>
                    <Unicode>Romane um Ruland (S. Fischer Verlag,</Unicode>
                </TextEquiv>
            </TextLine>
            <TextLine id="r1l166" custom="readingOrder {index:165;}">
                <Coords points="786,3598 1664,3594 1664,3556 786,3552"/>
                <Baseline points="797,3586 839,3586 882,3586 925,3586 968,3587 1011,3587 1053,3587 1096,3587 1139,3587 1182,3587 1225,3587 1267,3587 1310,3587 1353,3586 1396,3586 1439,3586 1481,3586 1524,3586 1567,3586 1610,3587 1653,3587"/>
                <TextEquiv>
                    <Unicode>humain dans ce qu'il a de plus douleureux</Unicode>
                </TextEquiv>
            </TextLine>
            <TextLine id="r1l167" custom="readingOrder {index:166;}">
                <Coords points="1682,3618 2547,3627 2547,3597 2442,3584 1683,3579"/>
                <Baseline points="1693,3612 1735,3612 1777,3613 1819,3613 1861,3613 1903,3614 1945,3614 1988,3614 2030,3615 2072,3615 2114,3616 2156,3616 2198,3617 2240,3618 2283,3618 2325,3619 2367,3620 2409,3621 2451,3621 2493,3622 2536,3623"/>
                <TextEquiv>
                    <Unicode>Berlin), par exemple —mais que je considère</Unicode>
                </TextEquiv>
            </TextLine>
            <TextLine id="r1l168" custom="readingOrder {index:167;}">
                <Coords points="792,3634 1659,3639 1659,3598 1633,3593 792,3592"/>
                <Baseline points="804,3624 846,3626 888,3626 930,3627 972,3627 1014,3628 1056,3628 1099,3628 1141,3628 1183,3628 1225,3628 1267,3628 1309,3628 1351,3628 1394,3628 1436,3628 1478,3628 1520,3628 1562,3629 1604,3630 1647,3630"/>
                <TextEquiv>
                    <Unicode>et de plus quotidien, que l’écrivain autri¬</Unicode>
                </TextEquiv>
            </TextLine>
            <TextLine id="r1l169" custom="readingOrder {index:168;}">
                <Coords points="1673,3662 2540,3668 2510,3628 1674,3616"/>
                <Baseline points="1685,3653 1727,3653 1769,3653 1811,3653 1853,3653 1895,3653 1937,3654 1980,3654 2022,3655 2064,3656 2106,3656 2148,3657 2190,3658 2232,3659 2275,3660 2317,3661 2359,3661 2401,3662 2443,3662 2485,3662 2528,3663"/>
                <TextEquiv>
                    <Unicode>comme une réussite particulièrement heu¬</Unicode>
                </TextEquiv>
            </TextLine>
            <TextLine id="r1l170" custom="readingOrder {index:169;}">
                <Coords points="793,3664 972,3695 1583,3679 1583,3642 1552,3631 793,3633"/>
                <Baseline points="803,3666 841,3666 879,3666 918,3666 956,3666 995,3666 1033,3666 1071,3667 1110,3667 1148,3667 1187,3667 1225,3667 1263,3667 1302,3667 1340,3667 1379,3667 1417,3667 1455,3668 1494,3668 1532,3668 1571,3668"/>
                <TextEquiv>
                    <Unicode>chien raconte dans son dernier livre.</Unicode>
                </TextEquiv>
            </TextLine>
            <TextLine id="r1l171" custom="readingOrder {index:170;}">
                <Coords points="1669,3692 1938,3726 2161,3704 2303,3732 2361,3706 2494,3732 2533,3725 2534,3673 1669,3671"/>
                <Baseline points="1681,3696 1723,3695 1765,3695 1807,3694 1849,3694 1891,3694 1933,3694 1975,3694 2017,3694 2059,3695 2102,3695 2144,3696 2186,3696 2228,3697 2270,3698 2312,3699 2354,3700 2396,3701 2438,3701 2480,3702 2523,3704"/>
                <TextEquiv>
                    <Unicode>Freuse dans un genre particulièrement pé¬</Unicode>
                </TextEquiv>
            </TextLine>
            <TextLine id="r1l172" custom="readingOrder {index:171;}">
                <Coords points="1161,3734 1174,3735 1178,3730 1222,3751 1248,3730 1268,3735 1323,3723 1324,3684 1313,3683 1300,3694 1287,3681 1274,3680 1256,3695 1243,3682 1210,3681 1190,3689 1173,3678 1162,3678"/>
                <Baseline points="1173,3721 1200,3720 1228,3720 1256,3721 1284,3722 1312,3724"/>
                <TextEquiv>
                    <Unicode>— — —</Unicode>
                </TextEquiv>
            </TextLine>
            <TextLine id="r1l173" custom="readingOrder {index:172;}">
                <Coords points="1677,3751 1710,3740 1726,3756 1754,3740 1774,3757 1780,3751 1787,3757 1853,3759 1852,3700 1819,3709 1802,3692 1793,3692 1784,3700 1714,3696 1701,3708 1677,3705"/>
                <Baseline points="1689,3731 1714,3733 1739,3733 1765,3733 1790,3732 1815,3732 1841,3731"/>
                <TextEquiv>
                    <Unicode>rilleux.</Unicode>
                </TextEquiv>
            </TextLine>
            <TextLine id="r1l174" custom="readingOrder {index:173;}">
                <Coords points="822,3766 877,3795 1179,3791 1284,3818 1345,3790 1691,3795 1691,3758 1575,3737 1322,3726 1227,3758 822,3739"/>
                <Baseline points="834,3781 876,3782 918,3783 961,3784 1003,3785 1045,3786 1088,3786 1130,3787 1172,3787 1215,3787 1257,3787 1299,3788 1342,3788 1384,3788 1426,3788 1469,3788 1511,3789 1553,3789 1596,3789 1638,3790 1681,3791"/>
                <TextEquiv>
                    <Unicode>J'ai déjä dit souvent ici combien l’auvre</Unicode>
                </TextEquiv>
            </TextLine>
            <TextLine id="r1l175" custom="readingOrder {index:174;}">
                <Coords points="2118,3789 2236,3826 2295,3811 2453,3810 2486,3830 2547,3809 2573,3816 2574,3785 2539,3767 2500,3780 2410,3737 2373,3754 2119,3732"/>
                <Baseline points="2130,3793 2155,3794 2180,3795 2206,3796 2231,3796 2257,3796 2282,3796 2308,3796 2333,3796 2359,3796 2384,3796 2410,3797 2435,3797 2461,3798 2486,3799 2512,3800 2537,3802 2563,3804"/>
                <TextEquiv>
                    <Unicode>Marcel BRION.</Unicode>
                </TextEquiv>
            </TextLine>
            <TextLine id="r1l176" custom="readingOrder {index:175;}">
                <Coords points="841,3865 2358,3888 2588,3846 841,3798"/>
                <Baseline points="853,3846 939,3846 1025,3846 1111,3847 1197,3847 1284,3848 1370,3850 1456,3851 1542,3853 1628,3854 1715,3855 1801,3857 1887,3858 1973,3858 2059,3859 2146,3859 2232,3859 2318,3858 2404,3856 2490,3854 2577,3851"/>
                <TextEquiv>
                    <Unicode></Unicode>
                </TextEquiv>
            </TextLine>
            <TextEquiv>
                <Unicode>TI TEU TOT U
signification essentielle.
signification.
Ces deux livres sont bien différents et
tout en prenant leur place logique dans une
Poête d’excellence, M. Alfonso Reyes ne
ceuvre qui réunit The Case of M. Cramp,
The Island within, Upstream et Midchannel
publie que de rares et brefs livres, et cha¬
ils offrent un contraste très net avec ses
que page, chaque vers devient ainsi pour
précédents ouvrages. II semble que son ta-ges lecteurs fideles et fervents une joie
lent s’apaise, se clarifie, s’ordonne dans unf somptueuse, merveilleusement élaborée, ou
ordre de contemplation plus sereine. Thel pour un instant la poèsie atteint une per¬
Golden Vase (Harpers and Brothers, edi¬
fection d’une si surprenante et si éblouis¬
teurs. New-York), offre dans une forme
sare rareté quc ces précieux chefs-d’au¬
splendide de lyrisme intime et secret unc
vre nous font atteindre tantöt le monde de
sorte de résignation devant la vie qui
diamant des idées essentielles, tantöt le
s’échappe et tout ce qu’elle entraine, l’aven¬
pur abime de l’humain. Cette poésie d’une
ture, l'amour. Ridgevale, écrivain célebre et
qualité si remarquable ne doit rien aux
vieillissant, s’inspire d’un stofcisme sou¬
systèmes ni aux partis pris; elle est la pro¬
riant qui dénoue dans une atmosphère
duction spontanée d’un esprit qui n'admet
calme et noble de crépuscule d’été, le der¬
que l’exquis, et pour lequel le phénomène
nier conflit de cceur et d’esprit. L’ample et
de la création poétique est le signe d’une
sereine harmonie de l’écriture convient ad¬
cristallisation définitive d’une émotion éter¬
mirablement à cette mélancolique histoire.
nisée en une image, précipitée dans un de ces
On retrouvera la révolte et la colère dans
sonnets, de ces #casi-sonnets n comme il les
The Last Days of Shylock (avec douze des¬
appelle qui constituent les points de repère
sins de Arthur Szyk. Harpers and Bros, édi¬
principaux dans la production récente d’Al¬
teurs, New-York). Nous retrouvons ici
fonso Reyes. Un recueil de cing poëmes éche¬
l’étonnant analyste des ämes juives et le
lonnés sur trois ans, de 1922 à 1924, mai:
parallélisme de ce roman avec Midchannel.
quels poëmes! Jamais musique plus secrêtt
par exemple, est fort significatif. L’auteur
et plus lucide à la fois n’a rempli le corpt
prend Shylock au moment ou Shakespeare
bref d’un sonnet et, si le volume n’était tir
l'abandonne, et il imagine la suite de ses
à un nombre rarissime d’exemplaires, j
aventures. Avec un autre écrivain, cela au¬
souhaiterais à tous les admirateurs d’Alfon
rait pu n’être qu'un agréable divertisse¬
so Reyes de posséder parmi leurs livre:
ment de lettré, mais le sursaut du Mar¬
d’élection les § Casi Sonetos (Ediciones di
chand de Venise contre la socfeté véni¬
Poesia, Paris). Par contraste, mais en de
tienne, la flamme de rancune et de haine
meurant toujours dans le royaume de l’ex
qui le dresse en lutte ouverte désormais,
cellent, il faut lire après ces joyaux d’une
en font un plaidoyer véhèment et farouche
intelligence éblouissante, La Saeta (Villat
— la plaidoirie qui lui aurait peut-être fait
Boas, editeur, Rio-de-Janeiro), ou vibren
gagner son procès devant le Tribunal de la
les échos de processions sévillanes, avec
Seigneurie..
l’éclat des cierges et des ors, la douleut
des Christs sanglants, et les g sactas v.
lancées comme des sanglots ou des cris
Lorsque nous avons appris, il y a peu
d’extase à travers la nuit vers les Madones
de jours, la mort d’Arthur Schnitzler, nous
pämées sous leurs biicux et leurs brocarts.
avons salué avec chagrin le départ d’un
Prose de ténèbres et d’éclairs, qu'accom¬
homme qui, quoique jeune encore, repré¬
pagnent les illustrations de José Moreno
sentait déjá un des éléments défunts de
Villa, et ou triomphe encore l’incontes¬
’Europe. II y avait quelque chose d’ana¬
table maitrise d’Alfonso Reyes.
chronique dans ses derniers livres, tant i!
était resté l’interprête de la vieille Autri¬
che, si proche et si lointaine à la fois, le
peintre de la Vienne d’avant guerre, au sou¬
C’est une difficile épreuve, pour un éeri¬
venir de laquelle son nom restera toujours
vain, que d’écrire un livre destiné aux en¬
attaché. Schnitzler ne s’était guère drenou¬
fants, et les plus célèbres souvent y ont
velé n et nul ne pensait à le lui reprocher: échoué. M. Otto Flake, qui est un roman¬
il y avait dans tous ses livres une psycho¬
cier de grand talent et de grande renommée,
logie délicate qui mariait l’ironie et la ten¬
vient de s’y essayer avec süccès, et sa
dresse, une sorte de philosophie de la vie
Christa (S. Fischer Verlag, Berlin), est une
désabusée qui se trahissait par un sourire
des meilleures réussites dans ce genre.
sceptique et doux, et dont il dotait tous
Nous assistons dans ce livre au développe¬
ses personnages, indolents, velléitaires, ca¬
ment d’une petite fille, durant ses six pre¬
pricieux, capables de passer sans effort de
mières années — aurons-nous la suite? une
la légèreté au tragique, selon les vicissi¬
enfant d’aujourd'hui, d’après guerre, et
tudes que la vie leur imposait.
il y a quelque chose d’épique presque
dans cette histoire contée avec tant
— — —
de délicatesse et d’amour. Otto Flake a
Son cuvre de romancier, de conteur et#tres bien exprimé ce mélange de vie réelle
et de merveilleux qui fait le fond de toute
d’auteur dramatique est considérable, con¬
existence enfantine; les forêts des contes
sacrée tout entière à la description des
sont aussi familières à la petite Christa
menucs joies, des menues émotions et des
que les montagnes tyroliennes qui servent
menus drames qui constituent l’ezistence
de cadre à son enfance, et les gnomes et
quotidienne, et il y avait chez lui un réa¬
les enchanteurs des légendes sont ses amis
lisme sans brutalité, nuancé de poésie qui
aussi bien que les animaux de la basse-coun
donnait à tout ce qu’il écrivait un accent
ou du bois. C’est un livre d’enfant et en
de verité lyrique qui lui était très parti¬
mème temps un livre pour enfant, non que
culier. Ce sens du destin, à la fois intérieur
l’auteur se mette à la portée — ce qui est
et extérieur à l'homme, qui domine l’exis¬
toujours si maladroit et si inutile —; il re¬
tence de tous les personnageseschnitzlériens,
crée, plutôt que le décor et les événements,
apparait une fois de plus dans Flucht in die
l'atmosphère enfantine qui seule donne de
Finsternis qui vient de paraitre aux éditions
la vie et de la beauté à pareils livres. Au¬
S. Fischer, de Berlin. Une fois de plus — et
cune affectation, non plus, dans la simpli¬
le fait est plus saisissant dans un livre pos¬
cité du style: c’est le naturel parfait de
thume — nous y voyons l’individu gouver¬
cet accent qui ajoute tant de gräce sohre
né par une puissance mystérieuse contre
et d’efficacité à cc petit livre que certains
laquelle il essaie vainement de se débattre
regarderont sans doute comme une ceuvre
comme un oiseau en cage, et c’est vrai¬
mineure de Flake — et je ne pense paz certes
ment, ainsi que l’indique le titre, une fulte
à le comparer, en importance, au cyele des
dans les tänébres, symbolique du devenir
Romane um Ruland (S. Fischer Verlag,
humain dans ce qu'il a de plus douleureux
Berlin), par exemple —mais que je considère
et de plus quotidien, que l’écrivain autri¬
comme une réussite particulièrement heu¬
chien raconte dans son dernier livre.
Freuse dans un genre particulièrement pé¬
— — —
rilleux.
J'ai déjä dit souvent ici combien l’auvre
Marcel BRION.
</Unicode>
            </TextEquiv>
        </TextRegion>
    </Page>
</PcGts>
