3484 4224
306 178 1122 276 36. Flucht in die
1170 184 1683 284 Finsternis
1863 193 2239 289 box 6/3
727 206 1583 291 #e In die Fnstern.
229 1043 385 1247 Wend
251 1493 471 1595 LT
475 1730 3184 1819 Mit unerbittlicher Folgerichtigkeit malt er keit dem Fremden. Seine Nervosität steigert milienkreis einlädt, ist Roberts überzeugung
209 1660 485 1848 nsternis.
479 1795 2271 1860 den geistigen Untergang eines hochbegabten sich, so daß ihn sein Bruder und sein Freund
2255 1809 3181 1861 von des Bruders Mörderabsicht so zur
210 1828 383 1895 Werk.
457 1831 2275 1903 Ministerialbeamten den das Schicksal eines Dr. Leinbach auf etliche Wochen zur Erho¬
2262 1847 3187 1922 Zwangsvorstellung geworden, daß er am
223 1886 2272 1950 Tages in den dunklen Bezirk von Zwang# lung an die Adria senden. Mit der Rückkehr
2254 1887 3187 1958 selben Tag seine Braut unter lügenhaften
437 1931 2269 1979 *Thorstellungen jagt und den seine Furcht, sein Roberts nach Wien beginnt die Novelle.
2268 1940 3186 2015 Vorspiegelungen zur Flucht in ein kleines
196 1945 2269 2035 etzte Arbeit, Bruder könnte sein Mörder werden, selbst Augenblicke seelischer Harmonie wechseln jäh
2268 1983 3175 2045 Gebirgsnest überredet. Am Abend sollen sie
202 1993 2277 2072 isternis in zum L#udermörder werden läßt. Zwischen mit grausen Vorstellungen, er habe Alberta
2257 2025 3183 2101 sich am Bahnhof treffen. Die Angst jagt
215 2038 2273 2123 *Herz diesen Robert und seinem älteren Bruder Otio, im Walde bei der letzten Unterredung er¬
188 2073 491 2135 raphen wer¬
2262 2066 3184 2122 Robert jedoch schon am Nachmittag in die
464 2091 2263 2161 einem Arzt, bestehen seit früher Jugend inmordet, ja, er habe auch seine F au ver¬
2254 2112 3190 2176 Ferne, Paula solle ihm mit dem Abendzug
205 2122 2273 2188 lers Unter¬nige seelische Bande. Robert glaubt das giftet. Geheime, unterbewußte Wünsche neh¬
2254 2162 3180 2236 nachreisen. Daß Paula, der die überreizung
188 2159 2272 2248 Movelle, der Verhältnis von Bruder zu Bruder „nicht men in seinem Geist Gestalt und Gewalt
209 2209 504 2264 und Tod
2255 2195 3169 2256 Roberts Entsetzen einja# Otto von der Ab¬
467 2226 2259 2286 nur für sich als den besten und reinsten Ge¬ von Tatsachen an. Die harmlosesten Reden
2252 2245 3163 2299 reise des Bruders verständigt und daß an
196 2240 1372 2328 ermögen als winn seines Daseins, sondern auch im all¬
1363 2275 2258 2327 und Gesten des Bruders, der Freunde er¬
2256 2283 3177 2349 ihrer Stelle Otto dem Kranken nachreist, ist
215 2303 3168 2390 r Einblick in gemeinen Sinn als das einzige von natür= wecken in Robert den Wahn, daß man ihn selbstverständlich. Und nun spielt sich die
225 2342 498 2413 Schnitzlers
471 2360 3166 2433 lich gesicherter Beständigkeit zu erkennen“. für verrückt halte. Er flüchtet in ein ein= Tragödie in einer furchtbaren Szene ab.
459 2390 3165 2482 Vor Jahren machte er mit seinem Brieder maliges erotisches Erlebnis mit einer jun= Otto tritt in Roberts Zimmer im Gasthof
186 2413 3172 2509 er der Mund und einem Leutnant einen fröhlichen Aus=gen Witwe, aber auch da meldet sich bald der kleinen Alpenstadt und sucht beruhigend
199 2465 1383 2556 ersten Arbeit flug in den Prater, wobei der Leutnant in
1366 2488 2254 2548 die Angst. ob sie nicht auch sein Opfer ge¬
2254 2510 3175 2575 auf ihn einzusprechen, wobei er ihm Paulas
216 2522 489 2582 g getan hat.
471 2529 1382 2592 überschäumender Lebenslust der Lauteste
1362 2538 2257 2597 worden sei. Nun verlobt er sich mit einem
2259 2554 3174 2616 Ankunft mit dem Morgenzug ankündigt.
202 2571 1382 2635 ßten Künder und Lustigste gewesen ist. Wenige Wochen
1357 2581 3178 2652 infolge Defrandation des Vaters verarmten] Doch Robert mißversteht die zärtliche Geste
201 2605 481 2679 hem anderen
471 2621 1381 2676 später war er dem Wahnsinn verfallen.
1357 2612 1744 2698 Mädchen Paula.
2248 2640 3181 2711 Ottos und schießt ihm eine Kugel ins Herz.
233 2659 477 2718 so unver¬
473 2670 1373 2722 Dieser Tag. ist für Roberts Dasein ent¬
1417 2652 2261 2728 Otto, der set langem das seltsame Be¬
2247 2680 3176 2731 worauf er ins Freie flüchtet, sieben Stun¬
188 2697 487 2762 nd erfühlten
467 2712 2273 2774 scheidend. Ihn selbst quälen seit dieser Zeit nehmen des Bruders mit geschickt verhehlter
2251 2727 3188 2807 den dahinrast und schließlich durch Absturz
182 2741 2262 2818 dvor allem Angstzustände, daß auch er plötzlich in eine Besorgnis betrachtet, sieht in dieser Ver¬
2249 2766 2599 2836 den Tod findet.
216 2787 1374 2861 Das süße Irrenonstalt gebracht werden könnte und
1359 2798 2259 2857 lobung das beste Heilungsmittel für Robert.
2299 2794 3177 2879 Das Schlußwort gibt Schnitzler dem
178 2804 1372 2900 echerin, das dort das grauenvolle Dasein der Irren tei¬
1352 2852 2255 2911 Trotz allem steigert sich der parapathische
2252 2853 3171 2923 Freund Roberts, dem Dr. Leinbach, der in
190 2874 1370 2940 Das von Reiz len müßte. Er bittet seinen Bruder, ihn ge¬
1361 2893 2264 2952 Zustand Roberts. Er ahnt Ottos Unruhe,
2246 2901 3168 2973 sein Tagebuch schreibt: „Mein armer Freund
199 2921 2260 2995 hnitzter lange gebenenfalls mit Gift schmerzlos zu töten, fürchtet, dieser könnte jetzt von der ihm einst
2250 2946 3161 3008 hat an der fixen Idee gelitten, so heißt es
206 2960 479 3023 Psychologen
468 2979 3170 3069 und gibt ihm auch schriftliche Vollmacht schriftlich überreichten Erlaubnis, den Bru= ja wohl, daß er durch seinen Bruder sterben
191 2984 2252 3068 wvergeßlichen hierzu. Jahre vergehen. Robert heiratet, der sanft hinwegzuräumen, Gébrauch ma¬
2240 3028 3173 3102 müsse; und der Gang der Ereignisse hat
196 3041 478 3112 liefent. Den
459 3050 2255 3117 seine Frau stirbt nach wenigen Jahren undschen und verlangt jenen Brief zurück. Otto
2250 3079 3157 3143 ihm am Ende recht gegeben. Wie es allmäh¬
192 3090 488 3152 bewußt aus¬
464 3108 3170 3182 er knüpft ein Verhältnis mit Alberta an. willfahrt der Bitte, doch Robert ist bereits lich dahin kommen sollte, hatte er freilich
194 3135 2252 3214 unten dem Eines Tages, am Vierwaldstättersee, glaubt in jenes Studium des Wahns getreten, in
2237 3160 3167 3229 nicht vorauszusehen vermocht. Aber die
202 3183 3167 3254 bedeuten.  er zwischen ihr und einem Amerikaner ein dem der Kranke alle anderen für verrückt Ahnung war in ihm gewesen, das läßt sich
209 3232 3166 3283 Finsternis“geheimes Einverständnis zu bemerken, gibt und sich gegenüber feindlich eingestellt hält. nicht abstreiten. Und was sind Ahnungen?
196 3264 3171 3382 sseiner Kunst. sie frei und überläßt sie aus verletzter Eitel= Als Otto ihn und Paula zu sich in den Fa¬ Doch nur Gedankenfolgen innerhalb des
