3484 4224
360 26 1201 96 Fuite dans les Ténèbres se caractérise,
322 79 1187 123 comme toutes les nouvelles de Schnitzler,
326 123 1198 177 par la beauté stricte et accomplie de la
327 163 1199 229 forme, par une observation complète et sans
314 216 1183 286 défaut de la vie, ettout l’effort de l’écri¬
319 269 1185 324 vair: tend à nôter dansktous ses stades mys¬
325 307 1195 375 térieux une éclipse morale, qui va s’as¬
315 355 1062 422 sombrissant jusqu'à l’issue tragique.
352 405 1199 468 Le sujer? II est fort simple: c’est le
311 442 1202 513 declin d’un haut fonctionnaire, qui, arrivé
309 504 1193 566 moralement et „sychiquement à la limite
322 550 1187 613 de ses forces, prend un congé pour se ré¬
320 592 1187 660 tablir, mais sombre peu à peu dans la fo¬
312 623 1198 716 lie, essaie de lutter, n’y arrive pas, puis,
304 669 1201 747 assiégé par dés imaginations de plus en
309 735 1198 797 plus démentes, se laisse aller à son destin
306 782 1196 855 comme un navire, après avoir lutté contre
311 833 1193 901 la tempéte, se laisse couler dans les Hots.
308 878 1191 957 Et il entraine son frère dans l'abime: ce
301 918 1188 997 frère, qui l'aimait pourtant et qui s’occu¬
310 986 1182 1036 pait tendrement de lui, il le prend en
304 1033 1196 1095 grippe, le considère comme un homme sans
301 1088 1197 1165 cceur, comme un rival dangereux, et il le
313 1125 420 1180 tue.
354 1139 1186 1230 On le voit: rien de recherché. rien de
307 1206 1196 1284 fantastique dans l'affabulation. Ce qui fait
309 1271 1193 1333 la valeur et l’intérêt du livre, c’est son
300 1304 1197 1378 contenu. Et, d’ailleurs, dans les cuvres
306 1369 1195 1435 vraiment grandes, quelle est l'’importance
310 1406 1184 1477 du sujet? Déjà, dans de précédents ou¬
305 1460 1183 1519 vrages (en particulier dans Magemoiselle
296 1514 1190 1569 Eise), Schnitzler avait traité des thèmes
294 1557 1188 1610 analogues avec un art magistral. Mais, cette
291 1605 1189 1674 fois, il vraiment atteint les sommets que
304 1659 1198 1717 l’on ne dépasse pas Le récit de cette lente
295 1703 1179 1768 et implacable évolution qui, d’une base psy¬
308 1748 1189 1818 chique normale, tend à une existence de
293 1794 1187 1864 plus en plus perdue dans les nuées vagues,
301 1849 1191 1919 crépusculaires et chimériques de la folie
303 1900 1192 1962 grandissante, avec, de temps en temps, un
301 1949 1183 2010 rappel de la réalité heureuse, un retour au
292 1995 1182 2053 bon sens, un réveil, mais un rappel, un
300 2040 1197 2114 retour, un réveil de moins en moins longs
304 2092 1189 2156 et, pour finir, la chute dans la démence to¬
290 2126 1189 2203 tale — ce récit est poignant et presque phy.
301 2199 1195 2247 siquement douloureux, à force de vérité et
297 2238 1196 2299 de puissance. Gar il est tout en contrastes
304 2271 1193 2337 et soumet le lecteur, pour ainsi dire, à une
307 2331 1184 2392 douche écossaise littéraire. Ces successions
302 2373 1193 2440 d’ombres et de lumieres, de désir joyeux
309 2429 1191 2483 st franc de profiter de la vie et de sombres
303 2473 1193 2535 maginations, soupconneuses à l’égard de
310 2520 1193 2580 tout le monde, de douceur du souvenr et
310 2575 1184 2632 1’oppression désespérée, de bonheur er de
298 2618 1182 2678 neurasthénie aigué, d’optimisme et d’épon¬
297 2670 1188 2726 vante à l’idée de glisser dans les u téne¬
304 2705 1191 2777 ores n sans pouvoir se retenir : telle est
309 2762 1181 2832 'atmosphère contrastée et double de ce
304 2814 1186 2866 dernier livre de Schnitzler, qui, au moins
298 2861 1173 2926 du point de vue de la construction litté¬
290 2911 1178 2980 raire, de l’exposition et de la gradation,
298 2961 1190 3025 est sans doute ce que l'auteur a écrit de
296 3004 563 3078 plus parfait.
688 3075 776 3161 „
337 3153 1179 3249 II faut souhaiter que Fuite dans les Té¬
298 3228 1178 3293 nebres trouve bientôt un traducteur. Ar¬
295 3278 1187 3335 thur Schnitzler est trop peu connu chez
306 3329 1186 3385 nous, et cette cuvre ultime est une des
296 3370 1182 3443 plus représentatives de son talent. Elle
300 3414 1192 3490 rend un son étrange, comme d’un adieu à
309 3461 1194 3530 une vie plus beile, qui appartient désormais
296 3525 1190 3586 zu passé, et à une Autriche qui n’existe
298 3574 1175 3637 Nus que dans I'histoire, et elle est, en quel¬
298 3610 1174 3690 jue sorte, une pieuse pelletée de terre ar¬
302 3664 1181 3728 istique sur la tombe d’une époque qui in¬
305 3700 1181 3779 arnait Arthur Schnitzler et qui a perdu
314 3764 1203 3827 wec lui son dernier grand témoin et son
310 3808 820 3887 lernier grand romancier.
952 3834 1146 3930 R. H.
1067 3889 1185 3986 G
1656 58 1889 133 lucht
2067 56 2147 136 d
2269 59 2750 136 Finsternis
1399 52 2752 159 36. F. in 1e
2973 53 3305 152 box 6/3
