3532 4224
546 93 967 166 Flucht in
967 97 1126 168 die
1195 97 1639 173 Finsternis
1854 104 2253 189 box 6/3
314 106 1697 222 36. Flucht in densseinas
1146 715 1239 788 —
560 735 1391 822 OSSERVER
579 811 1284 869 I. österr. behördl. konzessioniertes
543 834 1338 925 Unternehmen für Zeitungs-Ausschnitte
587 899 1293 985 WIEN, I., WOLLZELLE 11
690 963 1185 1022 TELEPHON R-23-0-43
478 1093 882 1180 Ausschnitt aus:
458 1285 1345 1373 du Journal: National Zeitung Adend.
1001 1385 1197 1467 Basel
751 1468 1321 1593 RRTHRRT
3116 1630 3271 1707 —.
444 1662 1475 1744 Arthur Schnitzlers letztes Werk.
1468 1664 3403 1753 Werke in Verfeinerung des Geistes und der Nerven fdition, verlassen von allen guten Geistern u
1480 1706 3401 1785 gültige Zeugen sind einer Kullur, deren Untergang gläubig, sehr fern den Menschen gegenüber,
433 1717 1494 1801 Arthuf Schnitzler: Flucht in Finsternis. No¬
1483 1756 3404 1833 man nachtrauern mag bei allem Bekennen zur Zu- den Kräften der Vergangenheit ihnen Schätze
538 1765 1292 1848 Felle. (S. Fischer, Verlag, Berlin.)
1475 1788 3410 1867 kunft. Zu einer Zukunft, da nicht mehr die schreiende] Formung darreichen. Während nun diese Situa
502 1813 2527 1897 Is ist etwas Seltsames um dieses Buch. cEine me- Not das Ohr taub macht für Klänge von so stillem
2504 1838 3424 1901 (Leibhaltigenz vom Aspekt des unkämpferische
1490 1862 2517 1927 und faszinierendem Reiz, wie sie Schnitzler anzustim¬
448 1870 1487 1930 dizhische Studies, denkt man zunächst, nicht sonderlich
2504 1871 3413 1942 schen des Untergangs aus erfasst wurde, von d
1489 1892 2513 1965 men vermochte. Der zum mindesten immer als Re¬
454 1908 1503 1956 Inferessiert. Denn was sollen uns in der jetzigen Not¬
2511 1913 3421 1986 kein Blick in eine Weiterentwicklung der Kul
1482 1932 2521 2015 präsentant seiner Epoche, des Wienertums seinen Rang
440 1945 1490 2010 zeit, da ganz andere Probleme in den Seelen breunen,
2513 1955 3415 2019 stattet ist, sehen wir im -Zentaurs eine Jug
1476 1970 2130 2042 unter den Besten behaupten wird.
2339 1986 2496 2055 N. P.
448 1989 1494 2046 die noch so detailliert dargelegten Irrgänge ausbre¬
2508 1998 3410 2058 dieser Epoche stehen, die menschliche Eigenkrä
439 2009 1503 2091 chenden Wahnsinns? Die Angelegenheit des Herrn
2503 2032 3397 2093 wickelt, die sich gegen den Verfall wehrt. Ob
437 2054 1490 2125 Sektionsrat Robert ... bleibt trotz der geflissentlich
2499 2066 3402 2131 folg, zu welchem Ende? Das wissen wir aus
1477 2079 1915 2168 Der Zentaur.
439 2100 1492 2178 gewährten Anonymität doch nur ein Einzelfall von
2505 2108 3407 2168 Buche nicht. Wenn wir es aus uns wissen —
438 2145 1307 2209 durchaus nicht symptomatischer Bedeutung.
2512 2145 3407 2217 so, dann wenden wir uns an diese jungen Me
1477 2156 2517 2241 Frank Thiess: Der Zentaur. (J. Engslhorns Nachf.
509 2169 1489 2242 Trotzdem liest man weiter, um bald vollkommen
2498 2182 3418 2259 je nach unserer Veranlagung mit unseren Ziel
1565 2198 1806 2269 Stuttgart.)
439 2202 1503 2295 eingesponnen zu sein von jener bestrickenden herb¬
2491 2219 3408 2290 Programmen, oder aber wir empfinden jene
1532 2236 2508 2313 Mit diesem Roman ist das vierbändige epische Werk
438 2260 1491 2312 süssen Melodik des Wiener Zauberers, von dieser 8o
2498 2262 3422 2325 Verwandtschaft, jene Verbundenheit mit ihnen,
1480 2282 2511 2357 =Jugends des Dichters abgeschlossen, das den Weg der
439 2294 1478 2354 stillen und doch so unendlich feinen, fast schmerzhaft
2504 2294 3417 2371 Dichter immer wieder dazu treibt, sich mit ihn
1482 2333 2513 2387 Jugend in die Welt gestaltet. Der -Zentaurs unter¬
2507 2334 3413 2405 einanderzusetzen. Sicher aber ist in, diesem
435 2335 1488 2401 zarten Kunst, die behutsam die Fäden der Handlung
1481 2376 2505 2428 scheidet sich von dem voraufgehenden Roman-Der
446 2374 1480 2433 webt und gleichzeitig die Charaktere der Helden ent¬
2505 2373 3414 2440 noch nichts entschieden über das Wohin. Wenn
1478 2405 2505 2476 Leibhaftiges vor allem darin, dass hier versucht wird,
443 2414 1492 2467 wickelt. Die lächelnd und wehmütig noch einmal das
2493 2410 3420 2476 heutiger Jugend Kreise gibt, die diesee Wohin#
1474 2452 2498 2512 einen positiven Weg des jungen Menschen in die Zu¬
2499 2451 3411 2510 dann misstraut ihnen und ihren #framme
434 2453 1479 2512 Lied von Sterben und Vergeben anstimmt, die in
1477 2490 2497 2545 kunft aufzuzeigen, während dort noch das restlose Ver¬
440 2487 1486 2544 bitter-unerbittlicher Ironie die Handlung der Kata¬
2498 2485 3419 2552 Dichter offenbar zu sehr, als dass er Hite Auf
1482 2535 2502 2588 sagen des aus allen Bahnen der Tradition geworfenen
441 2528 1475 2595 strophe zutreibt, zum erschütternden tödlichen und
2505 2530 3414 2595 in sein Bild von dieser Jugend gerecht“irtigt
1477 2569 2508 2632 Nachkriegsmenschen, seine bedingungslose Kapitula¬
2497 2573 3403 2626 (Politische Programme rechts und links,denen
438 2569 1237 2640 doch eigentlich sehr lächerlichen Ende.
1465 2593 2496 2669 tion in ein hemmungsloses, nur am momentanen Be¬
2500 2603 3405 2664 Gestalten anhangen, bleiben belanglos.) Was i
508 2614 1480 2673 Schnitzler greift widerum ins Gebiet des Unbe¬
1477 2642 2511 2706 dürfnis der Lustbefriedigung gemessenes Leben Vor¬
2495 2644 3419 2704 gelungen ist, wiederum mit seiner bekannten
433 2651 1479 2724 wussten, in jenes Reich, da die Ahnungen herrschen,
1474 2678 2494 2738 wurf psychologischen Erfassens war. So wenig wir da¬
2495 2669 3419 2754 und sauberen Klarheit zu gestalten und unverge#
433 2693 1475 2758 und sucht ihre emetaphysische Logik, darzulegen, ihre,
1473 2719 2493 2775 mals zu überzeugen waren, dass diese Generation der¬
2499 2723 3394 2791 bildhaft in einer eindeutig epischen Sprache
429 2727 1472 2794 die menschlichen Geschicke lenkenden Gesetze zu er¬
1479 2755 2502 2817 massen und eindeutig dem Leibhaftigen verfallen war,
2498 2758 3422 2832 wärtig zu halten, das ist die Schwere, aber aug
432 2766 1478 2834 gründen. Dass ihm dies gelingt, dass er schliesslich
1481 2789 3413 2859 so weuig will es uns aber auch einleuchten, dass in Grösse des Entschlusses dieser Menschen, sich
433 2802 1475 2884 ein pathologisches Schulbeispiel in höhere Regionen zu
1480 2832 2496 2890 diesem Schlussband, wie uns versprochen wird edie
2501 2841 3411 2917 scheiden, nicht aber — von wem immer — übe
429 2836 1475 2928 erheben vermag, das gibt seinem Buche auch den
2498 2869 2953 2942 entscheiden zu lassen.
1473 2866 2500 2928 geistigen und religiösen Zielpunkte unserer Jugend zu
423 2879 859 2953 menschlichen Wert.
1472 2910 2499 2976 erkennens seien. Das aber ist das Positive an diesem
2526 2917 3402 2983 So seltsam es für diese Kritik klingen mag
494 2920 1488 2987 Seine künstlerischen vorrüge aber lassen sich nicht
1470 2947 2497 3003 Werk, diese Zielpunkte werden auch nicht aus eine¬
2490 2947 3407 3025 all dem ist eigentlich nur der Hintergrund des
437 2947 1482 3027 in Worte fassen. Man zerstörte das Schwebende, das
1471 2991 2498 3033 der weltanschaulichen Rüstkammern der Vergangen¬
2489 2992 3406 3061 haften Geschebens dieses umfangreichen Werk
441 2995 1483 3067 Unsagbare und doch in jenem scheinbar so gelassenen,
1476 3024 2493 3086 heit hervorgeholt und vorzeitig als die der Jugend
2491 3039 3416 3101 fasst. Der Flieger Almquist, der Held des Roman
436 3041 1475 3111 innerlich so vibrierenden Stil Gesagte, jenen Duft von
1472 3057 2488 3120 aufgezeigt, in ihr Dasein und Handeln anmasslich hin¬
2494 3076 3407 3137 Vordergrund, gehört gar nicht dieser Jugend al
436 3080 1486 3152 lächeind-wehmütigem Wissen und skeptischer Erotik,
1470 3100 2489 3154 eininterpretiert. Vielmehr ist es doch so, dass hier
2497 3113 3410 3179 ist ein Einsamer, der sich durch unendlich sc
426 3120 2495 3188 von alter Kultur von etwas weichlicher, ja, und trotz- noch einmal das Thema des eLeibhaftigens aufgegrif¬
2488 3150 3416 3213 Widerstände schliesslich zum Helden seiner Zeit
436 3153 2497 3238 dem bestrickender Verführung, um deretwillen wir ien wird — das Thema der ganzen Tetralogie übrigens
2487 3188 3400 3258 ringt — zum Helden dieser Jugend, die sich an
432 3195 3402 3257 Schnitzler liebten als Zeugen einer versinkenden, viel-]—: junge Menschen in dieser unserer Zeit des Ueber-klaren Härte dem Leben gegenüber schuli, ihr
422 3230 3414 3329 leicht schon für immer versunkenen Zeit. Deren besie I ganges, der zerstörten Werte, der zerrissenen Tra-Ilinien abgewinnen will für ihr eigenes Verhalten
