3484 4224
530 148 872 227 lucht 1
969 160 1042 230 d
1153 154 1642 232 Finsternis
284 151 1639 259 36. K.  6    en aen
626 555 901 660 Journa 1
618 617 1029 726 Martienburg
952 713 1269 797 hov 1-31
557 769 1018 874 England'e Restoration
596 835 1268 924 England of the Restoration Is
561 871 1282 981 presented in Arthur Brraßt's =King
568 911 994 991 Charles ihe Second.“
581 953 1334 1052 Charles in the tempestuous dayel#
539 1009 1274 1096 sof exile, Charles as king, maintain¬
531 1054 1270 1124 ing a delicate balance of control
561 1079 1261 1159 over the country, forms the core of
1252 1111 1289 1170 2
553 1103 1264 1198 the book, around which Bryant
548 1140 1259 1240 builds the details of the restoration
546 1183 721 1257 perlod.
583 1220 1281 1330 Throushout the story are found
544 1269 1165 1343 evidences of Pepys’ notations.
567 1306 1259 1394 An important book of the week is
540 1343 1248 1433 Arthur Schnitzler’s Flight Into
540 1376 1235 1465 Darkness.“ Schnitzler writes graph¬
528 1409 1240 1497 ically of a man’s descent into mad¬
536 1451 1245 1536 ness. The book is psychologically
541 1495 1253 1582 clear, and tells a story that holds
539 1533 1118 1609 cue with morbid faseination.
557 1571 1231 1649 Also published this weck# are
537 1610 1225 1686 Galsworthy’s new play,“ The Loof:“
540 1646 1235 1739 Roosevelt in the Rough,“ by Jack
529 1666 1234 1764 Willis; and "Enterprise,“ by Harold
513 1722 819 1786 S. Vanderbilt.
440 2159 693 2255 Herald
424 2229 771 2317 Passaie h
576 2306 906 2394 Nov 4-31
395 2377 1357 2471 New Tork—In striking commemoration, a week
386 2451 1351 2508 or so after the death of Arthur Schnitzler, Aus¬,
378 2508 1344 2558 trian novelist and dramatist comes the publica¬
376 2548 1272 2597 tion of his last novel, Flight Into Darkness.“
403 2583 1336 2633 Schnitzler spreads bare before us the later life
373 2610 1346 2690 and thoughts of a man who Is afrald of going
368 2661 498 2711 mad.
401 2668 1338 2743 The storg begins when Robert senses the
378 2727 1343 2778 shadow of a mental disturbance. He notices that
371 2765 1345 2817 his left ed droops lower than the right, and
372 2812 1304 2856 fears that th. is a symptom of mental disease.
397 2842 1325 2894 Through the complexities of self-doubt and
366 2879 1331 2928 slackening mental control, and through a labyrinth
356 2921 1336 2980 of introspection, Schnitzler traces Robert’s gradual
357 2955 608 3010 breakdown.
392 2979 1337 3047 Early in life, after brooding over a friend’s
364 3031 1331 3073 insanity, Robert had given his brother Otto a
359 3070 1344 3119 document authorizing Otto, a physiclan, to kill
348 3106 1330 3143 him painlessly, should he show signs of madness.
400 3146 1340 3188 When the terror actually begins to close around
349 3181 1339 3245 him, Robert develops a dread that Otto will carry
346 3220 707 3269 out this request.
400 3231 1333 3295 Robert becomes more abnormal, in action and
359 3273 1332 3353 reasoning. Realizing this, and no longer wishins
349 3332 1328 3385 to die if he becomes insane, Robert’s fear that
355 3369 1315 3435 Otto will kill him grows into e persecutlon¬
353 3401 526 3459 mania.
385 3424 1328 3490 The dark and fantastic powers of this mania
353 3478 1332 3538 press him to desperation, and carrz him on to a
341 3523 1149 3568 climax that is superb in its inevitability.
402 3556 1323 3600 Flight Into Darkness“ is a masterful psy¬
354 3588 1327 3630 chologieal study. Schnitzler’s clear, simple style
344 3641 1326 3676 and his naturalness of approuch alse create a
349 3668 1322 3716 story that grips attention. Though a short novel,
341 3707 1007 3769 the book is dramatically intense.
340 3758 520 3825 FINIS
394 3793 1325 3863 In its penetration into a man’s character and
346 3847 1318 3888 mind, its clear presentation of a subtle and in¬
359 3888 1315 3933 volved situation“ and its highly sustalned interest,
345 3921 1315 3977 Flight Into Darkness,“ stands as a worthy final
350 3962 901 4016 mark of Schnitzler’s fame.
1718 718 1883 815 N00
1622 853 2284 927 An important book of the week
1586 897 2273 972 Is Arthur Schnitzler’s Flight Into
1593 949 2279 1022 Darkness.“ Schnitzler writes graph¬
1583 998 2268 1062 ically of a man’s descent into mad¬
1587 1035 2262 1107 ness. The book is psychologically
1582 1068 2271 1162 clear, and tells a story that holds
1577 1114 2149 1205 Ione with morbid faseination.
1609 2047 1881 2119 Freenan
1613 2103 2063 2179 Naukesha nis
1818 2146 2114 2229 Nov 5-31
1659 2188 2186 2277 Manhattan Side-Show“
1606 2238 2248 2319 Konrad Bercovici (Century)
1608 2290 2302 2360 filled with great names but it is
1603 2335 2297 2398 mediocre alongside some of the
1614 2369 2052 2427 author’s other work.
1649 2406 2287 2463 Sins of America—As Exposed
1603 2423 2289 2517 by the Police Gazétte, by Edward
1603 2475 2285 2551 Van Every (Stokes), is a com¬
1599 2524 2296 2585 panion volume to Sins of New
1606 2566 2282 2640 York.“ Thomas Beer does the in¬
1604 2596 1839 2658 troduction.
1626 2639 2277 2705 New York reviewers are cheer¬
1606 2684 2291 2762 ing lustily for Clemence Dane’s
1609 2717 1933 2778 Broome Stage.“
1625 2745 2281 2816 Simon & Schuster have just
1596 2775 2283 2857 brought out Artheer Schnitzler’s
1589 2811 1997 2891 last short novel,
2008 2837 2286 2909 #ight Into
1586 2855 1836 2918 Darkness.“
1622 2883 2283 2967 Robert Ripley’s second"Bélieve
1578 2919 2279 3013 It or Not“ book is not as interest¬
1568 2962 1930 3053 ing as the firet.
2665 1246 3137 1319 H.IVANK TTuha) 2087
2550 1308 3283 1397 Thursdav. Nou#raner J. 1931
2651 1380 2747 1490 □
2823 1407 3127 1494 ——
2560 1514 3228 1611 eunmmminmimmuchtinmummmintmminmmilchlimi
2785 1584 3023 1682 THE
2621 1678 3072 1774 LITERAT
2592 1759 2802 1850 CU
2889 1756 3051 1856 EDC
2692 1880 2849 1947 By WA
2590 1925 3255 2011 NEW YORK.—In striking ccm¬
2552 1980 3003 2067 mnemoration, a week
3179 1997 3255 2058 ter
2560 2036 3008 2108 the death of Arthur
3118 2048 3258 2132 itzler,
2539 2096 3016 2178 Austrian novelist and
2548 2155 3261 2240 comes ihe publication of his last
2547 2220 3168 2278 novel, Flight Into Darkness.“
2586 2266 3266 2337 Schnitzler spreads bare before
2544 2296 3272 2393 us the later life and thoughts of a
2548 2365 3235 2445 man who is afraid of going mad.
2571 2435 3260 2492 The story begins when Robert
2542 2471 3254 2545 senses the shadow of a mental dis¬
2534 2514 3269 2596 turbance. He notices that his left
2546 2578 3267 2644 eyelid droops lower than the right,
2536 2626 3254 2689 and fears that this is a symptom
2551 2670 2935 2742 of mental disease.
2581 2713 3260 2781 Through the complexities of self¬
2542 2769 3255 2831 doubt and slackening mental con¬
2549 2822 3253 2879 trol, and through a labyrinth of in¬
2536 2870 3260 2934 trospection, Schnitzler traces Rob¬
2545 2907 3065 2979 ert’s gradual breakdown.
2577 2951 3251 3031 Early in life, after brooding over
2540 3017 3245 3068 a friend's insanity, Robert had
2532 3040 3251 3134 given his brother Otto a document
2545 3107 3251 3186 authorizing Otto, a physician, to
2534 3154 3248 3237 kill him painlessly, should he show
2547 3206 2946 3274 signs of madiess.
2584 3238 3255 3324 When tie terror actually begins
2505 3300 3241 3362 ##eclose around him, Robert devel¬
2573 3349 3239 3429 a dread that Otto will carry
2526 3391 2902 3463 lout this request.
2562 3433 3242 3510 Robert becomes more abnormal,
2533 3492 3249 3568 in action and reasoning. Realizing
2518 3544 3235 3610 this, and no longer wishing to die
2521 3584 3247 3675 if he becomes insane, Robert’s fear
2531 3634 3233 3709 that Otto will kill him grows into
2526 3691 2968 3752 la persecution-mania.
2562 3726 3239 3805 The dark and fantastic powers
2528 3787 3238 3853 of this mania press him to desper¬
2536 3831 3236 3907 ation, and carr yhim on to a cli¬
2524 3882 3236 3961 max that is superb in its inevit¬
2530 3931 2691 3994 ability.
2592 3956 3233 4043 Flight Into Darkness' is a mas¬
2528 4011 3208 4096 terful psychological study. Schnitz¬
2529 4071 2751 4142 ler’s clear
2760 4082 2877 4141 simp
2538 4124 3218 4178 naturalness of approach also create
