3436 4224
493 160 1062 247 Flucht in di
1157 179 1620 250 Finsternis
289 162 1659 272 36 acHEES
476 813 1405 947 JOBSERVERC
609 898 1297 988 I. österr. behördl. konzessioniertes
550 950 1339 1045 Unternehmen für Zeitungs-Ausschnitte
606 1010 1296 1094 WIEN, I., WOLLZELE 11
718 1066 1193 1149 TRLEPHON R-23-0-43
517 1221 896 1310 Ausschnitt aus:
714 1217 1021 1342 Abesarberte“
812 1232 1362 1418 Man Fehse. 2
514 1440 692 1532 vom:
880 1436 1305 1552 21 07. 1937
549 1547 1631 1620 (Arthur Schnitzler und Adolf Sonnenthal.) Wie der
474 1604 1626 1666 nun veremigte Dichter zu einem der bedeuteldster Schauspieler
472 1657 1627 1700 seiner Zeit stand, erhellt mit schöner Klarheit aus dem Brief¬
461 1684 1628 1742 wechsel Sonnenthals, den dessen auch schon heimgegangene Tochter
470 1733 1626 1791 Hermine mit feinfühliger Sorgsamkeit ediert hat. Am 18. Februar
471 1770 1616 1830 1889 schreibt Sonnenthal, den jungen Poeten „Lieber Arthur!“
459 1810 1626 1869 ansprechend, über dessen Einakter „Episode“, den er „reizend,
463 1863 1633 1922 geistvoll, ja stellenweise poetisch“ findet. Nach deutschen Begriffen
471 1888 1635 1953 fehle jedich die für Feinheiten des Dialogs nicht hinreichenden
474 1936 1637 1998 Ersatz bietende Handlung, und selbst für Mussetsche Proverben
463 1981 1664 2036 hätte unser Publikum kein hinreichendes Verständnis erwiesen. —
466 2022 1638 2080 Sonnenthal schließt: „Ihr Stückchen verrät ein starkes Talent,
465 2065 1636 2134 zu dem ich Sie nur beglückwünschen kann und das wohl die
469 2105 1636 2161 weiteren Versuche lohnt.“ Am 16. Dezember 1892 schreibt der
463 2159 1631 2202 Künstler dem Dichter, heftig ablehnend, über den „Anatol“. Er
463 2203 1630 2253 hat sich „durchgeärgert durch alle Ludensstationen dieses Kalvarien¬
463 2230 1642 2294 berges“. Die langjährige Freundschaft zu dem Hause seines
675 2285 1631 2328 es trefflichen Arztes Regierungsrat Dr. Johann
464 2280 642 2335 Vaters,
464 2321 1631 2375 Schnitzler, berechtige ihn zu so herten Worten. Er verweist den
450 2354 1633 2421 vom Pfade reiner Poesie abirrenden „Realisten“ auf Fuldas
460 2397 1625 2453 „Talisman“ und Wilbrandts „Meister von Palmyra“ als nach¬
465 2438 1630 2496 ahr nswerte Meister und Muster. Schnitzler antwortet mit edler
463 2477 1635 2553 Be heidenheit am 19. Dezember 1892: „Ich möchte nicht
470 2525 1632 2584 „Anatol“ sein — aber ich aann durchaus nicht bedauern, einige
463 2565 1642 2629 Plaudereien geschrieben zu haben, in welchen dieser Herr vorkommt.
485 2652 1662 2707 Wenn die Grenzen meines Wesens mit den inneren Erlebnissen
495 2706 1669 2751 und Resultaten jenes Buches umschrieben wärerl, so täte mir das
503 2734 1670 2812 selber leid, aber ich hoffe, den Beweis weiterer
508 2774 1652 2824 Grenzen erbringen zu können.... Am 20. De¬
495 2814 1651 2877 zember 1904 beglückwünscht Schnitzler Sonnenthal zum
501 2867 1645 2929 70. Geburtstag mit einem Zitat aus dem „Grünen Kakadu“
494 2898 1654 2963 in dem er den Henry („leider nicht oft genug“, denn das Stück
502 2950 1660 3006 mußte rasch als zu revolutionär aus dem Burgtheaterspielplan
496 2991 1656 3037 verschwinden) gespielt hatte: „Einer, der uns vorspielen kann,
507 3032 1652 3094 was er will, ist doch mehr als wir alle“ Zum 50jährigen
502 3059 1656 3129 Burgtheaterjubiläum stellt sich der Dichter mit tief empfundenen,
494 3113 1662 3173 formoollendeten Distichen ein, die den langen Geisterzug der von
495 3152 1655 3208 Sonnenthal geschaffenen Gestalten poetisch beschwören, dem
497 3195 1662 3239 auch drei Schnitzler=Gebilde angehören: der Cellist Weyring,
504 3236 1660 3303 Christinens Vater („Liebelei"), der schon erwähnte Komödiant
493 3285 1649 3341 Henry („Kakadu“) und der „weise betrog'ne Professor, dem so
495 3328 1653 3383 verspätet als milde eine Gefährtin erschien . ..“ („Die Gefährtin").
487 3360 1679 3426 Er fordert die eigenen Geschöpse auf, sich tief vor dem Meister zu
475 3401 1541 3478 neigen, „der in euch alle zuerst Atem des Lebens gehaucht“.
1458 3445 1620 3517 Abdt.
1839 187 2170 286 box 6
3254 1098 3366 1166 Muld
3256 1149 3368 1202 währ
2046 1087 3108 1238 Schnitzlers letztes Werk.
3302 1234 3361 1295 ne
2216 1233 3032 1321 „Die Flucht in die Finsternis.“
2369 1289 2875 1360 (S. Fischer Verlag.)
3248 1323 3358 1378 geleg
2824 1338 3210 1414 Nachdruck verboten.)
2564 1338 2660 1404 Von
3251 1369 3357 1420 In 8c
2252 1382 2970 1475 HEINRICH EDUARD JACOB.
3250 1405 3364 1462 den
3249 1446 3361 1510 Papi
2070 1451 3221 1520 „Er hatte damals einen Beweis gefunden, dass es eigentlich
3251 1493 3359 1554 den
2013 1515 3232 1568 keinen Tod auf der Welt gebe. Es sei ja zweifellos, erklärte er,
3251 1538 3356 1596 kran
2008 1549 3223 1603 dass nicht nur für Ertrinkende, sondern dass auch für alle Ster¬
3247 1582 3361 1638 nahn
2015 1602 3226 1650 benden im letzten Augenblick das ganze Leben mit einer unge¬
2019 1633 3233 1687 heuren, für uns andere gar nicht zu erlassenden Geschwindigkeit
2013 1687 3227 1738 noch einmal sich abrolle. Du nun dieses erinnerte Leben natür¬
2007 1729 3228 1783 lich auch wieder einen letzten Augenblick habe und dieser letzte
2004 1777 3239 1832 Augenblica wieder einen letzten, und so weiter: so bedeute das
2011 1830 3233 1875 Sterben im Grunde nichts anderes als die Ewigkeit — unter der
2008 1869 3228 1920 mathematischen Formel einer unendlichen Reihe.“ — Ein mathe¬
3253 1885 3356 1945 tratz
2006 1901 3228 1962 matisches Problem also enthüllt dieser Ausspruch? Gewiss.
3254 1935 3354 1986 ersch
2012 1946 3227 1990 Aber wer häufig nach dieser Seite hin denkt und spekuliert, der
2005 1995 3228 2046 kann eines Tages wahnsinnig werden. Mögen solche Gedanken
2010 2041 3219 2105 nun richtig oder falsch sein: sie passen vortrefflich ins Meuble¬
1998 2090 2892 2144 ment einer vom Wahnsinn bedrohten Seele.
2005 2169 3232 2231 Mensch, langsam zunächst, in den Wahnsinn abgleitet. Kaum
3241 2208 3356 2260 schli
2001 2220 3221 2289 erkennt man ihn hier: den von den Literaturgeschichten gern
2000 2263 3219 2309 als „sankt“ und lieber noch als „preziös“ bezeichneten Schnitzler.
3219 2295 3355 2360 eine
2010 2302 3225 2356 Mit grösster Intensität hat er ein klinisches Thema behandelt.
3243 2340 3352 2391 scho
1999 2356 3221 2404 Kein Wort dient leerer Anmut, keines der Schmückung. Alles
3284 2381 3347 2446 rühr
2001 2390 3224 2439 ist einbezogen in die Spannung einer furchtbaren Frage: Wird
2012 2433 3229 2492 der Ministerialbeamte Robert wahnsinnig oder wird er es nicht?
2011 2478 3222 2527 Die Krähenschar der Zwangsgedanken, die heimlich nagenden
2004 2518 3211 2566 Rattenzähne einer nie begangenen Mordtat, ein kaum einpfun¬
2001 2566 3221 2616 dener Wunsch zu töten, der wie ein Messer auf dem Tisch liegt:
1997 2617 3220 2672 all das nächtige Gelichter hängt sich an einen noblen und scelisch
2001 2653 3226 2703 zart gebauten Menschen, um ihn niederzuziehen. Es ist ein
2008 2700 3226 2759 Thema, das es in der Literatur nicht sellen gegeben hat, und
2008 2747 3215 2800 — wenn man etwa an Dostojewskis „Doppelgänger“ denkt —
1994 2780 3226 2842 unzweifelhaft wilder, dynamischer, schrecklicher. Aber die
2013 2825 3223 2884 Arbeit Schnitzlers ist einzigartig durch etwas Neues: durch ihre
2014 2881 3225 2931 „Sanftmut“ im Schrecklichen, durch das eben doch Schnitzlerische
2007 2936 3221 2972 im Unerbittlich-Kahlen. Nicht der Lebensniedergang selbst, son¬
2008 2972 3224 3016 dern seine Gleiterscheinung ist das Wundervolle an dieser
2005 2995 3219 3059 „Flucht in die Finsternis“. Der Ministerialbeamte Robert fährt
2012 3047 3354 3094 in den Wahnsinn hinab wie mit dem Bobschlitten. Schönes, Medi
2003 3094 3333 3143 traumhaftes Winterweiss, schh iernde Nebel aus schneegefüllten Mit
1873 3158 3305 3374 Tolinn Tagettal, S
