3436 4224
476 143 697 226 Fluch
725 152 782 228 t
941 157 1039 231 di
1129 149 1632 231 Finsternis
244 146 1630 288 36  ine Masuh
1813 162 2185 272 box 6/3
404 831 1317 957 DOESERVERC
505 928 1202 988 I. österr. behördl. konzessioniertes
462 932 1256 1054 Unternehinen für Zeitungs-Ausschnitte
527 1012 1200 1117 WIEN, I., WOLLZELLE 11
614 1080 1108 1153 TELEPHON R-23-0-43
422 1211 815 1314 Ausschnitt aus:
702 1301 1382 1427 SIRLTREE ROREN-SOGALRE
894 1413 1337 1508 72 OKT, 1931
441 1450 604 1528 vom:
675 1480 1247 1573 ABENDAUSGABE
1348 1596 2980 1688 heit umsetzen, das Unterscheidungsver- Lzweifelten Unghwißheit über di
1349 1655 2259 1716 mögen zwischen tatsächlichen und imagi¬
2263 1641 3064 1739 Fragen und Dinge. Und vielleicht
420 1597 983 1747 Schnitzlers
1351 1701 2268 1762 nierten Vorgängen planvoll verwirren.
768 1719 1022 1778 Auebe
2258 1708 2945 1777 diese fragend geneigte Haltun
1353 1745 3175 1838 Die Erscheinungswelt beginnt sich imErscheinung und dem Werk Arthur
689 1722 1284 1865 letztes Werk
1348 1787 3055 1880 Verlauf dieses Prozesses aufzulösen, zu Schnitzlers Dauer und Bedeutung
1351 1812 2569 1903 durchdringer mit den Schatten gewesener I wahren soll.
467 1836 1336 1924 Es muß jeden, der in den anscheinen¬
2774 1863 3167 1952 Pritz Walteg
1341 1857 2293 1962 Gestalten, wirklicher und halluzinatori¬
421 1902 1345 1970 den Zufällen des Lebens gebeimnisvolle
1334 1918 2251 1993 scher Erlebnisse und mit den Phantasie¬
424 1958 1335 2008 oder jedenfalls unserer Erkenntniskraft
1345 1963 2271 2017 gsbilden aus dem Urgrund eines erkrank¬
422 2002 939 2061 nicht durchsichtige
940 2002 1346 2063 Zusammenhänge
1353 2012 2273 2074 ten Unterbewustseins — soweit überhaupt
422 2043 1343 2107 wahrzunehmen glaubt, seltsam und er¬
1349 2060 2272 2125 noch, und um diesen gefährlichen Zweifel
417 2082 1343 2153 griffen anrüähren, daß der Titel von
1348 2103 2271 2163 war es Schnitzler zu tun, auf die Unkon¬
421 2135 1355 2197 Arthur Schnitzlers Novelle, die seine
1356 2148 2272 2204 trollierbarkeit dieser seelischen Tiefen¬
412 2185 1339 2255 leiste werden sollte, so nachdrücklich an
1347 2193 2265 2271 bezirke die Begriffe „krank“ und „ge¬
426 2231 1873 2283 Trennung, Abschied und Dunkel anklingt. 1 sund“ anwendbar sind.
413 2283 2269 2369 „Flucht in die Finsternis*): das ist im! Aber der Krankheitsrapport erhöht
414 2326 1334 2378 Wortsinn, in der inhaltlichen Bedeutung
1350 2327 2267 2409 rich, durch die dichterische Kraft seines
413 2369 1336 2422 dieser Erzählung das Ende eines Men¬
1355 2397 2270 2459 Verfassers, unmerkbar und allmählich
418 2403 1341 2466 schen in der Umnachtung des Gsistes. Sic
1343 2435 2271 2506 zum Gleichnis: für die Last des Lebens,
419 2462 1335 2523 ergreift einen öst reichischen Fektions¬
1343 2482 2273 2559 die zu bestimmten Wende- und Krise¬
402 2509 1327 2576 rat, einen Mann von einigen vierzig Jah¬
1341 2531 2270 2607 punkten eines Schicksals so bedrohlich
404 2537 1343 2607 ren, späten Abkömmling aus der Reihe
1342 2572 2286 2643 anwächst daß der Betroffene von ihr
405 2603 1334 2668 jener müden, verfeinerten Familien, die
1344 2608 2253 2683 überwältigt wird und sich nun entschei¬
404 2644 1336 2699 Schnitzler vielfach und immer wieder ge¬
1367 2663 2274 2743 den muß „zwischen Gesundheit und
428 2691 1337 2751 Schildert hat, einen leise, ängstlich und
1344 2720 2267 2795 Krankheit, Klarheit und Verwirrung,
404 2738 1334 2798 behutsam lebenden Menschen, desren
1342 2747 2260 2826 zwischen Leben und Tod“. Für Schnitz¬
409 2777 1332 2846 äuperlich korrekte und geregelte Lebens¬
1344 2809 2262 2871 ler und seine Menschen liegt in der Frage¬
417 2833 1329 2892 führung in grausamem Widerspruch zun
413 2880 1336 2942 Aufrahr und zur Auflösung seiner inni¬
1351 2903 2256 2958 zür Untergang und Vernichtung ausfallen.
401 2916 836 2988 ren Kräfte steht.
1389 2949 2261 3027 Doch von hier ab vollzieht sich eine
473 2963 1325 3027 Schnitzlers ärztliche Schulung, grand¬
1344 2986 2263 3072 Wandlung im Gefüge dieser Novelle,
402 3021 1329 3069 legendes und förderndes Element seiner
1335 3061 2256 3107 deren tieferer Sinn sich vielleicht erst in
405 3068 1328 3124 gesamten Produktion, verhalf ihm zu dem
1341 3094 2248 3166 ihrer nun endgültig aufgehaffenen Voll¬
418 3109 1327 3159 klinisch genauen und lückenlosen Krank¬
1337 3137 2263 3207 endung erschlossen hätte: Die Flucht in
414 3151 1323 3215 heitsbild eines seellsch-geistigen Verfalls,
1341 3186 2266 3250 die Finsternis führt in eine Landschaft,
410 3204 1327 3257 von den anfänglich und flackernd auf¬
1339 3236 2262 3284 deren starrende, gläsern aufgerissene
420 3247 1324 3304 tretenden Störungen bis zum total aus¬
1342 3280 2271 3345 Härte und Kantigkeit nichts mehr von den
414 3295 1333 3361 gebildeten Wahnsystem der Verfolgung
1341 3326 2258 3388 milden, weichen, verschwimmenden Kon¬
420 3342 1336 3391 und Tötung durch den eigenen Bruder
1338 3375 2256 3427 turen Schnitzlerscher, österreichischer
415 3376 1320 3437 des Patienten. Meisterlich, wie sich die
1341 3413 2255 3477 Natur, sondern viel eher die gespenstisch¬
419 3428 1329 3480 Zwangsvorstellungen des Kranken, in der
1338 3469 2258 3522 fahle Ueberwirklichkeit Matthias Grüne¬
402 3476 1330 3535 zugleich breiten und aussparenden, locker
1340 3511 2256 3559 waldscher Landschaftsaspekte hat, Das
409 3521 1327 3575 und dicht geknüpften Erzählerkunst
1340 3554 2261 3613 Ende dieser Erzählung, das Ende von
414 3561 1330 3623 Schnitzlere, durch die Beharrlichkelt
1342 3604 2256 3657 Schnitzlers Werk liegt nicht mehr im
415 3605 1326 3670 ihrer Wiederkehr auch beim Leser lang¬
1336 3646 2259 3700 Schein einer friedlichen Abendrôte es ist
401 3658 1313 3737 sam in geglaubte Wirklichkeit und Wahr¬
1320 3689 2259 3749 durchweht von apokalyptischen Schauern
1329 3733 2254 3821 des Todes, von der grübelnden und ver¬
470 3714 904 3823 * S. Fiecher Verlag.
