3484 4224
512 92 802 162 Flucht
947 95 1093 163 die
1155 91 1609 162 Finsternis
1832 90 2214 181 box 6/3
286 87 1668 203 36  K .  1   enenene e  e ee
490 466 775 538 Advance
483 516 830 605 Tynchburg
868 543 921 615 a
795 591 1125 690 Cat 31-31
563 644 975 726 England's Restoration
433 676 1114 763 England of the Restoration is pre¬
1434 688 1656 765 Press
414 730 1134 817 sented in Arthur Bryant’s King
1437 730 1923 827 Pittsburgh Pa
415 750 810 815 Charles the Second.“
1735 780 2066 864 Nov 1-31
445 787 1107 873 Charles in the tempestuous days of
417 824 1119 905 exile, Charles as king, maintalning a
405 848 1119 941 delicate balance of control over the
411 889 1108 975 sountrs, Torms thie core of the bosk.
403 917 1103 1008 around which Bryant builds the de¬
413 956 979 1031 tails of the restoration period.
1415 889 2632 1043 Schnitzler Writes Tale
440 989 1110 1082 Throughout the story are found evi¬
397 1024 905 1097 dences of Pepy's notations.
422 1058 1115 1143 An important book of the week is
1590 985 2768 1165 Of Strange Death Pledge
400 1088 1105 1175 Arthur Schnitzler's Flight Into
390 1107 1099 1212 Parcnes.“ Schnitler writes graphl¬
396 1150 1094 1248 cally of a man's descent into madness.
1416 1162 2775 1231 FLIGHT INTO DARKNESS. By fascinates him. They fall in love
393 1189 1095 1278 The boak is psychologically clear, and
1434 1225 2765 1267 Arthur Schnitzler. Simon & and the promise of marriage, a home
389 1220 1084 1316 tells a story that holds one with mor¬
2087 1250 2756 1296 of his own and the obligations it
1440 1253 1771 1311 Schuster. 82).
393 1259 698 1312 bid fascination.
2086 1284 2759 1335 will incur, apparently furnish the
1438 1283 2083 1352 A flight into darkness—the dark¬
414 1294 1096 1380 Tlso publishied this week are Gals¬
2096 1321 2768 1385 necessary incentive to complete
1415 1344 2072 1386 ness of a disordered mind—is the
399 1323 1084 1402 worthy's ney play. The Roof:
1049 1366 1095 1397 „
2094 1360 2367 1407 Robert’s cure.
1417 1373 2081 1436 theme of Arthur Schnitzler’s new
397 1357 1096 1447 Roosevelt in T.e Rough.“ by Jack
2105 1381 2763 1439 But the letter—pledging his broth¬
1417 1406 2088 1461 book. It tells the story of two
387 1384 1115 1499 Wills; and Enterivise, hy Harold 8.
2085 1431 2763 1478 er to kill him in the event he be¬
387 1431 608 1501 Vanderbilt.
1407 1435 2078 1495 brothers, Robert and Otto of Vienna,
2089 1467 2763 1513 comes insane—haunts the professor.
1417 1489 2078 1538 who from their youngest days have
2099 1507 2759 1547 Its consequences—the realm of ter¬
1414 1523 2072 1567 been close companions, but whose
2084 1539 2757 1592 ror in which Robert reasons—his
1406 1548 2075 1619 lifelong friendship is threatened by
2081 1578 2764 1624 fear of persecution turn him into a
1396 1597 2027 1649 the shadow of a mental menace.
2094 1614 2765 1671 madman completely. A dramatic
1434 1622 2083 1673 Robert is a professor and Otto, a
2085 1646 2756 1703 ending—wiiere reason loses to fa¬
1407 1672 2081 1713 doctor. As young men, one of their
2094 1686 2673 1737 natacism—concludes the story.
1399 1691 2096 1748 friends goes insane and is put in an
2116 1722 2766 1778 Through its entire length the
1413 1739 2081 1786 asylum. Robert, sensitive to the liv¬
2085 1762 2771 1812 reader follows the strange mental
1409 1775 2085 1833 ing death such an illness dooms to
403 1762 881 1864 Plain Dealer
2088 1800 2760 1836 workings of its principal character
1402 1811 2083 1865 its victims, pledges his brother Otto
2092 1832 2752 1880 until the title  Flight Into Darkness“
407 1820 821 1909 Cleveland C
1398 1849 1780 1895 to an odd promise.
2079 1864 2773 1924 means not only the flight of the pro¬
1454 1887 2075 1932 If I should ever go insane I want
609 1888 921 1971 Nov 1-31
1410 1907 2774 1969 vou to kill me in some subtle way fessor, but the flight of those who
2084 1941 2736 1986 suffer with him from page to page.
1406 1963 2083 2019 such as à physician would know,“ he
1415 2003 1547 2061 said.
525 1983 1015 2046 Schnitzler's Last Bock.
1445 2017 2097 2082 To rake the promise more bind¬
411 2025 1119 2098 J melancholy interest adds itself
1398 2071 1906 2121 ing he puts it in writing.
408 2077 1106 2116 t0# the intrinsic merit of Arthur
1443 2094 2098 2151 Years pass and Robert, stil in his
400 2107 1120 2150 Schnitzler's last and posthumous
1408 2145 2101 2188 middle forties, suffers a nervous
552 2151 1086 2222 te. Filght Ipfo Darkness.“
1406 2184 2099 2229 breakdown. He goes away for a
557 2203 1110 2254 lready carrig ihe book horne
1418 2215 2103 2271 rest cure. But the mental quirks¬
557 2232 1098 2279 s half way t rough reading it
1423 2268 2101 2301 which caused the breakdown persist.
562 2274 1104 2319 he news of tae author’s death
1400 2291 2100 2353 Then he meets a young woman whio
585 2307 1094 2346 This book is one of
543 2333 1106 2394 zler’s series of short psycho¬
541 2367 699 2411 novels.
530 2384 1103 2444 ght Into Darkness“ is the
534 2433 1101 2478 yof a persecution mania. It
2344 2402 2745 2506 his Tincs
528 2465 690 2510 s the pro
882 2471 1097 2513 eakdown of
533 2499 658 2543 tellect
980 2492 1097 2541 t the
2336 2468 2880 2583 South Bend Ind
531 2532 624 2571 ing.
990 2529 1105 2574 the
532 2561 630 2608 SyIAII
992 2555 1096 2606 inful
2497 2533 2824 2635 Hov 1-31
984 2599 1087 2640 ness¬
512 2593 629 2642 ie read
514 2628 610 2669 these
984 2627 1087 2679 ction
406 2655 632 2704 with a per
767 2673 1095 2739 to say more of
479 2692 742 2734 t is unnecessa
2361 2688 2652 2763 Schnitzler
400 2725 1093 2770 the plot of Schnitzler’s story but I
412 2765 1087 2806 can assure the reader that he. will
404 2796 1094 2842 find it of no less interest than were
2340 2797 3004 2863 Almost simultancously with the
412 2826 1097 2872 the author’s former studies in morbid
2309 2844 2990 2902 death of Arthur Sehnitzler, Simon
399 2855 633 2909 psychology.
2303 2872 2976 2928 1& Shuster published in this coun¬
443 2868 1083 2934 Simon & Schuster, the publishers,
2323 2911 2992 2978 try his first novel in two years,
405 2920 1088 2969 have given this volume a unique
405 2952 1096 3016 paper and binding; it is a good piece
2309 2950 2987 3008 Flight into Darkness,“ the story
410 2988 710 3045 of bookmaking.
2301 2990 3002 3056 of a man who feared he was going
2308 3019 2468 3075 insane.
2338 3049 2984 3121 Schnitzler, a son of Vienna and
2268 3105 2305 3146 1,
2318 3093 2983 3157 its most celebrated writer in thi
2305 3141 3001 3209 generation, came of a medical fam¬
2299 3173 2994 3237 ily and himself practiced medich e
2306 3214 2981 3273 for 40 years. This training and X
2311 3253 2985 3296 perience accounts for choice of sub¬
2262 3261 2301 3316 t
2292 3284 2987 3352 Ject and method of handling in thé
963 3287 1302 3358 Chronicle
2307 3330 2996 3394 short novels of which he was the
967 3340 1639 3404 San Francisce Calif
2305 3360 2856 3426 world’s acknowiedge master.
2334 3388 2981 3465 His production for many years
1330 3399 1662 3473 Nov 1-31
2300 3436 2989 3498 has alternated between play and
2299 3470 2988 3536 novel, but it appears that the
952 3486 1680 3576 Flight Into Darkness. By Arthur
2309 3522 2985 3575 novel, or ruther the nouvelle, was
1005 3539 1665 3612 Schnitzler. New York: Simon &
2298 3554 2998 3613 to be the literary form by which
2306 3594 2888 3651 he will be known o posterity.
992 3597 1274 3652 Schuster; 32.
1037 3607 1656 3691 A study of the persecution
2344 3623 2984 3682 (Flight Into Darkness“ is the
1008 3659 1671 3723 mania; a penetrating fictional
2300 3669 2973 3720 tragedy of a victim of persecution
997 3693 1656 3762 analysis in Schnitzler’s best vein,
2309 3708 2976 3764 mania. He was undone by thought
977 3741 1540 3806 and the author’s last book.
2295 3736 2988 3791 sequences which once begun and
2293 3776 2974 3844 never arrested led logically to the
2233 3804 2278 3854 21
2301 3812 2554 3877 catastrophe.
2757 3823 2964 3883 —MeC. H.
