3436 4224
271 135 817 224 36. Flucht
969 146 1076 220 d:
1148 141 1656 220 Finsternis
1850 150 2132 244 box 6,
488 154 1678 248 an a i C
740 953 1653 1094 JOBSERVERG
853 1066 1555 1138 I. österr. behördl. konzessioniertes
800 1116 1605 1188 Unternehmen für Zeitungs-Ausschnitte
865 1168 1552 1245 WIEN, I., WOLLZELLE 11
952 1224 1469 1288 TELEPHON K-23-0-43
1121 1318 1564 1460 vun fiehne uch Wes
768 1357 1143 1455 Ausschnitt aus
1079 1411 1545 1579 2b. 0KT. 127
750 1586 923 1653 vom:
2000 1913 2457 2016 Das Kleine Blatt
1084 2052 2634 2198 an alten und nerien Hichern
868 2058 1106 2252 24
1184 2229 2399 2323 Artur Schnitzlers letztes Werk.
959 2305 2683 2386 Gerade in den Tagen, da der Wiener Sektionsrat, der gleichsam tändelnd durchs
891 2363 2630 2443 Dichter Artur Schnitzler aus dem Leben geht, allzu aufmerksam seine phi
1794 2400 2703 2475 sischen und psychischen Zustände beobachtet
899 2415 1803 2470 Leben schied, ist sein neuestes Werk er¬
903 2453 2684 2518 schienen, das letzte, das er bis zur Voll= und pflegt und von den Schatten des Irre¬
895 2491 2707 2555 endung selbst bearbeitet hat. Es ist dies seins immer mehr und mehr umnachtet
1796 2532 2686 2604 wird. Das wird mit großem Aufwand an
902 2536 1804 2596 eine längere Novelle: „Flucht in die
1623 2572 2690 2633 Fischer, feinen Einzelheiten und mit einer an
1591 2584 1634 2641 800
1274 2592 1486 2650 (Verlag
902 2595 1244 2653 Finsternis“
900 2611 2694 2687 Berlin). Alle Vorzüge des Dichters, auch arztlichen wie an dichterischen Erkenntnissen
910 2656 2691 2742 seine Mängel, sind in diesem Buche ver= gleich einfühlsamen Liebe dargestellt. Be¬
1793 2700 2699 2769 wundernswert ist, wie der Dichter behutsam
917 2710 1798 2778 einigt, der süße Wohllaut seiner gepflegten
1791 2743 2683 2797 auf dei schmalen Pfade zwischen der
925 2755 1799 2823 Sprache, seine Besinnlichkeit über die zwei
1799 2790 2685 2847 Wirklichkeit der Begebenheiten und der
911 2804 1799 2853 großen Problenie des menschlichen Lebens,
1811 2832 2701 2880 Einbildung des Wahnsinns schreitet, bis
901 2843 1798 2905 über Tod und Liebe, die verständnisvolle
1799 2876 2696 2926 immer mehr das Licht der Realität vor dem
903 2883 1805 2953 Weisheit, mit der er stets das Treiben
1800 2911 2688 2970 Dunkel der Phantome schwindet. Der
912 2924 1802 2984 rings um sich betrachtet hat, und das
1810 2955 2692 3010 Schluß ist dann die Flucht des traurigen
919 2970 1794 3027 Ineinandergleiten seiner ärztlichen und
1802 3001 2690 3065 Helden dieser Begebenheit in einen kläg¬
907 3022 1804 3071 poetischen Gedanken. Freilich wird der
1812 3044 2696 3094 lichen Selbstmord, zu dem er durch die Er¬
917 3056 1798 3118 Leser, je weiter er in die Handlung des
1805 3087 2588 3138 scheinung eines angeblichen Rächers —
929 3092 1804 3155 Romans vordringt und von ihren Ver¬
1808 3129 2694 3200 sie Wahrheit? ist sie Wahngebelde? — ge¬
990 3133 1805 3195 lungenheiten eingesponnen wird, ein
934 3151 975 3199 sa
1812 3171 2100 3234 trieben wird.
947 3169 1791 3239 Gefühl nicht los, daß nämlich auch in dieser
1859 3188 2689 3268 Der Leser folgt dieser dichterischen
930 3222 1808 3283 Novelle eine vergangene Epoche und eine
1802 3230 2688 3311 Krankengeschichte mit einer Spannung, die
915 3274 1792 3334 verschwundene Gesellschaftsschicht mit ihren
918 3321 2700 3359 Sorgen und Beschäftigungen lebendig ge= nicht durch plumpe Sensationen, sondern
918 3338 2694 3408 macht werden, und daß diese die gereifte durch Seelenvorgänge hervorgerufen wird,
910 3373 2702 3443 Kraft eines großen Dichters eigentlich und nimmt tief bewegt von einem Dichter
1798 3424 2688 3488 Abschied, dem eine ganze Epoche große künst¬
917 3443 1252 3501 nicht verdienen.
987 3467 2683 3533 Der spannende Inhalt der Novelle istllerische Genüsse verdankt und der zur
1800 3490 2700 3586 Formung ihres Lebensstiles unstreitig bei¬
916 3509 1800 3582 das Versinken eines Menschen in den Wahn¬
2514 3551 2650 3620 smk.
916 3549 2098 3624 sinn. Der Held ist ein österreichischer getragen hat.
