3344 4352
159 235 750 334 2. guftings
1304 163 1580 240 ——
851 218 1303 319 box 37/7
912 1151 1050 1222 306
1342 1137 1805 1237 Tux TExas Rxvixw
919 1252 2209 1323 She is profoundly pathetic in her seclusion and loneliness—
903 1328 2223 1376 fleeing from the memories of her youth which the old familiar
919 1380 2228 1445 scenes in Vienna have brought crowding to her mind—with
914 1446 2231 1498 her pitifully vain regrets and her visions and dreams of what
918 1510 2226 1569 might have been—with the agonizing ery of her mothering
916 1568 2233 1633 heart making itself heard when her halcyon days are gone
917 1609 1704 1683 and it is too late to begin life again.
958 1680 2226 1742 Johanna is the most pathetically lonely of them all, and her
911 1733 2221 1796 seclusion and sädness is the more pitiable because she is in the
912 1785 2218 1853 golden hours of her youth when the blighting tragedy of time
919 1845 2232 1900 and sorrow should not be felt and when the spirit of youth
912 1898 2156 1968 should be upheld by the conviction of its own immortality.
959 1957 2233 2011 And the great fact behind all the minor sadnesses of life is
911 2013 2218 2075 the eternal tragedy of the passing of time—erushing and
919 2074 2232 2125 rending in its inexorable march all that it has made beautiful
913 2134 2221 2187 and strong-creating, nurturing, and then destroying, only to
907 2184 2212 2258 begin again its cyele of interminable labor. In his last con¬
921 2239 2229 2325 versation with Christine, Sala sums up the life of every man
900 2291 1766 2371 in his reference to the enigma of time:
977 2384 2214 2466 The present—what does it mean anyhow? Are we then locked
905 2444 2218 2500 breast to breast with the moment as with a friend whom we embrace
912 2503 2218 2544 or an enemy who is pressing us? Has not the word that just rings
904 2550 2217 2599 out turned to memory already? Is not the note that starts a melody
905 2588 2227 2632 reduced to memory before the song is ended? Is your coming to this
910 2646 2222 2698 garden anything but a memory, Johanna? Are not your steps across
905 2693 2227 2736 that meadow as much a matter of the past as are the steps of crea¬
908 2736 1516 2802 tures dead these many years?“
942 2808 2209 2910 The play ends with a tragie irony which is, 1 think, char¬
910 2897 2225 2959 acteristic of Schnitzler'’s philosophy of life. Christine is dead,
908 2959 2212 3021 and Felix, the real son of Fichtner, has spoken to Professor
904 3009 2227 3069 Wegrat and called him" Father?' Wegrat answers in a burst
909 3064 1782 3141 of penitence for his neglect of Johanna:
947 3145 2231 3224 Must things of this kind happen to make that word sound as if I
905 3199 1554 3275 had heard it for the first time?“
949 3287 2231 3351 Schnitzler's future is uncertain. We are not acquainted
