3392 4352
166 260 742 363 2. Guttings
1682 198 2336 268 —.—
843 252 1298 351 box 37/7
1206 1222 2316 1306 ARTHUR SCHNITZLER’S DRAmArie Wonk 307
995 1323 2305 1408 with his activities since the spectre of war invaded the shady
993 1391 2313 1467 retreats of his pleasure-loving Vienna. We do not even know
1008 1478 2312 1523 whether he has survived the four years of strife and the suc¬
999 1517 2319 1590 ceeding months of starvation. If he is now alive, it would be
1001 1570 2320 1639 difficult to prophesy the turn which his work will take as a
995 1637 2317 1696 result of his experiences in the war. But, whatever he may
1006 1688 2323 1747 do in the future, we may be fairly certain that the author of
1007 1744 2318 1808 Liebelei and Der Einsame Weg is not merely the favorite of a
1007 1808 2329 1871 generation, destined to be forgotten like the shadowy loves
1000 1867 1347 1938 of his Anatol.
