3344 4352
103 229 688 330 2. Guftings
2113 150 2300 219 —
810 218 1260 311 box 37/7
983 1151 1109 1236 304
1404 1148 1864 1226 Tun TExas Ruvizw
1029 1257 2290 1340 And se, with his" Wir sind ja nur Menschen“', Schnitzler
976 1334 2299 1399 gives his estimate of humanity, and leaves his characters to
979 1388 2294 1442 struggle against the odds which are pitted against them. The
981 1442 2296 1514 same spirit of resignation and melancholy hovers over the
989 1502 2300 1561 Schnitzler in all his creations. There is Freueils, with the
973 1555 2295 1629 pathos of woman's sad lot and the folly of mankind destroying
970 1619 2287 1672 itself in obedience to a barbarie code of duelling; Das Ver¬
975 1689 2295 1737 machtnis, with its tragedy of prejudice and death; Komtesse
979 1733 2284 1792 Mizei, with its demonstration of the cventual equality of man¬
976 1789 2293 1852 kind, the leveling of the barriers between cab-men and count,
982 1843 2292 1903 between countess and soubrette. There are times when the
975 1911 2290 1967 convictions of the artist assume the form of a delicate cynie¬
977 1976 2285 2027 ism, but, in his more serions moments, Schnitzler has no heart
981 2016 2279 2081 for the smirk of the cynic; the heart overflowing with sym¬
976 2078 2301 2138 pathy and the spirit hearkening to the#turbid ebb and flow
980 2136 2027 2205 of human misery'’ banish the leer of the scoffer.
1014 2203 2296 2266 Der Finsame Weg is, perhaps, Schnitzler’s most powerful
983 2266 2285 2315 work. In this play, he rises to the height of his power in the
982 2310 2281 2373 depieting of human emotion. The inter-play of psychological
973 2373 2293 2434 reaction is so delicately subtle, the situation“ so realistic and
983 2427 2288 2492 lifelike in spite of the compression which is essentis! to the
980 2481 2297 2540 dramatie form, the appeal to the emotions of pity and regret
978 2543 2291 2604 so universal, that the play may be said to have ensured
970 2590 2283 2643 Schnitzler’s reputation as a dramatist of the first order. The
975 2665 2293 2721 theme is still the samenthe eternal tragedies of love and
979 2716 2282 2774 death, with the addition, as the title indicates, of the tragedy
981 2760 2284 2818 of loneliness, that twin shade and prelude to the final con¬
979 2841 2284 2889 queror, Death-the unutterable pathos of continning to
974 2878 2287 2948 breathe and to see when the passage of years has despoiled
969 2943 2287 3003 one's heart of all that life beld dear. The plot is very simple,
981 2985 2273 3060 and there is very little action in it. Julian Fichtner, artis¬
972 3050 2294 3108 tically inelined bachelor, is the father of Felix, who believes
977 3105 2288 3158 himself to be the son of Professor Wegrat. The latter has
967 3163 2293 3240 been a dutiful, kind parent to his daughter, Johanna, and to
970 3240 2290 3285 his supposed son, Felix. The play reconnts the pitiful efforts
975 3276 2308 3345 of Fichtner, now growing old and lonesome after a lurid
