3484 4352
1413 259 1877 356 box 23/5
907 295 994 346 m
770 281 871 349 nS
261 285 1266 382 18. DeNeg
1716 827 2128 928 Wien, Sonntag
1089 857 1209 947 2
942 923 2168 1003 von all den Forschern, die den gigantischen Bau der
941 997 2171 1062 Physik in seiner Grundlage erschüttert und eine ganz
937 1036 1987 1105 neue Welt der Erkenntnis aufgerichtet haben?
1046 1068 2175 1145 Wie in allem, so ist die Menschheit unsrer Tage
945 1122 2170 1195 auch in dieser Beziehung aus dem Gleichgewicht und
950 1163 2177 1257 so sehr außer Rand und Band geraten, daß sie sich
941 1210 2175 1290 einseitig fast nur mehr für das Ungeistige interessiert;
942 1251 2185 1346 ihr Ideal ist der Negerboxer, dessen Körper die
952 1298 2184 1383 Dimensionen des Davids Michelangelos, dessen
947 1361 2166 1448 Schädel aber die Größe eines mäßigen Maschansker¬
951 1401 2186 1496 apfels hat. Jede Zeit von halbwegs ausgeglichenem
955 1462 2185 1546 Wesen und wirklicher Kultur hat Maß zu halten ge¬
948 1502 2179 1585 wußt in Ausbildung des Körperlichen wie des
957 1551 2174 1635 Geistigen. In der Renaissance, die gegenüber der
955 1606 2178 1669 mittelalterlichen Askese den menschlichen Körper und
961 1648 2181 1742 dessen Schönheit so recht wieder entdeckt hat, waren
954 1700 2184 1780 Festtage der Kunst, etwa die Neuaufstellung eines
969 1747 2191 1835 Bildes oder einer Bildhauerarbeit von Masaccio,
971 1795 2192 1864 Ghiberti, Donatello, Michelangelo, wahre Volksfeste
965 1844 2189 1937 und Volksereignisse, bei denen sich Tausende drängten,
958 1893 2196 1959 und bei der Enthüllung eines neuen Freskos im Stadt¬
970 1942 2187 2022 hause von Siena war der Zulauf der Masse nicht ge¬
971 1989 2195 2065 ringer als bei den Pferderennen auf dem Stadthaus¬
980 2034 2191 2128 platz. Der glücklich hinter uns liegenden Zeit ver¬
976 2088 2205 2161 kümmerter und verkrüppelter Körper darf nicht eine
974 2127 2207 2213 Zeit der verkümmerten und verkrüppelten Gehirne
972 2212 1166 2289 folgen.
978 2282 2211 2421 Notruf der Kaufmannschaft
1080 2405 2216 2495 Industrielle, Kaufleute und Gewerbetreibende
978 2465 2218 2545 zühlen zu den konservativsten, besonnensten, ruhigsten
1032 2507 2225 2595 ementen unsrer Bevölkerung. Aus leicht begreiflichen
987 2568 2215 2639 Gründen sind insbesondere Kaufleute stets Gegner einer
997 2613 2220 2692 Politik der Straße, die ihnen nicht nur in aller Regel
988 2651 2225 2741 das Geschäft stört, sondern bei zufälligen oder absicht¬
997 2713 2228 2787 lichen Exzessen schwerste Sachschädigung bringen kann.
1003 2776 2229 2838 Wenn diese Männer und Frauen nun selber am
1007 2806 2220 2882 11. Oktober auf die Straße gehen wollen, dann ist das
1006 2851 2221 2936 an sich ein Zeichen unerträglicher Notlage, ein Schritt
996 2895 2236 2981 der Verzweiflung. Industrie=, Kaufmanns= und Gewerbe¬
1001 2937 2236 3012 stand sind seit Jahren von allen öffentlichen Gebiets¬
1003 2990 2235 3060 körperschaften als das Zug= und Lasttier für die steuer¬
1015 3043 2227 3120 lichen Allgemeinbedürfnisse behandelt worden. Die
1014 3087 2235 3169 Kaufleute haben sich an den Bundespräsidenten mit
1012 3144 2235 3236 einer Denkschrift gewendet, in der sie schwere Klage er¬
1018 3186 2242 3274 heben. Sie fühlen sich von allen Seiten im Stiche
1018 3234 2238 3314 gelassen. Steuern und öffentliche Abgaben haben stets
1017 3283 2246 3362 mit besonderer Wucht den Kaufmannstand getroffen.
1027 3339 2251 3419 Zoll= und Handelspolitik, Zwangsbewirtschaftung der
1018 3365 2277 3459 Devisen, zu allerletzt das ungleiche Recht, das man bei
1031 3418 2275 3503 der Erhöhung der Warenumsatzsteuer walten ließ,
1024 3477 2260 3553 haben auch in der Kaufmannschaft das Gefühl un¬
1026 3539 2265 3597 gerechter Zurücksetzung heraufbeschworen. Einer der
1041 3572 2258 3652 wichtigsten und wertvollsten Teile der berufstätigen
1040 3608 2266 3710 Bevölkerung wird dem Untergang entgegengetrieben.
1045 3638 2271 3752 Dem österreichischen Kaufmannstande kommt auch mit
1045 3710 2271 3790 Rücksicht auf den Fremdenverkehr in unserm Lande ganz
1040 3765 2274 3838 besondere Bedeutung zu. Aber eine Firma nach der
1037 3799 2281 3894 andern, deren Name weit über die Grenzen unsres
1041 3842 2271 3934 Landes hinausgedrungen war, zuletzt die Wiener Werk¬
1048 3900 2269 3991 stätte, ist ein Opfer dieser untragbaren Verhältnisse ge¬
1058 3956 2271 4030 worden. Unter ihnen leiden nicht nur die Luxusgeschäfte,
1051 3998 2279 4085 sondern die gesamte Kaufmannschaft, die sich jetzt ein¬
1054 4044 2277 4133 mütig, ohne Unterschied der Partei, von rein wirtschaft¬
1061 4085 2285 4182 lichen Interessen geleitet, die auch im höchsten Maße
1092 4134 2293 4209 Interessen der Gesamtheit sind zu einer energischen
