3436 4128
1449 200 1929 304 box 23/4
299 217 1323 328 18. Der einsane Neg
217 1332 640 1455 Wiener Journal, Wien
211 1402 366 1483 1914
776 1496 3309 1597 (Sie wollten sich die innere und änzere Freiheit nicht unterbinden Betrogenen zu erzeugen. Es ist, als ob diese mit Schleiern ver¬
790 1558 3311 1638 lassen, wollten pflichtenlos sein. Diese Flucht ins Freie hat sie hängte Welt sich langsam lichten würde. Ein Wort, ein hinge¬
206 1473 567 1656 seton.
791 1600 3313 1690 schließlich zu der inneren Leere hing führt, von der sie jetzt ge= worfener, beiläufiger Satz genügt, um ins Innere der Menschen
789 1654 3319 1728 peinigt werden. Der Sturm hat sich gelegt, die Einsamkeit um- zu blicken, und man fühlt sich ganz eingesponnen in diese fast
197 1657 417 1762 eater.
810 1704 3305 1773 klammert sie, und die Erinnerung ist das Los der Gealterten. drückende Luft von Resignation und dumpfer Ahnungen vom
196 1727 820 1820 Ipiel in fünf Akten von Artur
1840 1760 3312 1813 Jugend= Sinn des Lebens und Leidens. Aber das Schauspiel ist episch,
1688 1752 1842 1837 die
800 1744 1711 1840 Der Maler brannte durch, als er
197 1792 360 1861 ler.
792 1803 3306 1891 geliebte entführen sollte; es packte ihn eine unheimliche nicht dramatisch. Es ist auf Reflexion gestellt, und der Mangel
795 1841 3305 1915 Angst, seine Freiheit hinzugeben; hinter den Straßen jeglicher Blutwärme nimmt ihm auf der Bühne das beste Teil
195 1872 452 1969 acobson.
789 1889 3299 1953 verlor sich sein Blick ins Weite, hinter den Hügeln sah er seine von seinen tieferen Absichten. Nicht nur die Menschen sind in
220 1952 3307 2011 ist zehn Jahre alt. Es steht Zukunft schimmernd von Glanz und Abenteuern, und sie wartete ihren Schwingen gelähmt. Das Stück hat Züge von Ibsen, kommt
203 2002 3290 2055 huktion, aber man könnte es auf ihn — aber auf ihn allein. Da riß er sich los und die aus einer kälteren Gedankenzone, die nicht zum Wienerischen
237 2048 2328 2127 das Ende stellen, ohne daß Geliebte blieb zurück und heiratete einen anderen, dem sie ver- stimmen will.
2141 2074 3306 2153 Man kann nicht sagen, daß „Der einsame Weg“ zu jenem
199 2095 2056 2167 indeinem wesentlichen Zuge ver- schwieg, daß der Sohn, den sie ihm gebar, nicht der seinige
198 2146 3296 2229 geistig jemals beherrschte, sein sei. Sie durfte ruhig schweigen. „Sie hätte niemandem damit Theatererfolg gelangen kann, den man ihm gern wänschen möchte.
209 2188 3300 2266 und vom Sterben, von den genutzt, und es schreitet sich leichter durchs Leben, wenn man Dazu fehlt es dem Werk nicht nur an den technischen Vor¬
202 2232 3289 2317 zschenschicksale, vom Marionetten= nicht die Last eines Vorwurfes oder gar die einer Verzeihung bedingungen: Klarheit der Handlung; es überzeugt nicht, es
211 2282 3290 2359 zen im Extrakt vorhanden. Im zu tragen hat.“ Aber der Maler, der nach 23 Jahren wieder argumentiert bloß. So nahm man das Werk also höflich ent¬
214 2334 3301 2390 angeschlagen, das Schnitzler zurückkehrt, ausgetobt, und in seinem Egoismus wankend geworden ist, gegen, mit achtungsvollem Beifall: der Dichter konnte
198 2382 3297 2440 Joder nachher ausgeführt hätte. Es pocht jetzt vergebens an die verschlossene Herzenstür seines Sohnes. sich mehrmals verneigen. Die Auffährung ließ freilich
204 2433 3287 2509 ht schon vorher oder nachher aus= Der junge Mann hat nur die eine Erwiderung für ihn: „Ihr einiges zu wünschen übrig. Manches, wis im Wort und Sinn
201 2482 3295 2559 in lesen ließ, es ist, zusammen- Sohn . .. es ist nichts als ein Wort. Es klingt ins Leere. Sie bedeutsam war, huschte unverstanden vorüber, nicht jede Stimmung
214 2543 3297 2584 seinen Werken, ein Panorama sind mir fremder geworden, seit ich es weiß" Viel näher steht wurde erschöpft und mancher menschliche Charakterzug rückte ins
805 2570 3292 2641 ihm nun der Mann, den er bis jetzt seinen Vater nannte, der Komödienhafte. Den Abend hielten zwei: Herr Walden und
205 2567 824 2662 sieht, eine Wandeldekoration der
802 2599 3290 2682 ihn aufgezogen hatte und von dem er weiß, daß er seine Frau Bleibtreu. Namentlich aber Harry Walden, der mit feinstem
204 2626 697 2708 einem Blick entschleiern.
199 2672 3294 2740 neingepreßt. Der Mangel eines Mutter wirklich liebte. Auch der Dichter Siephan v. Sala, der schauspielerischen Takt die Figur des Stephan v. Sala von innen
187 2719 3301 2797 hrdert hier einen oft übermäßigen genießerische Aesthet, bezahlt seinen Lebensegoismus. Er ist an heraus erfaßte. Seine zielsichere Kunst des Sprechens trifft den
197 2768 3299 2843 zenzen, die doch nur scheinbac dem Mädchen, das ihn liebte, achtlos vorbeigegangen, und als er Ton einer komplizierten Menschlichkeit, und die Distinktion seiner
204 2823 3302 2889 die Handlung. Jede dieser acht endlich das Glück bei ihr zu finden strebt, ertränkt sie sich Darstellungsmittel wirkt durch ihre Selbstverständlichkeit. Frau Bleib¬
211 2862 3305 2932 jedes dieser acht Schicksale ver¬ Sie hat erfahren, daß Sala herzkrank ist und nicht mehr lange treu als die gealterte, in ihrem Mutterglück und in ihrer Lides¬
212 2899 3303 2982 Aber so sehr diese Menschen leben kann. Auch sie ist eine Egoistin, die andere Menschen nicht sehnsucht getäuschte Schauspielerin hat diesen gleichen Ton,
2042 2939 3288 3020 nur ins wahrhaft Gütige gemildert, ohne den Beisatz
198 2945 2059 3024 tehen sie sonst jeder für sich und leiden sehen kann. Da macht Sala seinem Leben freiwillig ein
2037 2991 3294 3059 von Geistigkeit. Herr Devrient spielte den Maler Fichtner.
182 3009 2050 3074 us einsam, und die Verfehltheit Ende. Er ist nicht wehleidig veranlagt und findet es ein
2008 3046 3299 3104 Niemand hat ihn davor bewahrt, an dem Wesentlichen dieser
194 3063 1616 3143 Lebensglückes prägt sich in der wenig peinlich, auf das Ende zu warten.
912 3104 3303 3166 Dieser Dichter Sala, in seiner soignierten Lebenskultur, in Figur vorbeizusehen. Fichtner, das steckengebliebene Genie, soll von
199 3112 825 3189 für jemand anderen auf der
788 3133 3298 3224 der fein verkleideten Mischung von Brutalität und höchster einem Duft des Abenteuerlichen umwittert sein und etwas
2045 3193 3295 3267 Faszinierendes an sich haben. Bei Devrient wurde er ein franzö¬
326 3182 2056 3251 Erinnerung — Tragik Geistigkeit, ist der lebendigste Mensch dieses Schauspiels, fesselnd
2042 3235 3299 3324 sischer Komödienheld, der gern ins Deklamatorische abbog und
818 3248 2044 3309 und geheimnisvoll, von weit herkommend. Alle diese Menschen
196 3245 827 3329 is sind die Motive, die den
2045 3294 3283 3368 seine Lebenserfahrung in Pathetik umsetzte. Auch Fräulein Wol¬
208 3289 2046 3362 * Resignation beherrschen. Zwei haben keinen festen Boden unter den Füßen, es fließt in ihnen
2037 3337 3291 3402 gemuth begnügte sich mit den Aeußerlichkeiten ihrer Rolle, kam
202 3338 2052 3417 Maler Julian Fichtner und der das Blut unbekannter Ahnen, es lagern unsichtbare Schatten auf
204 3397 1108 3477 Benußmenschen, die ihr wahres ihren Seelen.
914 3430 3301 3516 Es ist ganz eigen, wie Schnitzler es versteht, durch ein ein paar hübsche Bühnenbilder, die der Aufführung zuweilen einen
219 3436 843 3522 Sie hatten den Mut oder die
211 3482 2706 3573 uf Kosten der anderen zu leben. langsames, mähliches Fortschreiten die Stimmung der ums Leben stärkeren Stimmungsgehalt geben.
