3484 4448
257 231 1273 339 18. Der einsane Neg
437 1326 1212 1497 Theater und Kunst.
359 1469 1063 1563 2820 „Der einsame Weg.“
348 1550 1297 1632 (Schauspiel in fünf Akten von Artur Schnitzler.
541 1602 1083 1665 Berlin: Deutsches Theater.)
380 1637 1292 1708 „Der einsame Weg“ bedeutet in Schnitzlers
330 1693 1299 1752 dramatischem Schaffen einen Abschnitt. Schnitzlers
324 1739 1291 1788 bisherige Dramen hatten etwas Monographisches,
330 1780 1299 1839 das Thema war einfach und genau präzisiert,
337 1825 1290 1874 und die Behandlung schritt direkt und fast bei¬
332 1868 1278 1926 spielartig auf das Ziel zu. Im „Einsamen Weg“
329 1909 1293 1962 finden wir den Versuch zu einer polyphonen Be¬
334 1953 1301 2011 handlung. Mehrere Themen tauchen auf, ver¬
333 2005 1287 2059 stärken einander, verlieren sich aneinander, ver¬
333 2043 1290 2110 zweigen und sammeln sich wieder. Dadurch wird
331 2085 1295 2147 das dargestellte Stück aus der Sphäre der Ein¬
333 2140 1302 2188 maligkeit und Zufälligkeit heraus und in die des
336 2171 1295 2238 Symbols gehoben. Noch ist Schnitzlers Hand un¬
327 2215 1302 2283 sicher und tastend, und die Erinnerung an Ibsen
338 2264 1292 2315 schattet über das Werk. Vielleicht hat Schnitzler
333 2308 1302 2371 die Verantwortlichkeit nicht tief genug gefühlt, zu
327 2355 1296 2425 der die neue Methode verpflichtet. Er war zu
339 2395 1288 2446 nächsichtig gegen seine Menschen und hat dadurch
329 2434 1293 2493 sowohl seine Dramaturgie wie die ethische Gültig¬
341 2486 1300 2537 keit der Konflikte geschwächt. Indem er seine
342 2517 1301 2589 Menschen mit ihren Erlebnissen und Reflexionen
332 2568 1301 2640 so steigern wollte, daß ihre Kämpfe, Siege wie
336 2599 1300 2663 Niederlagen, nicht bloß mehr private Angelegen¬
335 2657 1292 2709 heiten würden, sondern das betroffene Herz jedes
338 2697 1305 2758 Zuschauers mahnend und deutend unmittelbar
338 2741 1313 2807 angingen, hat er nicht vermocht, die ursprüngliche
343 2788 1302 2833 niedrige Geburt seiner Personen vergessen zu
328 2828 1297 2887 machen. Denn. kalt angesehen, stammen sie doch
336 2875 1308 2929 alle aus der Anatol=Welt, diese Künstler und
340 2924 1303 2986 Frauen, und weniger ihre Natur als die des
333 2963 1307 3022 Dichters, und weniger des Dichters Natur als
345 2996 1301 3078 seine Sehnsucht verzaubert unser Herz zu der
331 3047 866 3113 Ahnung des Schicksals.
383 3068 1314 3152 Nur wenn man die Vorgeschichte zu dem Kon¬
347 3126 1311 3185 flikt, der den Mittelpunkt des Stückes bildet, in
332 3180 1298 3235 der Anatol=Weise erzählt, das heißt sie durch
339 3207 1299 3278 Ironie und Flüchtigkeit von allem Ernst befreit,
334 3259 1320 3351 ist sie wahr. Es ist diese: Zwei junge Künstler,
1411 229 1872 326 box 23/1
1288 1332 3359 1418 der eine — Julian Fichtner — genialisch, lebens= Frau in ihrer Jugend sich einer stürmischeren] Me
3223 1397 3361 1453 urteil
2265 1404 3223 1457 Leidenschaft hingegeben hat, ja, daß sie mit der
1975 1418 2262 1475 — Wegrath —
1293 1417 1956 1476 und freiheitsdurstig, der andere
3223 1442 3362 1494 keinen
2270 1443 3218 1500 Lüge in Leib und Seele eine Ehe eingegangen
1300 1451 2256 1510 ein korrekter Arbeiter, ernster, etwas simpler,
3230 1485 3352 1539 doch
2267 1489 3219 1546 ist, das ist menschlich, und wir sind keine
1305 1500 2259 1555 gütiger Mensch, verlieben sich während der
3230 1526 3344 1582 sehr
2262 1524 3232 1590 Pharisäer; wir verstehen und verzeihen. Daß sie
1299 1549 2258 1600 Ferien, die sie auf dem Lande zubringen, in das¬
3229 1570 3359 1627 laute
2263 1571 3224 1631 aber jetzt, vor ihrem geahnten Tode, selber ver¬
1312 1589 2263 1643 selbe Mädchen. Sie heißt Gabriele, ist einfacher
3261 1616 3358 1673 Fid
2268 1611 3225 1673 steht und verzeiht, macht sie uns schon zweifel¬
1302 1635 2256 1693 Leute Kind, schön und unerfahren. Wegrath ver¬
3227 1659 3369 1713 er er
2264 1653 3221 1718 hafter. Wir dürfen ihrer Vergangenheit recht
1300 1671 2264 1725 lobt sich mit ihr. Aber da er nach Fichtners
3232 1700 3367 1756 Gabr
2270 1700 3230 1777 geben, sie sollte es besser nicht. Das Wort ihres
1299 1721 2263 1769 Meinung zu derlei Schicksalen geboren scheint, ver¬
3236 1740 3362 1800 faule
2258 1758 3225 1806 Arztes: „Glücklich machen ist besser als schuld¬
1297 1765 2258 1816 führt ihm kurz vor der Hochzeit der Freund das
3231 1787 3364 1845 selbst
2268 1784 3217 1858 los sein“, das ist ganz gewiß eine Wahrheit; aber
1298 1809 2267 1859 Mädchen, will sie entführen und läßt sie im letzten
3225 1833 3356 1888 einen
2262 1834 3219 1905 eine recht allgemeine, recht sentenziöse Wahrheit
1301 1854 2265 1903 Augenblick im Stich. Sie ist verzweifelt, natürlich,
3238 1879 3352 1933 dem
2321 1876 3227 1930 von der wir keineswegs überzeugt sind, daß
1301 1893 2265 1950 aber sie beruhigt sich und heiratet nach acht Tagen
3228 1922 3348 1976 hält,
2274 1920 3225 1980 sie auf den vorliegenden Fall paßt. Denn wir
1304 1942 2266 1986 Wegrath, der zu derlei Schicksalen bestimmt scheint.
3225 1960 3361 2028 dem
2271 1964 3225 2018 müssen fragen: kann eine Frau, die in dieser
1296 1981 2255 2044 Der Knabe, den sie zur Welt bringt, kann, bei der
3226 2009 3363 2058 er no
2262 1998 3229 2069 Weise schuldig ist, glücklich machen? Ich glaube,
1297 2022 2266 2096 vorsichtigen Verteilung der Zeit, ohne weiteres
2268 2037 3227 2107 sie kann es. Aber sie kann es nur in einer Sphäre
3224 2045 3353 2114 Auch
1299 2068 2033 2137 als Sproß der jungen Ehe gelten.
3236 2096 3361 2152 Schaf
2262 2095 3229 2158 seelischer Dumpfheit, unter Lebensverhältnissen,
1337 2113 2265 2175 Das ist ein Zötlein; graziös dargestellt, mag
3232 2139 3354 2194 sagen
2276 2147 3225 2199 wo das Verantwortungsgefühl der Menschen sich
1296 2162 2263 2225 es dieselbe Schadenfreude erregen wie der Ge¬
3229 2182 3362 2237 fünft
2269 2189 3228 2243 an realeren Dingen erprobt als an Seelen¬
1302 2200 2264 2268 prellte und Hahnrei in der Komödie. Es gehört
3224 2226 3357 2291 es sich
2265 2224 3229 2282 erlebnissen. Wir meinen also, daß alle Voraus¬
1305 2251 2256 2304 in eine Lebenssphäre, die durch sittliche Haar¬
2275 2274 3234 2326 setzungen Schnitzlers gut und richtig sein würden,
3228 2271 3356 2327 jung
1303 2287 2265 2351 spaltereien noch nicht bekümmert ist; das ist noch
2271 2313 3228 2385 wenn sie nur nicht die Voraussetzungen zu einem
3237 2316 3369 2366 in de
1311 2346 2267 2393 die Sphäre des Spiels; wir freuen uns zu¬
2266 2353 2695 2425 Drama sein sollten.
3228 2358 3360 2414 sogar
1306 2374 2263 2441 zusehen; es gibt nur das eine Recht: das Recht
3238 2402 3359 2460 gibt;
2299 2404 3229 2481 Die Verirrung wird noch deutlicher. Frau
1301 2417 2270 2479 des Stärkeren und des Schlaueren. Fallen wir
3232 2445 3353 2501 geht
2276 2446 3233 2517 Gabriele stirbt, und ungefähr um die Zeit ihres
1303 2463 2270 2528 aber aus dem Stande der Unschuld und fühlen
3235 2487 3356 2542 Leben
2278 2506 3234 2562 Todes findet sich ihr Jugendgeliebter, Julian
1307 2513 2266 2576 uns vom Gewissen bedrängt, so bekommt die ver¬
3234 2532 3358 2593 ist u
2273 2554 3227 2615 Fichtner, wieder ein. Der ist in der Welt herum¬
1309 2546 2268 2607 gnügliche Geschichte ein sehr abscheuliches Aus¬
2276 2590 3240 2650 gekommen, leidenschaftlich genießend, immer auf
1302 2592 2274 2666 sehen. Hier hat es Schnitzler versehen, und es wird
3233 2612 3351 2686 weise
2273 2641 3224 2692 der Suche, und schließlich immer auf der Flucht.
1299 2645 2270 2707 alles schief und verzerrt bei ihm, weil er die Ver¬
3235 2673 3353 2725 Kun
2278 2682 3232 2751 Seine Begabung hat nicht gehalten, was sie ver¬
1306 2686 2127 2751 änderung der Perspektive nicht beachtete.
3237 2717 3357 2771 die A
2270 2723 3227 2775 sprochen hat. Die Kunst war spröde, das Leben
1343 2721 2266 2792 Wegraths Ehe ist glücklich; außer dem ersten
3231 2756 3344 2815 und
2278 2775 3227 2824 war es nicht. Aber der Trank, den es ihm bietet,
1309 2771 2273 2845 Kinde, Felix, wird ihm ein Mädchen, Johanna,
3233 2801 3359 2860 dami
2271 2811 3238 2869 fängt an, ihm schal zu schmecken; die Kraft verläßt
1310 2823 2261 2878 geboren; die Kinder sind ihm nicht ferner, als
3237 2847 3360 2911 mals
2276 2849 3243 2916 ihn, die Elastizität wird geringer, und so, nicht
1309 2860 2273 2921 dies im Durchschnitt gewöhnlich ist; die Frau
3241 2894 3356 2950 Haa#
2271 2901 3237 2955 weit davon, als triste cochon den Kopf in
1308 2918 2264 2965 liebt er mit stets sich gleich bleibender Zärtlich¬
3241 2934 3362 3006 verd
2280 2946 3234 2997 Aschermittwochsstimmung hängen zu lassen, sucht
1309 2953 2276 3003 keit. Die Jahre vergehen, die Kinder sind groß,
3236 2979 3345 3032 den
2277 2988 3228 3042 er sich eine Heimat bei seinem Kinde. Er entdeckt
1312 2996 2271 3064 der Sohn Offizier, Johanna eben zur Jungfrau
3232 3010 3358 3084 sond
1308 3033 3238 3104 erwacht. Die Frau wird krank und fühlt ihr Ende dem Felix, daß er sein Sohn sei. Felix, der zu
1312 3076 3237 3138 nahen. Sie blickt auf ihr Leben zurück und sie Fichtner bisher das schöne Verhältnis des jungen
3235 3103 3345 3172 Sie
2279 3117 3233 3170 Menschen zum älteren Freunde gehabt hat, fühlt
1318 3136 2279 3185 findet keine Schuld darin; sie bereut nichts; sie
3242 3154 3359 3214 schau
2271 3165 3233 3214 sich verwirrt; das Geständnis nähert ihn nicht,
1308 3164 2280 3224 läßt sich's von ihrem Arzt bestätigen, daß „glück¬
3239 3202 3356 3256 Fnüp
2280 3203 3242 3285 sondern entfernt ihn innerlich vom leiblichen
1315 3211 2111 3295 lich machen besser ist als schuldlos sein“.
3236 3249 3369 3323 führ
1317 3236 2453 3344 Schon bier stutzen wir. Wir finden: daß die Vater.
