3484 4320
983 206 1078 283 6m
1483 214 1967 319 box 23/2
338 210 1353 322 18. Der einsadedeg
1582 1091 1886 1171 Menschenmenge
590 1144 1884 1205 aus Pulsnitz und Umgebung wohnte dem ernsten Akte bei. Die Särge
1374 1162 1952 1254 af Familienmitglieder waren#d
586 1202 1285 1267 der Frau Freudenberg und der übrige
595 1311 1886 1399 elegischen Stimmung gerecht zu werden. Das gelang hier so
590 1365 1955 1450 wenig wie früher bei Maeterlink. In rein technischer Beziehung
596 1418 1886 1481 aber beging man dabei den Fehler, so leise zu sprechen, daß man
592 1461 1889 1525 selbst in den vordersten Parkettreihen nur mit äußerster An¬
601 1507 1882 1571 strengung dem Dialog folgen konnte, Manches aber blieh ganz
1717 1551 1870 1625 Wek
2579 1535 3100 1632 Sonnabend den 17. Tege
589 1557 934 1624 unverständlich.
2298 1608 2774 1664 Beethoven=Abend.
1941 1638 3174 1705 „Alle Schlachten der Beethovenschen Gedanken werden in seiner
1055 1669 1425 1755 Crainquebille.
1892 1676 3180 1757 Musik geschlagen; alle Kämpfe seiner Empfindungen, Siege und
855 1717 1647 1809 Schauspiel in 3 Bildern von Anatole France.
1901 1734 3185 1801 Niederlagen haben hier ihre Wahlstatt. Die Subjektivität fühlt!
1899 1772 3186 1856 sich in dieser Musik in voller selbstherrlicher Macht, nicht nur durch
611 1770 1876 1867 Erstaufführung im Theater am Thomasring am Sonntag den 18. Dezember.
1895 1819 3185 1888 ihre musikalische Gestaltungsfrende, sondern auch mit ihrem
668 1838 1884 1903 Crainquebille, der Held des gleichnamigen Schauspiels, ist ein
1898 1864 3175 1928 menschlichen Leben, den geistigen Kämpfen, seelischen Leiden.“
600 1877 1885 1960 alter Grüngramhändler in Paris, der in ein und demselben Stadt¬
1889 1903 3179 1974 Diese zwei Sätze von Max Graf aus seine „Beethovenstudie“
597 1936 1884 1989 teil von Straße zu Straße zieht und so eine wohlbekannte Persön¬
1904 1968 3175 2023 fixieren auch den Standpunkt für alle Beethoven=Interpreten.
594 1975 1881 2037 lichkeit für Alt und Jung geworden ist. Während die Klein¬
1898 1994 3182 2061 Das entfesselte und hochgesteigerte künstlerische Ich Beethovens
597 2005 1890 2085 bürgersfrau Bayard ins Haus tritt, um das Geld für einen bei
1897 2049 3191 2104 verlangt für die Wiedergabe seiner Werke nicht bedingungsweise,
595 2062 1882 2131 Crainquebille gemachten Einkauf zu holen, gerät er mit einem
1904 2089 3188 2153 sondern unbedingt ein seinem Ich nahestehendes nachschaffendes
594 2109 1885 2160 Schutzmann in Konflikt, der dreist behauptet, von Crainquebille
1900 2125 3190 2203 Individuum, das „frei durch Vernunft, stark durch Gesetze“ und
603 2154 1884 2207 mit dem Schmeichelwort Schw....hand belegt worden zu sein.
1904 2167 3195 2251 reich durch Gefühle. Es werden viele Künstler gewogen und
601 2191 1895 2262 Crainquebille wird verhaftet. Auch das Zeugnis des Doktor
1907 2206 3188 2283 zu leicht für Beethoven gefunden. Denn die Größe seiner künst¬
603 2237 1881 2297 Mathien hindert bei der Gerichtsverhandlung nicht, daß die Richter
1899 2260 3196 2324 lerischen Persönlichkeit ist ein zu schweres Gewicht für ihr Können
601 2277 1898 2334 den alten Mann zu einer Gefängnisstrafe verurteilen. Im dritten
1901 2322 3182 2368 und Wollen und läßt sie in der Wagschale wie leichte Spren
601 2324 1889 2391 Bilde sehen wir die Folgen. Crainquebille ist als entlassener Ge¬
1895 2349 3188 2413 emporschnellen. Kommt aber einer daher und erschließt die ge¬
598 2364 1889 2433 fangener brotlos geworden. Von dem „Zuchthäusler“ will nie¬
1895 2395 3195 2454 heimsten Tiefen von Beethovens Wesenheit, dann bleiben die
601 2408 1902 2481 mand etwas wissen. Er sehnt sich darum nach dem Gefängnis
1904 2428 3198 2508 Blicke bewundernd an ihm hangen. Ein solcher ist Eugen
610 2448 1903 2532 zurück und beleidigt deshalb wirklich mit dem gleichen Schimpf¬
1894 2481 3200 2544 d'Albert. Daß er Mitwirkender in der Kammermusik am
609 2497 1887 2568 wort einen anderen Schutzmann. Vergebens! Dieser belehrt ihn
1896 2513 3189 2596 vergangenen Sonnabend war, verlieh dem Beethoven=Abend erst
612 2542 1894 2600 nur über sein „unpassendes Benehmen" und Crainquebille ist
1898 2560 3198 2632 die ihm zustehende Bedeutung. Die ins Programm ausgenommenen
603 2594 1893 2655 nahe daran, verzweifelt in die Seine zu gehen. Aber ein junger
1915 2598 3205 2675 Werke bildeten eine Skizzierung Beethovens Entwickelung
605 2622 1899 2690 Mensch, dem er einst einen halbverfaulten Apfel geschenkt hat, be¬
1905 2642 3205 2722 in der Kammermusik. Von einem der ersten Quartette, Op. 18
603 2673 1894 2735 lehrt ihn, daß man den Mut nicht sinken lassen dürfe und wird
1915 2708 3196 2763 Nr. 4, in C=Moll, erhob sich die Linie über das kraftvolle Trio
615 2718 1893 2784 dafür von Crainquebille als glücklicher Mann gepriesen, weil er
1911 2738 3192 2805 für Klavier, Violine und Violoncello, Op. 97, in B=Dur, zu einem
604 2758 1895 2815 einem Menschen das Leben gerettet hat. — Dies der Inhalt des
1910 2779 3198 2852 der letzten Quartette für Streichinstrumente, zu dem Cis=Moll¬
602 2799 1909 2866 Dramas, das durch die scharfe Charakteristik seiner Personen, die
1908 2830 3063 2887 Quartett, das Beethoven selbst für sein „größtes“ hält.
603 2846 1897 2912 lebhaften Straßenszenen und die bewegte Gerichtsverhandlung
1960 2866 3199 2936 Entwirft der Meister in seinem C=Moll=Quartett Bilder der
607 2887 1910 2953 keine üble Milieuschilderungen bietet, aber in langatmigen
1915 2909 3202 2981 Seele und des Lebens mit dunklerem Hintergrund, so lichtet er
614 2922 1911 2998 Schlußreden voll billigen Pathos verpufft, so daß es kein tieferes
1922 2970 3206 3024 sie im B=Dur=Trio wieder auf. Unter den freudvoll sich auf¬
613 2967 1907 3049 Interesse wach ruft. — Soll es stärker wirken, so müßten vor allem
1919 2997 3194 3064 schwingenden Sätzen nimmt das Andante candabile seines
611 3017 1921 3085 die Volksszenen weit mehr natürliche Frische zeigen, als es bei
1910 3041 3194 3123 seelenvollen Inhalt wegen eine besondere Stellung ein. Es
613 3074 1904 3130 der heutigen Vorstellung der Fall war, und die Gerichtsszene dürfte
1921 3094 3205 3156 gleicht einer herrlichen Perle in strahlender Fassung. Was
609 3106 1900 3190 nicht in dem Maße durch das Gebrüll eines immer wieder Ruhe
1917 3131 3207 3195 Beethoven in seinem Cis=Moll=Oartett offenbart, läßt sich schwer
608 3153 1908 3221 rufenden Gerichtsdieners gestört werden, was nachgerade uner¬
1913 3168 3197 3247 mit Worten sagen. Als Gegenstück zu seiner „Neunten“ ist es
613 3189 1901 3252 träglich wurde. Die Hauptrolle wurde im ganzen scharf und sicher
1919 3206 3135 3295 der Inbegriff seines Daseinsgefühls voll Wonne und Wehe.
616 3238 1910 3307 von Robert Forsch gezeichnet. Agnes Wenkhaus gab
1968 3248 3210 3332 Die Wiedergabe des B=Dur=Trios unter der genialen Führung
616 3274 1916 3358 eine samose Schuhmachersfrau, namentlich trefflich in seiner
1918 3305 3218 3381 von d'Albert muß an erster Stelle genannt werden. Sie riß fort
616 3320 1932 3392 Charakteristik bei der Gerichtsszene. Auch der nervöse Gerichts¬
1911 3351 3212 3405 1 und zeigte, daß Beethovens freies Schaffen ein ebenso freies Nach¬
620 3369 1905 3437 präsident Bourriche wurde von Elimar Striebeck, dem
1919 3393 3219 3461 schaffen in seinem Geiste verlangt. Wie d'Albert die Sklaven=
618 3423 1909 3489 solche Rollen liegen, hübsch gespielt. — Das Publikum nahm das
1930 3443 3217 3504 ketten des Taktes und des Tempos abschüttelte, und doch durch die
625 3456 1903 3528 Schauspiel erst am Schluß wärmer auf. Nach dem zweiten Akt
1931 3479 3222 3547 Kraft seiner Vernunft und seines Gefühls den Beethovenschen
623 3502 1911 3567 hörte man sogar starkes Zischen, obwohl hier viel Lebenswahres
619 3522 3226 3633 in der Gerichtsverhandlung — auch für deutsche Verhältnisse! — Rhythmus im gewaltigen Sturmschritt zum Siege trug, bewies
