<?xml version="1.0" encoding="UTF-8" standalone="yes"?>
<PcGts xmlns="http://schema.primaresearch.org/PAGE/gts/pagecontent/2013-07-15" xmlns:xsi="http://www.w3.org/2001/XMLSchema-instance" xsi:schemaLocation="http://schema.primaresearch.org/PAGE/gts/pagecontent/2013-07-15 http://schema.primaresearch.org/PAGE/gts/pagecontent/2013-07-15/pagecontent.xsd">
    <Metadata>
        <Creator>prov=University of Rostock/Institute of Mathematics/CITlab/Gundram Leifert/gundram.leifert@uni-rostock.de:name=ONB_Newseye_GT_M1+(htr_id=10810)::::v=2.4.2
prov=University of Rostock/Institute of Mathematics/CITlab/Tobias Gruening/tobias.gruening@uni-rostock.de:name=de.uros.citlab.module.baseline2polygon.B2PSeamMultiOriented:v=2.4.2
prov=University of Rostock/Institute of Mathematics/CITlab/Tobias Gruening/tobias.gruening@uni-rostock.de:name=/mnt/transkribus/LA/DEA/URO/LA_news_onb_att.pb:de.uros.citlab.segmentation.CITlab_LA_ML:v=2.4.2
Transkribus</Creator>
        <Created>2019-10-07T11:27:56.721+02:00</Created>
        <LastChange>2019-10-08T09:24:43.654+02:00</LastChange>
        <TranskribusMetadata docId="223970" pageId="9500084" pageNr="196" tsid="16509809" status="IN_PROGRESS" userId="40391" imgUrl="https://files.transkribus.eu/Get?id=RVBEMLYSVEYAUWCEMRHCQRVR&amp;fileType=view" xmlUrl="https://files.transkribus.eu/Get?id=FRMALGGNJEBYHDBNSTEIFMZA" imageId="6190306"/>
    </Metadata>
    <Page imageFilename="223970_0196.jpeg" imageWidth="3436" imageHeight="4352">
        <ReadingOrder>
            <OrderedGroup id="ro_1711450661091" caption="Regions reading order">
                <RegionRefIndexed index="0" regionRef="r1"/>
                <RegionRefIndexed index="1" regionRef="r2"/>
            </OrderedGroup>
        </ReadingOrder>
        <TextRegion orientation="0.0" id="r1" custom="readingOrder {index:0;}">
            <Coords points="173,327 173,3507 2247,3507 2247,327"/>
            <TextLine id="r1l1" custom="readingOrder {index:0;}">
                <Coords points="1383,374 1411,368 1462,394 1529,362 1636,386 1848,354 1848,318 1775,286 1666,306 1628,295 1589,318 1566,305 1475,314 1431,287 1384,292"/>
                <Baseline points="1393,355 1419,355 1445,355 1471,355 1497,356 1524,356 1550,356 1576,356 1602,357 1629,357 1655,357 1681,357 1707,357 1734,357 1760,357 1786,357 1812,356 1839,356"/>
                <TextEquiv>
                    <Unicode>box 23/2</Unicode>
                </TextEquiv>
            </TextLine>
            <TextLine id="r1l2" custom="readingOrder {index:1;}">
                <Coords points="164,361 548,408 1081,400 1082,287 852,333 718,298 410,331 164,301"/>
                <Baseline points="173,353 218,358 263,362 308,367 353,371 398,373 443,376 488,378 533,379 578,380 623,381 668,380 713,380 758,379 803,377 848,375 893,373 938,369 983,366 1028,362 1073,358"/>
                <TextEquiv>
                    <Unicode>18. Der einsane</Unicode>
                </TextEquiv>
            </TextLine>
            <TextLine id="r1l3" custom="readingOrder {index:2;}">
                <Coords points="1069,385 1118,405 1180,385 1224,406 1273,406 1331,392 1332,337 1244,335 1181,307 1148,323 1101,308 1070,312"/>
                <Baseline points="1079,372 1106,372 1133,372 1160,373 1187,373 1214,373 1241,374 1268,374 1295,373 1323,373"/>
                <TextEquiv>
                    <Unicode>deg</Unicode>
                </TextEquiv>
            </TextLine>
            <TextLine id="r1l4" custom="readingOrder {index:3;}">
                <Coords points="1159,1166 1383,1189 1459,1174 1516,1196 1648,1166 1703,1184 1739,1165 1827,1172 1826,1130 1728,1116 1550,1112 1453,1134 1397,1107 1319,1135 1273,1110 1158,1140"/>
                <Baseline points="1167,1165 1199,1165 1232,1165 1264,1165 1297,1165 1329,1165 1362,1165 1394,1165 1427,1164 1459,1164 1492,1164 1524,1164 1557,1164 1589,1163 1622,1163 1654,1163 1687,1162 1719,1162 1752,1161 1784,1161 1817,1160"/>
                <TextEquiv>
                    <Unicode>Ein Kleeblatt der neuesten Dramen.</Unicode>
                </TextEquiv>
            </TextLine>
            <TextLine id="r1l5" custom="readingOrder {index:4;}">
                <Coords points="757,1189 768,1189 785,1180 788,1184 796,1176 816,1186 827,1177 848,1181 859,1172 879,1174 880,1123 864,1126 844,1111 824,1115 816,1107 784,1122 775,1116 767,1123 758,1123"/>
                <Baseline points="767,1166 793,1164 819,1163 845,1164 871,1168"/>
                <TextEquiv>
                    <Unicode>538</Unicode>
                </TextEquiv>
            </TextLine>
            <TextLine id="r1l6" custom="readingOrder {index:5;}">
                <Coords points="764,1270 1973,1276 2202,1260 2218,1206 764,1215"/>
                <Baseline points="773,1263 844,1263 916,1262 988,1262 1060,1261 1132,1260 1204,1259 1275,1258 1347,1257 1419,1255 1491,1254 1563,1253 1635,1252 1707,1251 1778,1250 1850,1249 1922,1248 1994,1248 2066,1248 2138,1248 2210,1249"/>
                <TextEquiv>
                    <Unicode>aber dennoch nicht zu seinem leiblichen Vater stellt, sondern zu dem greisen, guten</Unicode>
                </TextEquiv>
            </TextLine>
            <TextLine id="r1l7" custom="readingOrder {index:6;}">
                <Coords points="764,1323 2157,1330 2216,1265 1097,1295 763,1261"/>
                <Baseline points="773,1314 844,1315 916,1316 988,1317 1060,1317 1131,1316 1203,1315 1275,1314 1347,1313 1418,1312 1490,1310 1562,1309 1634,1307 1705,1306 1777,1305 1849,1304 1921,1303 1992,1303 2064,1303 2136,1303 2208,1304"/>
                <TextEquiv>
                    <Unicode>Manne, der ihn erzogen hat. Daneben geht einen einsamen Weg des Hauses</Unicode>
                </TextEquiv>
            </TextLine>
            <TextLine id="r1l8" custom="readingOrder {index:7;}">
                <Coords points="769,1384 2220,1373 2219,1329 2077,1311 768,1322"/>
                <Baseline points="778,1370 849,1370 921,1371 992,1371 1064,1370 1136,1370 1207,1369 1279,1368 1350,1367 1422,1366 1494,1365 1565,1364 1637,1363 1708,1362 1780,1361 1852,1360 1923,1359 1995,1358 2066,1358 2138,1358 2210,1358"/>
                <TextEquiv>
                    <Unicode>Tochter, die mit einer Art zweiten Gesichts behaftet ist; sie verliert ihr Herz an</Unicode>
                </TextEquiv>
            </TextLine>
            <TextLine id="r1l9" custom="readingOrder {index:8;}">
                <Coords points="766,1424 2167,1428 2218,1378 766,1384"/>
                <Baseline points="776,1424 847,1424 919,1423 990,1423 1062,1423 1134,1422 1205,1422 1277,1422 1349,1421 1420,1421 1492,1420 1564,1420 1635,1419 1707,1418 1779,1418 1850,1417 1922,1416 1994,1414 2065,1413 2137,1412 2209,1410"/>
                <TextEquiv>
                    <Unicode>einen blasierten Egoisten, dessen nahen Tod infolge fortschreitenben Herzleidens</Unicode>
                </TextEquiv>
            </TextLine>
            <TextLine id="r1l10" custom="readingOrder {index:9;}">
                <Coords points="768,1498 2227,1472 2185,1416 767,1431"/>
                <Baseline points="777,1480 849,1479 921,1477 993,1476 1065,1476 1137,1475 1209,1475 1281,1474 1353,1474 1425,1473 1497,1472 1569,1472 1641,1471 1713,1470 1785,1469 1857,1468 1929,1467 2001,1465 2073,1464 2145,1462 2217,1459"/>
                <TextEquiv>
                    <Unicode>sie voraussieht — und ertränkt sich im Teiche seiner Villa. Es besteht keine</Unicode>
                </TextEquiv>
            </TextLine>
            <TextLine id="r1l11" custom="readingOrder {index:10;}">
                <Coords points="769,1536 2117,1541 2212,1518 2211,1467 768,1498"/>
                <Baseline points="777,1535 848,1533 919,1532 990,1531 1062,1530 1133,1529 1204,1528 1276,1527 1347,1527 1418,1526 1490,1525 1561,1524 1632,1524 1703,1523 1775,1522 1846,1521 1917,1520 1989,1519 2060,1518 2131,1517 2203,1515"/>
                <TextEquiv>
                    <Unicode>organische Verbindung zwischen den beiden Handlungen, nur eine Art Personal¬</Unicode>
                </TextEquiv>
            </TextLine>
            <TextLine id="r1l12" custom="readingOrder {index:11;}">
                <Coords points="766,1597 2229,1568 2175,1520 765,1557"/>
                <Baseline points="774,1589 846,1588 918,1587 990,1586 1063,1585 1135,1584 1207,1583 1279,1582 1352,1581 1424,1580 1496,1579 1568,1578 1641,1577 1713,1576 1785,1575 1857,1574 1930,1573 2002,1572 2074,1572 2146,1571 2219,1570"/>
                <TextEquiv>
                    <Unicode>union, weil sich's eben um eine Familie dreht. Der alte gute Professor steht</Unicode>
                </TextEquiv>
            </TextLine>
            <TextLine id="r1l13" custom="readingOrder {index:12;}">
                <Coords points="763,1645 2230,1625 2193,1582 762,1607"/>
                <Baseline points="772,1642 844,1640 916,1639 989,1637 1061,1636 1134,1635 1206,1634 1279,1634 1351,1633 1424,1633 1496,1632 1568,1632 1641,1631 1713,1631 1786,1630 1858,1630 1931,1629 2003,1628 2076,1627 2148,1625 2221,1623"/>
                <TextEquiv>
                    <Unicode>am Ende ganz allein, seinen einsamen Weg zu gehen. Die anderen Personen</Unicode>
                </TextEquiv>
            </TextLine>
            <TextLine id="r1l14" custom="readingOrder {index:13;}">
                <Coords points="770,1703 2031,1704 2222,1684 2222,1640 769,1650"/>
                <Baseline points="779,1697 850,1695 922,1693 994,1691 1065,1690 1137,1689 1209,1688 1280,1687 1352,1687 1424,1686 1496,1686 1567,1685 1639,1685 1711,1685 1782,1684 1854,1683 1926,1683 1997,1682 2069,1680 2141,1679 2213,1677"/>
                <TextEquiv>
                    <Unicode>scheiden eine nach der anderen aus; größtenteils durch den erfolgten oder</Unicode>
                </TextEquiv>
            </TextLine>
            <TextLine id="r1l15" custom="readingOrder {index:14;}">
                <Coords points="765,1752 2123,1748 2221,1732 2221,1685 765,1735"/>
                <Baseline points="775,1750 846,1748 918,1746 990,1745 1062,1744 1134,1743 1206,1743 1278,1742 1350,1742 1422,1742 1494,1742 1565,1742 1637,1741 1709,1741 1781,1740 1853,1739 1925,1737 1997,1735 2069,1733 2141,1730 2213,1727"/>
                <TextEquiv>
                    <Unicode>nahenden Tod; und man fragt sich, ob sie eigentlich einen anderen Zweck</Unicode>
                </TextEquiv>
            </TextLine>
            <TextLine id="r1l16" custom="readingOrder {index:15;}">
                <Coords points="763,1821 2162,1803 2229,1753 762,1766"/>
                <Baseline points="771,1805 843,1804 915,1802 988,1801 1060,1799 1133,1798 1205,1797 1278,1796 1350,1795 1423,1794 1495,1793 1567,1792 1640,1791 1712,1790 1785,1790 1857,1789 1930,1788 2002,1788 2075,1787 2147,1786 2220,1786"/>
                <TextEquiv>
                    <Unicode>hatten, als den, das sein ausgearbeitete Filigran ihrer sauber gegeneinander ab¬</Unicode>
                </TextEquiv>
            </TextLine>
            <TextLine id="r1l17" custom="readingOrder {index:16;}">
                <Coords points="771,1875 2231,1839 2126,1788 771,1827"/>
                <Baseline points="781,1860 853,1858 925,1857 997,1856 1069,1854 1141,1853 1213,1852 1285,1851 1357,1850 1429,1849 1501,1848 1573,1846 1645,1846 1717,1845 1789,1844 1861,1843 1933,1842 2005,1841 2077,1840 2149,1840 2221,1839"/>
                <TextEquiv>
                    <Unicode>gestimmten Charaktere zu zeigen. Damit nähert sich das Stück der Richtung</Unicode>
                </TextEquiv>
            </TextLine>
            <TextLine id="r1l18" custom="readingOrder {index:17;}">
                <Coords points="774,1911 2184,1909 2224,1858 773,1875"/>
                <Baseline points="783,1910 854,1909 926,1908 997,1907 1069,1906 1141,1905 1212,1904 1284,1904 1355,1903 1427,1902 1499,1902 1570,1901 1642,1900 1713,1900 1785,1899 1857,1898 1928,1897 2000,1896 2071,1894 2143,1893 2215,1891"/>
                <TextEquiv>
                    <Unicode>Gerhart Hauptmanns in bedenklicher Weise. Die bei allem Tiefsinn grandiose</Unicode>
                </TextEquiv>
            </TextLine>
            <TextLine id="r1l19" custom="readingOrder {index:18;}">
                <Coords points="764,1958 2163,1974 2236,1956 2236,1904 763,1918"/>
                <Baseline points="772,1964 844,1963 917,1962 990,1961 1063,1960 1135,1959 1208,1958 1281,1957 1354,1957 1426,1956 1499,1955 1572,1954 1645,1954 1717,1953 1790,1952 1863,1952 1936,1951 2008,1951 2081,1951 2154,1950 2227,1950"/>
                <TextEquiv>
                    <Unicode>dramatische Wucht des Nordländers vermißt man um so schmerzlicher, weil man</Unicode>
                </TextEquiv>
            </TextLine>
            <TextLine id="r1l20" custom="readingOrder {index:19;}">
                <Coords points="772,2030 1788,2024 1787,1961 772,1986"/>
                <Baseline points="782,2020 831,2018 881,2017 931,2016 981,2015 1031,2014 1081,2013 1130,2013 1180,2013 1230,2012 1280,2012 1330,2012 1380,2011 1430,2011 1479,2011 1529,2010 1579,2009 1629,2009 1679,2008 1729,2007 1779,2005"/>
                <TextEquiv>
                    <Unicode>sonst an allen Ecken und Enden an ihn erinnert wird.</Unicode>
                </TextEquiv>
            </TextLine>
            <TextLine id="r1l21" custom="readingOrder {index:20;}">
                <Coords points="880,2062 2209,2069 2232,2021 879,2020"/>
                <Baseline points="890,2066 956,2067 1023,2067 1089,2067 1156,2067 1223,2067 1289,2067 1356,2066 1423,2065 1489,2064 1556,2063 1623,2062 1689,2061 1756,2060 1823,2059 1889,2057 1956,2056 2023,2055 2089,2054 2156,2052 2223,2052"/>
                <TextEquiv>
                    <Unicode>Bernard Shaw ist ein ganz anderer Kerl. Er teilt sich mit Pinero</Unicode>
                </TextEquiv>
            </TextLine>
            <TextLine id="r1l22" custom="readingOrder {index:21;}">
                <Coords points="774,2121 2221,2117 2191,2065 773,2072"/>
                <Baseline points="784,2126 855,2125 926,2123 998,2122 1069,2121 1140,2120 1212,2119 1283,2119 1354,2118 1426,2117 1497,2116 1568,2115 1640,2114 1711,2114 1782,2113 1854,2112 1925,2112 1996,2111 2068,2110 2139,2110 2211,2109"/>
                <TextEquiv>
                    <Unicode>in die Pflicht, den Londoner Theatern alljährlich neue Stücke zu liefern, wie</Unicode>
                </TextEquiv>
            </TextLine>
            <TextLine id="r1l23" custom="readingOrder {index:22;}">
                <Coords points="767,2195 2010,2190 2206,2171 2226,2131 766,2154"/>
                <Baseline points="775,2180 847,2179 919,2178 991,2177 1063,2176 1135,2175 1207,2174 1279,2173 1351,2172 1423,2172 1496,2171 1568,2170 1640,2169 1712,2168 1784,2167 1856,2166 1928,2166 2000,2165 2072,2163 2144,2162 2217,2161"/>
                <TextEquiv>
                    <Unicode>es in Berlin Blumenthal, Schönthan und ähnliche Geschäftsleute besorgen. Wie</Unicode>
                </TextEquiv>
            </TextLine>
            <TextLine id="r1l24" custom="readingOrder {index:23;}">
                <Coords points="765,2223 862,2259 2236,2224 2235,2178 2071,2166 765,2197"/>
                <Baseline points="775,2238 847,2236 920,2234 992,2232 1065,2231 1138,2229 1210,2228 1283,2227 1355,2226 1428,2225 1501,2224 1573,2224 1646,2223 1718,2222 1791,2221 1864,2220 1936,2219 2009,2218 2081,2218 2154,2216 2227,2215"/>
                <TextEquiv>
                    <Unicode>diese sich in den letzten Jahren genötigt sahen, historische Anekdoten aufzugreifen</Unicode>
                </TextEquiv>
            </TextLine>
            <TextLine id="r1l25" custom="readingOrder {index:24;}">
                <Coords points="842,2297 2221,2261 2084,2224 841,2262"/>
                <Baseline points="850,2288 918,2287 986,2285 1054,2284 1122,2283 1190,2282 1258,2281 1326,2280 1394,2279 1462,2279 1530,2278 1598,2277 1666,2276 1734,2275 1802,2275 1870,2274 1938,2273 2006,2272 2074,2271 2142,2270 2211,2269"/>
                <TextEquiv>
                    <Unicode> man denke an den wilden Reutlingen, Maria Theresia und ähnliche Kostüm¬</Unicode>
                </TextEquiv>
            </TextLine>
            <TextLine id="r1l26" custom="readingOrder {index:25;}">
                <Coords points="777,2362 2216,2341 2237,2281 776,2311"/>
                <Baseline points="786,2345 858,2343 930,2342 1002,2340 1074,2339 1146,2338 1218,2337 1291,2336 1363,2335 1435,2334 1507,2333 1579,2332 1651,2331 1723,2330 1796,2329 1868,2328 1940,2327 2012,2326 2084,2325 2156,2324 2229,2322"/>
                <TextEquiv>
                    <Unicode>lustspiele — so packt auch der Engländer mit kühner Hand einen Großen der</Unicode>
                </TextEquiv>
            </TextLine>
            <TextLine id="r1l27" custom="readingOrder {index:26;}">
                <Coords points="774,2412 2226,2396 2176,2335 773,2367"/>
                <Baseline points="782,2399 853,2397 925,2395 997,2393 1069,2391 1140,2390 1212,2389 1284,2388 1356,2387 1427,2386 1499,2386 1571,2385 1643,2384 1714,2384 1786,2383 1858,2382 1930,2381 2001,2380 2073,2379 2145,2378 2217,2375"/>
                <TextEquiv>
                    <Unicode>Weltgeschichte an und bietet eine Komödie in einem Aufzug, „Der Schlachten¬</Unicode>
                </TextEquiv>
            </TextLine>
            <TextLine id="r1l28" custom="readingOrder {index:27;}">
                <Coords points="772,2451 2241,2442 2229,2389 771,2409"/>
                <Baseline points="780,2450 852,2449 925,2447 997,2446 1070,2445 1143,2444 1215,2443 1288,2442 1360,2440 1433,2439 1506,2438 1578,2437 1651,2437 1723,2436 1796,2435 1869,2435 1941,2434 2014,2433 2086,2433 2159,2432 2232,2432"/>
                <TextEquiv>
                    <Unicode>lenker“s) geheißen. Es ist wirelich eine Komödie im vollsten Sinne. Der</Unicode>
                </TextEquiv>
            </TextLine>
            <TextLine id="r1l29" custom="readingOrder {index:28;}">
                <Coords points="769,2516 2227,2484 2226,2440 2133,2436 769,2458"/>
                <Baseline points="778,2504 853,2503 929,2502 1005,2501 1080,2499 1156,2498 1232,2497 1308,2496 1383,2494 1459,2493 1535,2492 1611,2491 1686,2490 1762,2489 1838,2488 1914,2488 1989,2487 2065,2487 2141,2486 2217,2486"/>
                <TextEquiv>
                    <Unicode>Dichter spielt Komödie mit seinen Gestalten wie mit dem Publikum, und die</Unicode>
                </TextEquiv>
            </TextLine>
            <TextLine id="r1l30" custom="readingOrder {index:29;}">
                <Coords points="782,2553 2132,2561 2232,2505 781,2522"/>
                <Baseline points="790,2557 861,2557 933,2556 1004,2555 1076,2554 1148,2553 1219,2552 1291,2551 1363,2550 1434,2548 1506,2547 1578,2546 1649,2545 1721,2544 1793,2542 1864,2542 1936,2541 2008,2540 2079,2539 2151,2539 2223,2539"/>
                <TextEquiv>
                    <Unicode>Personen unter sich spielen Komödie miteinander. Nur in der Komödie können</Unicode>
                </TextEquiv>
            </TextLine>
            <TextLine id="r1l31" custom="readingOrder {index:30;}">
                <Coords points="780,2623 2232,2602 2189,2543 779,2566"/>
                <Baseline points="788,2612 859,2611 931,2610 1003,2609 1074,2607 1146,2606 1218,2605 1289,2604 1361,2602 1433,2601 1505,2600 1576,2599 1648,2597 1720,2596 1791,2596 1863,2595 1935,2594 2006,2594 2078,2594 2150,2594 2222,2594"/>
                <TextEquiv>
                    <Unicode>sich General und Leutnant gegenseitig so behandeln, wie es hier geschieht, und</Unicode>
                </TextEquiv>
            </TextLine>
            <TextLine id="r1l32" custom="readingOrder {index:31;}">
                <Coords points="782,2677 2243,2632 781,2622"/>
                <Baseline points="792,2665 864,2663 936,2662 1008,2661 1080,2660 1152,2659 1224,2658 1296,2657 1368,2656 1440,2655 1513,2654 1585,2654 1657,2653 1729,2652 1801,2652 1873,2651 1945,2650 2017,2649 2089,2648 2161,2647 2234,2646"/>
                <TextEquiv>
                    <Unicode>die Dame aus Paris, die alle möglichen Verkleidungen bei der Hand zu haben</Unicode>
                </TextEquiv>
            </TextLine>
            <TextLine id="r1l33" custom="readingOrder {index:32;}">
                <Coords points="773,2739 2093,2720 2247,2667 773,2690"/>
                <Baseline points="783,2721 855,2719 928,2717 1001,2716 1074,2714 1146,2713 1219,2711 1292,2710 1365,2709 1437,2708 1510,2708 1583,2707 1656,2706 1728,2706 1801,2705 1874,2704 1947,2704 2019,2703 2092,2702 2165,2702 2238,2701"/>
                <TextEquiv>
                    <Unicode>scheint, ist Komödiantin durch und durch. Als Komödiant wird der Sieger von</Unicode>
                </TextEquiv>
            </TextLine>
            <TextLine id="r1l34" custom="readingOrder {index:33;}">
                <Coords points="781,2780 2177,2779 2244,2762 2243,2707 780,2740"/>
                <Baseline points="790,2773 862,2773 934,2773 1006,2772 1079,2771 1151,2769 1223,2768 1295,2766 1368,2765 1440,2763 1512,2761 1584,2759 1657,2758 1729,2756 1801,2756 1873,2755 1946,2755 2018,2755 2090,2756 2162,2757 2235,2759"/>
                <TextEquiv>
                    <Unicode>Lodi hingestellt, der junge Napoleon; in flachem Komödienspiele ringt er mit</Unicode>
                </TextEquiv>
            </TextLine>
            <TextLine id="r1l35" custom="readingOrder {index:34;}">
                <Coords points="779,2824 2213,2826 2238,2771 778,2784"/>
                <Baseline points="788,2827 860,2826 932,2825 1004,2823 1076,2822 1148,2821 1220,2820 1292,2819 1364,2818 1436,2817 1508,2816 1580,2815 1652,2814 1724,2814 1796,2813 1868,2812 1940,2811 2012,2811 2084,2810 2156,2809 2229,2808"/>
                <TextEquiv>
                    <Unicode>der Dame um seine Depeschen und um die Briefe, die sein Weib in Paris</Unicode>
                </TextEquiv>
            </TextLine>
            <TextLine id="r1l36" custom="readingOrder {index:35;}">
                <Coords points="782,2866 2233,2876 2232,2822 2039,2815 782,2846"/>
                <Baseline points="792,2881 863,2879 935,2878 1006,2876 1078,2875 1149,2874 1221,2873 1292,2872 1364,2871 1435,2870 1507,2870 1579,2869 1650,2868 1722,2868 1793,2867 1865,2866 1936,2865 2008,2865 2079,2864 2151,2863 2223,2862"/>
                <TextEquiv>
                    <Unicode>kompromittieren — hin und wieder blitzt sein Genie auf; aber das Komödien¬</Unicode>
                </TextEquiv>
            </TextLine>
            <TextLine id="r1l37" custom="readingOrder {index:36;}">
                <Coords points="789,2935 2185,2931 2243,2872 789,2893"/>
                <Baseline points="799,2935 870,2932 942,2930 1014,2928 1086,2927 1158,2925 1229,2924 1301,2924 1373,2923 1445,2922 1517,2921 1588,2921 1660,2920 1732,2920 1804,2919 1876,2919 1947,2918 2019,2917 2091,2916 2163,2914 2235,2912"/>
                <TextEquiv>
                    <Unicode>spiel gewinnt immer wieder die Oberhand bis zur Farce. Am Ende wird der</Unicode>
                </TextEquiv>
            </TextLine>
            <TextLine id="r1l38" custom="readingOrder {index:37;}">
                <Coords points="785,2989 2247,2985 2219,2922 785,2954"/>
                <Baseline points="795,2986 867,2985 939,2984 1011,2982 1083,2981 1155,2981 1227,2980 1299,2980 1371,2979 1443,2979 1516,2978 1588,2978 1660,2977 1732,2977 1804,2976 1876,2975 1948,2974 2020,2972 2092,2970 2164,2968 2237,2965"/>
                <TextEquiv>
                    <Unicode>böse Brief verbrannt. „Als er verkohlt, tauchen sie beide gleichzeitig ihre Blicke</Unicode>
                </TextEquiv>
            </TextLine>
            <TextLine id="r1l39" custom="readingOrder {index:38;}">
                <Coords points="788,3056 2200,3043 2256,3036 2256,2980 787,3011"/>
                <Baseline points="797,3041 869,3041 942,3041 1014,3041 1087,3040 1159,3039 1232,3037 1304,3036 1377,3034 1449,3033 1522,3031 1594,3030 1667,3028 1739,3027 1812,3026 1884,3025 1957,3025 2029,3025 2102,3026 2174,3027 2247,3030"/>
                <TextEquiv>
                    <Unicode>ineinander und sehen sich lange verlangend in die Augen. — Der Vorhang</Unicode>
                </TextEquiv>
            </TextLine>
            <TextLine id="r1l40" custom="readingOrder {index:39;}">
                <Coords points="787,3120 1303,3088 1424,3112 1531,3099 1530,3043 1456,3037 786,3058"/>
                <Baseline points="795,3095 831,3095 867,3094 903,3094 940,3093 976,3093 1012,3092 1049,3092 1085,3092 1121,3091 1158,3091 1194,3090 1230,3090 1266,3089 1303,3088 1339,3087 1375,3087 1412,3086 1448,3085 1484,3084 1521,3082"/>
                <TextEquiv>
                    <Unicode>schleicht langsam herab und versteckt sie.“</Unicode>
                </TextEquiv>
            </TextLine>
            <TextLine id="r1l41" custom="readingOrder {index:40;}">
                <Coords points="901,3161 2198,3146 2236,3140 2235,3078 900,3115"/>
                <Baseline points="909,3147 974,3146 1040,3145 1106,3144 1172,3143 1238,3142 1304,3141 1370,3140 1436,3139 1502,3139 1568,3138 1633,3137 1699,3136 1765,3136 1831,3135 1897,3134 1963,3133 2029,3132 2095,3131 2161,3130 2227,3128"/>
                <TextEquiv>
                    <Unicode>Auch ein Nachspiel also ist angedeutet. Das Ding hat aber auch das</Unicode>
                </TextEquiv>
            </TextLine>
            <TextLine id="r1l42" custom="readingOrder {index:41;}">
                <Coords points="786,3215 2229,3208 2245,3139 785,3168"/>
                <Baseline points="795,3202 867,3201 939,3199 1011,3198 1083,3197 1155,3196 1227,3195 1299,3194 1371,3193 1443,3193 1516,3192 1588,3191 1660,3191 1732,3190 1804,3190 1876,3189 1948,3189 2020,3188 2092,3188 2164,3187 2237,3186"/>
                <TextEquiv>
                    <Unicode>von der Komödie, daß es lustig ist — und zudem ist Shaw ein Englishman,</Unicode>
                </TextEquiv>
            </TextLine>
            <TextLine id="r1l43" custom="readingOrder {index:42;}">
                <Coords points="785,3273 2130,3259 2255,3212 785,3230"/>
                <Baseline points="794,3256 866,3255 939,3254 1011,3252 1084,3251 1157,3250 1229,3249 1302,3248 1374,3247 1447,3246 1520,3246 1592,3245 1665,3244 1737,3243 1810,3243 1883,3242 1955,3242 2028,3241 2100,3241 2173,3241 2246,3241"/>
                <TextEquiv>
                    <Unicode>der zum erstenmale auf den deutschen Bühnen erscheint — Grund genug für</Unicode>
                </TextEquiv>
            </TextLine>
            <TextLine id="r1l44" custom="readingOrder {index:43;}">
                <Coords points="791,3327 1758,3297 1699,3254 791,3278"/>
                <Baseline points="800,3310 847,3309 894,3308 942,3307 989,3306 1037,3305 1084,3304 1132,3303 1179,3302 1227,3302 1274,3301 1321,3300 1369,3300 1416,3300 1464,3299 1511,3299 1559,3299 1606,3299 1654,3299 1701,3299 1749,3299"/>
                <TextEquiv>
                    <Unicode>viele Leute, den Komödienschreiber ernst zu nehmen.</Unicode>
                </TextEquiv>
            </TextLine>
            <TextLine id="r1l45" custom="readingOrder {index:44;}">
                <Coords points="913,3361 2072,3378 2250,3327 2141,3288 912,3332"/>
                <Baseline points="921,3361 987,3360 1053,3359 1119,3358 1185,3357 1251,3357 1317,3356 1383,3355 1449,3354 1515,3353 1581,3353 1647,3352 1713,3351 1779,3351 1845,3351 1911,3350 1977,3350 2043,3350 2109,3350 2175,3350 2241,3349"/>
                <TextEquiv>
                    <Unicode>Lieber Himmel — käme doch mal wieder ein Poet, der jeden zwingt,</Unicode>
                </TextEquiv>
            </TextLine>
            <TextLine id="r1l46" custom="readingOrder {index:45;}">
                <Coords points="785,3417 2078,3408 2061,3368 1848,3355 785,3388"/>
                <Baseline points="795,3421 858,3420 922,3419 986,3418 1049,3417 1113,3417 1177,3416 1240,3415 1304,3415 1368,3414 1432,3413 1495,3412 1559,3412 1623,3411 1686,3410 1750,3409 1814,3408 1877,3407 1941,3405 2005,3403 2069,3401"/>
                <TextEquiv>
                    <Unicode> ihn ernst zu nehmen. Das bringen diese drei sämtlich nicht zustande.</Unicode>
                </TextEquiv>
            </TextLine>
            <TextLine id="r1l47" custom="readingOrder {index:46;}">
                <Coords points="906,3479 994,3514 2215,3488 2214,3417 906,3461"/>
                <Baseline points="915,3494 979,3493 1044,3492 1108,3491 1173,3491 1237,3490 1302,3490 1366,3489 1431,3488 1495,3488 1560,3487 1624,3486 1689,3485 1753,3484 1818,3483 1882,3481 1947,3479 2011,3477 2076,3474 2140,3471 2205,3468"/>
                <TextEquiv>
                    <Unicode>*) Deutsch von Siegfried Trebitsch. Berlin 1904, S. Fischer. 8°. 100 S.</Unicode>
                </TextEquiv>
            </TextLine>
            <TextEquiv>
                <Unicode>box 23/2
18. Der einsane
deg
Ein Kleeblatt der neuesten Dramen.
538
aber dennoch nicht zu seinem leiblichen Vater stellt, sondern zu dem greisen, guten
Manne, der ihn erzogen hat. Daneben geht einen einsamen Weg des Hauses
Tochter, die mit einer Art zweiten Gesichts behaftet ist; sie verliert ihr Herz an
einen blasierten Egoisten, dessen nahen Tod infolge fortschreitenben Herzleidens
sie voraussieht — und ertränkt sich im Teiche seiner Villa. Es besteht keine
organische Verbindung zwischen den beiden Handlungen, nur eine Art Personal¬
union, weil sich's eben um eine Familie dreht. Der alte gute Professor steht
am Ende ganz allein, seinen einsamen Weg zu gehen. Die anderen Personen
scheiden eine nach der anderen aus; größtenteils durch den erfolgten oder
nahenden Tod; und man fragt sich, ob sie eigentlich einen anderen Zweck
hatten, als den, das sein ausgearbeitete Filigran ihrer sauber gegeneinander ab¬
gestimmten Charaktere zu zeigen. Damit nähert sich das Stück der Richtung
Gerhart Hauptmanns in bedenklicher Weise. Die bei allem Tiefsinn grandiose
dramatische Wucht des Nordländers vermißt man um so schmerzlicher, weil man
sonst an allen Ecken und Enden an ihn erinnert wird.
Bernard Shaw ist ein ganz anderer Kerl. Er teilt sich mit Pinero
in die Pflicht, den Londoner Theatern alljährlich neue Stücke zu liefern, wie
es in Berlin Blumenthal, Schönthan und ähnliche Geschäftsleute besorgen. Wie
diese sich in den letzten Jahren genötigt sahen, historische Anekdoten aufzugreifen
 man denke an den wilden Reutlingen, Maria Theresia und ähnliche Kostüm¬
lustspiele — so packt auch der Engländer mit kühner Hand einen Großen der
Weltgeschichte an und bietet eine Komödie in einem Aufzug, „Der Schlachten¬
lenker“s) geheißen. Es ist wirelich eine Komödie im vollsten Sinne. Der
Dichter spielt Komödie mit seinen Gestalten wie mit dem Publikum, und die
Personen unter sich spielen Komödie miteinander. Nur in der Komödie können
sich General und Leutnant gegenseitig so behandeln, wie es hier geschieht, und
die Dame aus Paris, die alle möglichen Verkleidungen bei der Hand zu haben
scheint, ist Komödiantin durch und durch. Als Komödiant wird der Sieger von
Lodi hingestellt, der junge Napoleon; in flachem Komödienspiele ringt er mit
der Dame um seine Depeschen und um die Briefe, die sein Weib in Paris
kompromittieren — hin und wieder blitzt sein Genie auf; aber das Komödien¬
spiel gewinnt immer wieder die Oberhand bis zur Farce. Am Ende wird der
böse Brief verbrannt. „Als er verkohlt, tauchen sie beide gleichzeitig ihre Blicke
ineinander und sehen sich lange verlangend in die Augen. — Der Vorhang
schleicht langsam herab und versteckt sie.“
Auch ein Nachspiel also ist angedeutet. Das Ding hat aber auch das
von der Komödie, daß es lustig ist — und zudem ist Shaw ein Englishman,
der zum erstenmale auf den deutschen Bühnen erscheint — Grund genug für
viele Leute, den Komödienschreiber ernst zu nehmen.
Lieber Himmel — käme doch mal wieder ein Poet, der jeden zwingt,
 ihn ernst zu nehmen. Das bringen diese drei sämtlich nicht zustande.
*) Deutsch von Siegfried Trebitsch. Berlin 1904, S. Fischer. 8°. 100 S.</Unicode>
            </TextEquiv>
        </TextRegion>
        <TextRegion orientation="0.0" id="r2" custom="readingOrder {index:1;}">
            <Coords points="2695,1116 2695,2114 3326,2114 3326,1116"/>
            <TextLine id="r2l1" custom="readingOrder {index:0;}">
                <Coords points="3151,1138 3182,1153 3228,1150 3280,1181 3291,1174 3309,1184 3327,1184 3328,1105 3306,1113 3276,1099 3256,1099 3226,1119 3188,1102 3176,1089 3152,1092"/>
                <Baseline points="3160,1143 3186,1143 3212,1143 3239,1143 3265,1144 3291,1144 3318,1145"/>
                <TextEquiv>
                    <Unicode>Samarit</Unicode>
                </TextEquiv>
            </TextLine>
            <TextLine id="r2l2" custom="readingOrder {index:1;}">
                <Coords points="2688,1239 2772,1256 2903,1242 3262,1256 3262,1206 3222,1190 3075,1207 3024,1181 2982,1206 2907,1189 2820,1209 2756,1208 2714,1179 2689,1191"/>
                <Baseline points="2698,1238 2725,1238 2753,1239 2781,1240 2809,1240 2836,1240 2864,1240 2892,1240 2920,1240 2947,1241 2975,1241 3003,1241 3031,1241 3058,1241 3086,1241 3114,1241 3142,1241 3169,1242 3197,1242 3225,1243 3253,1244"/>
                <TextEquiv>
                    <Unicode>Unbewußt, mit sicherem Tritt,</Unicode>
                </TextEquiv>
            </TextLine>
            <TextLine id="r2l3" custom="readingOrder {index:2;}">
                <Coords points="2692,1290 2731,1307 2843,1293 2896,1310 3113,1297 3277,1311 3277,1249 2693,1259"/>
                <Baseline points="2702,1291 2730,1291 2758,1292 2786,1292 2815,1292 2843,1292 2871,1292 2900,1293 2928,1293 2956,1293 2985,1294 3013,1294 3041,1294 3069,1294 3098,1295 3126,1295 3154,1295 3183,1295 3211,1295 3239,1295 3268,1295"/>
                <TextEquiv>
                    <Unicode>Eilend dahin schritt Samarith,</Unicode>
                </TextEquiv>
            </TextLine>
            <TextLine id="r2l4" custom="readingOrder {index:3;}">
                <Coords points="2693,1348 2797,1365 2848,1347 2988,1364 3119,1349 3261,1372 3334,1345 3335,1309 3078,1298 2932,1319 2694,1292"/>
                <Baseline points="2703,1344 2734,1344 2765,1343 2796,1344 2827,1344 2858,1345 2889,1345 2920,1346 2951,1347 2982,1348 3014,1349 3045,1349 3076,1350 3107,1351 3138,1351 3169,1352 3200,1352 3231,1351 3262,1351 3293,1350 3325,1349"/>
                <TextEquiv>
                    <Unicode>Glaube und Hoffnung Ihm zugen</Unicode>
                </TextEquiv>
            </TextLine>
            <TextLine id="r2l5" custom="readingOrder {index:4;}">
                <Coords points="2689,1410 2896,1424 2985,1400 3078,1424 3160,1404 3291,1423 3327,1403 3327,1347 3196,1376 3042,1356 2827,1370 2763,1351 2689,1373"/>
                <Baseline points="2697,1400 2728,1401 2759,1402 2790,1403 2821,1403 2852,1404 2883,1404 2914,1404 2945,1404 2976,1404 3007,1404 3038,1404 3069,1404 3100,1403 3131,1403 3162,1403 3193,1402 3224,1402 3255,1401 3286,1401 3318,1400"/>
                <TextEquiv>
                    <Unicode>Ihm zugestreckt die flehende Hand</Unicode>
                </TextEquiv>
            </TextLine>
            <TextLine id="r2l6" custom="readingOrder {index:5;}">
                <Coords points="2693,1469 2870,1460 2908,1480 3119,1451 3174,1473 3314,1466 3314,1420 3268,1410 3196,1424 3157,1404 3081,1426 2959,1408 2923,1426 2795,1409 2766,1426 2693,1409"/>
                <Baseline points="2702,1456 2732,1456 2762,1456 2792,1456 2822,1456 2852,1456 2882,1456 2912,1456 2942,1456 2972,1456 3003,1456 3033,1456 3063,1456 3093,1456 3123,1456 3153,1456 3183,1456 3213,1456 3243,1456 3273,1456 3304,1457"/>
                <TextEquiv>
                    <Unicode>Nach Ihm gekehrt das Angesicht,</Unicode>
                </TextEquiv>
            </TextLine>
            <TextLine id="r2l7" custom="readingOrder {index:6;}">
                <Coords points="2692,1527 3293,1507 3319,1529 3333,1461 2692,1473"/>
                <Baseline points="2702,1508 2733,1509 2764,1510 2795,1510 2826,1511 2857,1511 2888,1511 2919,1510 2950,1510 2981,1509 3013,1509 3044,1508 3075,1508 3106,1507 3137,1507 3168,1506 3199,1506 3230,1506 3261,1506 3292,1506 3324,1506"/>
                <TextEquiv>
                    <Unicode>Jetzt Seiner gewahr und wieder</Unicode>
                </TextEquiv>
            </TextLine>
            <TextLine id="r2l8" custom="readingOrder {index:7;}">
                <Coords points="2685,1568 2869,1583 2904,1565 3000,1581 3022,1562 3150,1563 3235,1588 3270,1561 3332,1562 3331,1524 3295,1508 3093,1533 3062,1513 2976,1532 2800,1514 2685,1529"/>
                <Baseline points="2695,1564 2726,1564 2757,1565 2789,1565 2820,1565 2851,1565 2883,1565 2914,1565 2945,1565 2977,1565 3008,1565 3039,1564 3071,1564 3102,1564 3133,1563 3165,1563 3196,1563 3227,1562 3259,1562 3290,1562 3322,1562"/>
                <TextEquiv>
                    <Unicode>Ob zitternd auch oft die Kraft ihl</Unicode>
                </TextEquiv>
            </TextLine>
            <TextLine id="r2l9" custom="readingOrder {index:8;}">
                <Coords points="2701,1618 2741,1634 2992,1614 3284,1628 3334,1623 3334,1563 3249,1585 3179,1567 3045,1570 2996,1592 2919,1574 2701,1583"/>
                <Baseline points="2710,1620 2740,1619 2771,1618 2802,1617 2833,1616 2863,1616 2894,1616 2925,1616 2956,1616 2986,1616 3017,1616 3048,1616 3079,1617 3109,1617 3140,1616 3171,1616 3202,1616 3232,1615 3263,1614 3294,1613 3325,1611"/>
                <TextEquiv>
                    <Unicode>Und verzweifelt an den festen Str</Unicode>
                </TextEquiv>
            </TextLine>
            <TextLine id="r2l10" custom="readingOrder {index:9;}">
                <Coords points="2698,1683 3153,1671 3179,1689 3239,1674 3324,1688 3324,1622 3242,1643 3136,1620 2774,1638 2698,1619"/>
                <Baseline points="2708,1673 2738,1674 2768,1674 2799,1674 2829,1674 2859,1674 2890,1674 2920,1673 2950,1673 2981,1673 3011,1673 3041,1672 3072,1672 3102,1671 3132,1671 3163,1671 3193,1670 3223,1670 3254,1670 3284,1669 3315,1669"/>
                <TextEquiv>
                    <Unicode>Ihr kühner Werber zurück sie rief</Unicode>
                </TextEquiv>
            </TextLine>
            <TextLine id="r2l11" custom="readingOrder {index:10;}">
                <Coords points="2701,1743 3331,1728 3330,1685 3281,1681 2701,1685"/>
                <Baseline points="2710,1726 2740,1725 2771,1724 2801,1723 2832,1723 2863,1723 2893,1723 2924,1722 2954,1722 2985,1722 3016,1722 3046,1722 3077,1722 3107,1722 3138,1722 3169,1722 3199,1722 3230,1721 3260,1721 3291,1720 3322,1720"/>
                <TextEquiv>
                    <Unicode>Vom Schwall erfaßt und schon bezwu</Unicode>
                </TextEquiv>
            </TextLine>
            <TextLine id="r2l12" custom="readingOrder {index:11;}">
                <Coords points="2699,1787 3030,1775 3095,1794 3266,1774 3319,1790 3333,1729 3215,1745 3122,1726 3031,1751 2894,1729 2698,1744"/>
                <Baseline points="2708,1779 2738,1779 2769,1779 2800,1779 2831,1779 2862,1779 2892,1779 2923,1779 2954,1778 2985,1778 3016,1778 3046,1778 3077,1777 3108,1777 3139,1776 3170,1776 3200,1775 3231,1774 3262,1774 3293,1773 3324,1772"/>
                <TextEquiv>
                    <Unicode>Doch wieder mit einem letzten Sch</Unicode>
                </TextEquiv>
            </TextLine>
            <TextLine id="r2l13" custom="readingOrder {index:12;}">
                <Coords points="2690,1834 3281,1846 3328,1833 3328,1787 2949,1777 2857,1796 2815,1777 2689,1794"/>
                <Baseline points="2698,1832 2729,1832 2760,1832 2791,1832 2822,1832 2853,1832 2884,1832 2915,1832 2946,1831 2977,1831 3009,1831 3040,1830 3071,1830 3102,1830 3133,1830 3164,1829 3195,1829 3226,1829 3257,1828 3288,1828 3320,1828"/>
                <TextEquiv>
                    <Unicode>Und wieder über die Wasser schrit</Unicode>
                </TextEquiv>
            </TextLine>
            <TextLine id="r2l14" custom="readingOrder {index:13;}">
                <Coords points="2701,1895 2990,1905 3052,1884 3094,1904 3179,1879 3300,1904 3330,1892 3330,1834 2946,1854 2791,1832 2700,1849"/>
                <Baseline points="2710,1887 2740,1887 2771,1887 2801,1887 2832,1887 2863,1887 2893,1887 2924,1887 2954,1887 2985,1887 3016,1886 3046,1886 3077,1886 3107,1885 3138,1885 3169,1884 3199,1884 3230,1883 3260,1882 3291,1882 3322,1881"/>
                <TextEquiv>
                    <Unicode>Mit den schwachen Füßen Samar</Unicode>
                </TextEquiv>
            </TextLine>
            <TextLine id="r2l15" custom="readingOrder {index:14;}">
                <Coords points="2702,1946 3334,1953 3334,1909 3270,1889 3232,1906 3152,1886 3093,1905 2702,1897"/>
                <Baseline points="2712,1942 2742,1940 2773,1939 2803,1939 2834,1938 2865,1938 2895,1938 2926,1938 2956,1938 2987,1938 3018,1939 3048,1939 3079,1939 3109,1939 3140,1939 3171,1939 3201,1938 3232,1937 3262,1937 3293,1936 3324,1934"/>
                <TextEquiv>
                    <Unicode>Glaube und Hoffnung ihm zugew</Unicode>
                </TextEquiv>
            </TextLine>
            <TextLine id="r2l16" custom="readingOrder {index:15;}">
                <Coords points="3245,1995 3254,1995 3263,2003 3278,1996 3291,1999 3298,1993 3309,1998 3336,1996 3334,1938 3305,1940 3293,1952 3285,1950 3282,1954 3275,1950 3266,1954 3254,1945 3243,1946"/>
                <Baseline points="3254,1990 3290,1989 3326,1988"/>
                <TextEquiv>
                    <Unicode>and</Unicode>
                </TextEquiv>
            </TextLine>
            <TextLine id="r2l17" custom="readingOrder {index:16;}">
                <Coords points="2699,1992 2717,1994 2740,2008 2765,2007 2775,1998 2800,1999 2810,1990 2829,2009 2850,1999 2862,2007 2880,2007 2882,1956 2834,1964 2820,1952 2798,1959 2775,1945 2756,1955 2737,1947 2700,1946"/>
                <Baseline points="2708,1991 2735,1994 2762,1995 2790,1996 2817,1997 2844,1998 2872,1997"/>
                <TextEquiv>
                    <Unicode>Ihm zug</Unicode>
                </TextEquiv>
            </TextLine>
            <TextLine id="r2l18" custom="readingOrder {index:17;}">
                <Coords points="2701,2048 2726,2056 2748,2052 2753,2058 2775,2052 2794,2067 2814,2064 2819,2003 2776,1998 2758,2009 2746,2004 2725,2010 2704,2008"/>
                <Baseline points="2710,2045 2742,2047 2774,2050 2807,2052"/>
                <TextEquiv>
                    <Unicode>Nach</Unicode>
                </TextEquiv>
            </TextLine>
            <TextLine id="r2l19" custom="readingOrder {index:18;}">
                <Coords points="2724,2108 2742,2107 2747,2110 2761,2103 2764,2107 2771,2106 2775,2110 2795,2109 2798,2070 2785,2067 2767,2071 2753,2059 2749,2062 2739,2054 2728,2053"/>
                <Baseline points="2733,2098 2760,2102 2787,2102"/>
                <TextEquiv>
                    <Unicode>Der</Unicode>
                </TextEquiv>
            </TextLine>
            <TextEquiv>
                <Unicode>Samarit
Unbewußt, mit sicherem Tritt,
Eilend dahin schritt Samarith,
Glaube und Hoffnung Ihm zugen
Ihm zugestreckt die flehende Hand
Nach Ihm gekehrt das Angesicht,
Jetzt Seiner gewahr und wieder
Ob zitternd auch oft die Kraft ihl
Und verzweifelt an den festen Str
Ihr kühner Werber zurück sie rief
Vom Schwall erfaßt und schon bezwu
Doch wieder mit einem letzten Sch
Und wieder über die Wasser schrit
Mit den schwachen Füßen Samar
Glaube und Hoffnung ihm zugew
and
Ihm zug
Nach
Der</Unicode>
            </TextEquiv>
        </TextRegion>
    </Page>
</PcGts>
