3436 4384
1400 407 1852 494 box 23/4
899 428 969 485 m
247 419 1243 537 18. Der eins. Neg
433 1152 1399 1297 Ausschnitt epife Bombe, Wien
665 1239 1230 1363 1. MAERZ 1911
437 1329 592 1389 vom:
484 1332 1483 1470 in der Burgt berscht noch immer nier
380 1389 1482 1550 Thimie kr iet ein Potsotum, aber des in
393 1437 1497 1607 veiamntich in Ostereich der Gmetan un
389 1548 1098 1646 wird auch uns sehr dauern.
519 1580 1514 1723 rrate Kraft des Theaters ist sein fer
401 1674 996 1780 Walden — das genügt.
522 1712 1507 1830 „Der einsame Weg“ hat nicht gefallen.
417 1749 1567 1901 Schalizler verent eich und wird bald enen
416 1869 1049 1973 sehr- einsamen Weg gehen.
441 2334 1494 2486 Ausschnitäustr. Ges ur Somkesiaht
1040 2438 1177 2506 I□7-
452 2460 608 2523 vom:
621 2468 1221 2589 KEgi
546 2568 1581 2741 oh de Auwel u. Ouate
429 2772 1646 2865 Schmtzle,Der einsame Weg“, der am 19. Februar
335 2833 1647 2922 zum ersten Male im Burgtheater gegeben wurde, erreichte
341 2885 1645 2969 nicht jenen Erfolg, den dieses Schauspiel verdient hätte. Schuld
337 2932 1643 3022 daran war vor allem der etwas gar zu leidende, melancholische
340 2988 1636 3069 Zug, der das ganze Stück durchzittert und das große Haus,
328 3034 1637 3120 welches das vorgeschriebene Pianissimo fast gänzlich unver¬
334 3084 1665 3203 ständlich machte, besonders in solch-schöner Schnupfen= und
336 3129 578 3215 Hustenzeit.
1240 3163 1453 3256 Ach
2130 402 3080 545 Possgrest un. Se 2
2958 533 3230 637 Dub.
2431 549 2717 636 2LMRT 1911
2150 585 2295 650 vom
2276 596 2439 699 1
2273 678 3017 789 Kurze Mitteilungen.
2227 780 3180 869 Der Burgtheaterskandal wird also fortge¬
2140 846 3177 933 setzt. Nachdem das deutsche Wien und das kaiser¬
2144 897 3181 998 liche Institut für Kunst am Franzensring durch
2144 959 3187 1068 die Oktroierung des alten Durchfallschundes „Der
2153 1019 3186 1110 einsame Weg“ des Juden Schnißler als „Pre¬
2149 1097 3188 1175 zière“ nun wieder einmal besudelt sind, emp¬
2149 1131 3197 1244 ffindet man die Fortsetzung der Besudelung schon
2157 1191 3211 1303 zals eine nolwendige Einrichtung der jüdischen.
2447 1274 2491 1309 (4
2158 1279 2493 1348 „Kulturarbeit“.
2242 1299 3203 1411 Auf Schnitzler ist nun Felix Salten, richtig
2161 1385 3198 1471 Feitel Salzmann gefolgt. Auch sein „Werk“, be¬
2165 1431 3208 1531 titelt „Auferstehung“, ist ein alter, von jüdischen
2166 1494 3202 1591 Theaterdirektoren aus Tributpflicht gegenüber
2172 1550 3213 1642 dem „Theaterkritiker“ Salten=Salzmann abge¬
2171 1625 3210 1708 spielter Dreck — wird als Frucht jüdischer Kri¬
2176 1659 3232 1775 tikererpressung im Burgtheater zur „Première“!
2271 1720 3219 1807 Wie solcher Skandal möglich, mit welch
2173 1797 3214 1887 schmußigen Mitteln und Spekulationen die heu¬
2183 1831 3226 1945 tige gewalttätige Judenclique „arbeitet“, streift
2187 1905 3220 2010 der Theaterreferent der „Reichspost“ Herr Hans
2193 1957 3232 2058 Brecka am 15. d. M. in gewohnter Treff¬
2187 2054 2419 2137 sicherheit:
2279 2039 3233 2176 „Ja, es lassen sich Geschäfte erzielen. Das
2197 2148 3224 2233 Kritikerstück wird nämlich von jeder Theater¬
2190 2199 3241 2303 direktion mit einer Willfährigkeit angenommen
2186 2263 3227 2356 und aufgeführt, deren sich der unbekante aber
2162 2322 3228 2400 Lwirklichere Dichter nicht zu erfreuen vermag. Mar
2148 2378 3202 2469 weiß, wieviel hundert Dramenmanuskripte unge¬
2144 2448 3200 2522 lesen, mit Spinnweb überzogen, in den Theater¬
2145 2496 3204 2579 kanzleien seit Jahrzenten liegen. Dieser Gefahr
2160 2562 3201 2626 ist der Kritiker=Dichter nicht ausgesetzt. Warum?
2155 2616 3201 2700 Er ist Kritiker. Er verfügt über angenehme Be¬
2148 2678 3191 2772 ziehungen zu der Theaterdirektion. Sie dürfte es
2151 2757 3195 2828 nicht wagen, ihn auf die gleiche Weise zu be¬
2156 2791 3197 2877 handeln, wie sie den unbekannten Autor, der ihr
2155 2845 3208 2928 ein Stück überreicht hat, behandelt. Er hält ihr
2151 2924 3203 2988 einen Revolver in Form seiner kritischen Feder
2156 2975 3202 3049 unter die Nase. Sie weiß schon, was sie ihm
2167 3019 3205 3100 schuldig ist. So sind seine Stücke förmlich unbe¬
2164 3090 3198 3171 sehen, ungeprüft angenommen und werden selbst¬
2162 3154 3204 3231 verständlich mit Vergnügen aufgeführt. Die
2165 3208 3206 3285 Theaterdirektion ist wehrlos und das macht sie
2162 3263 3209 3347 charakterlos. Sie steht ja nicht nur diesem einen
2155 3328 3211 3397 Kritiker, sondern der ganzen Kritikerelique gegen¬
2157 3386 3208 3470 über, welche sie nicht verstimmen darf, so ihr ihr
2161 3449 3209 3533 Leben lieb ist. So leistet sie lieber der Clique
2166 3509 3199 3580 ihren Tribut und führt das Stück eines der
2163 3580 3202 3644 Ihrigen willig auf. Dann hat sie wieder eine
2166 3632 3197 3693 Weile ein ruhiges Leben und bekommt gute
2168 3680 3206 3752 Kritiken. Gibt es eine offenkundigere Form des
2163 3748 2942 3823 Mißbrauches einer Amtsgewalt?!“
2254 3798 3198 3882 Dieser Mißbrauch der Kritik, ihre Käuflich¬
2163 3869 3194 3941 keit und Lügenhaftigkeit ist die Grundlage der
2165 3927 3198 4002 heutigen jüdischen Theater= und Kunstindustrie
2164 3979 3195 4049 geworden. Dieser Betrug bewirkt es, daß all¬
2162 4032 3203 4113 jährlich Unsummen dem systematisch durch die
2171 4098 3194 4168 bezahlte Kritik der Judenpresse verderbten und
2174 4148 3205 4227 irregeführten Theaterpublikum aus den Taschen
2171 4214 3212 4289 gestohlen werden; denn das Volk sucht im The¬
2169 4274 3208 4345 ater Kunst, Idealismus, Muster zur Nacheiferung
