3436 4320
1425 234 1865 325 box 23/5
250 237 1269 338 18 Der einsane Neg
1884 980 2217 1063 Stägtineater
691 991 967 1084 G. namale
797 1038 1718 1123 „Der einsame Weg“ von Arthur Schnitzler.
705 1011 782 1141 90
1359 1091 1652 1149 Uraufführung.
1563 1120 2208 1198 „Volksblatt“, Halle, 19. A. 25.
895 1183 2192 1239 Ein echter Schnitzler: Zwei Generationen schfleiden sich,
800 1230 2207 1275 Katastrophenstimmung bei lächelnden Mienen, gedämpfter Zusam¬
802 1268 2196 1318 menbruch, Erlösungsformel. Die Menschen lieben sich, glauben,
806 1307 2213 1350 hoffen; sie wiegen sich in ein eingebildetes Glück; aber im Grunde
811 1338 2207 1393 ist doch sehr tiefeinsam. Bej allem, was die Menschen dieses
799 1371 2199 1421 reizvollen Seelendramas miteinander verband, ziehen sie doch ihre
808 1418 2211 1464 einsamen Wege. Zwei Dramen laufen parallel: Johanna und Stephan
801 1455 2209 1509 von Sala, Felix und Julian Fichtner. Die einen kehren in den Tod,
808 1501 2206 1547 die anderen in ihr eigenes Leben zurück. Es hätte aber auch eben¬
803 1528 2211 1582 sogut umgekehrt sein können; das Leben ist eine Bridge-Partie.
802 1581 2213 1628 Die feine, nadelspitze Spöttelei, die Ironie Schnitzlers hebt eigent¬
810 1610 2208 1670 lich den Wert des gesprochenen Wortes schon wieder auf, das nur
802 1652 2212 1710 noch den Sinn zu besitzen scheint, die heillos verfahrene Sache
893 1694 2202 1746 und alles ist verfahren, verwirrt — dialektisch zu irgendeinem
815 1732 2208 1773 annehmbaren Ende zu bringen. Ein praktischer Mensch mit Wirk¬
811 1774 2211 1823 lichkeitssinn könnte gut und gern toll werden; er steht vor einem
813 1806 2217 1858 Rätsel; denn hier wird an das grausame Wunder der tragischen
797 1853 2213 1900 Einzelseele gerührt, die eine Schwestersecle auf dem Gewissen
692 1867 784 1915 e11
811 1889 2209 1949 hat. Man steht auf der Erde, mitten im Getümmel, aber die Stille
817 1933 2077 1977 um einen ist so groß, daß man den Gang des Uranus hört.
916 1949 2213 2008 In solcher umnerklärbaren Atmosphäre seltsamster Gestalten und
813 2001 2213 2057 Beziehungen sieht der perplexe Auditor die spielerisch durch¬
817 2045 2213 2091 einandergewirbelten Wesen hic. in und dorthin mit Interesse, aber
808 2093 1296 2144 ohne Bedauern zichen.
911 2114 2215 2163 Kaum je in einem Stück decken sich so vollkommen Wesen
808 2159 2197 2215 und Wort wie inn diesem. Ein Streichkonzert, in dem ein paar
806 2207 2214 2263 Saiten springen. Die österreichische Gesellschaft zu Beginn des
808 2252 2208 2294 Jahrhunderts, die extensive Schnitzlersche Kompositionsart, die süße
817 2287 2208 2328 Herbstschwere zwischen Hecken und Bächen in zierlichen Parks,
817 2316 2208 2369 fordert einen tönend-impressionistischen Inszenterungsstil. Alfred
816 2365 2216 2409 Durra traf ihn, ohne herkömmlich zu wirken, wenn auch ange¬
810 2396 2215 2445 sichts der reichlichen Dreistundendauer der Premiere die Freude
814 2440 2215 2482 nicht mehr ungetrübt war. Die hinsterbende Frau Gabriele, die
815 2475 2208 2526 in einem Vierteljahrhundert Ehe ein Kind großzog, dessen Erzeuger
816 2516 2216 2578 der Studienkamerad des Ehemannes war, spielte Halka Heller
813 2559 2215 2606 distanziert, verhalten und innerlich. Die somnambultsche Johan¬
819 2597 2219 2652 na war, selbstverständlich, an Luise Sessing gekommen, die
812 2636 2213 2682 sie pastellen durch vier Akte führte. Sehr in ihrem Element, einer
818 2677 2211 2719 beweglichen, dramatisch akzentuierten Sentimentalität schien Vilma
805 2704 2205 2755 Dülfer, die mit der abgetakelten lIrene Herms m. W. ihre beste
814 2744 2210 2803 Leistung gab. Von etwas zu statuarischer Distanziertheit, doch
822 2794 2218 2843 vollendet in seiner Art war Stephan von Sala, der für Freundschaften
815 2828 2211 2879 und Lieben unbegabte ästhetische Nomade, in dem Alfred Haller
810 2865 2215 2902 eiskühl und gelassen ruhte, Fast den einzigen unkünstlerischen
814 2903 2215 2961 Typ. einen Kunstakademiedirektor, hatte Walter Raupach darzu¬
811 2952 2214 2995 stellen; er fand einen wohlgefällig-bürgerlichen Ton. Den sym¬
813 2983 2215 3041 pathischsten Mann des Abends, Felix Wegrath, der weiß, worauf
814 3030 2226 3077 es ankommt, steigerte Fritz Hensel bis zu dem Glaubensbekenntnis
822 3065 2220 3110 im Arm des Vaters. Franz Klebusch als Dr. Neumann, Beicht¬
815 3100 2210 3140 vater, Verbindungsoffizier, kraft seines Temperaments zur Sittsam¬
819 3150 2219 3194 keit verurteilt, oblag eine gemessene Dialogkunst. Eine Dissonanz
819 3188 2217 3237 im Gesamtwerk war Fritz Günzels Fichtner; eine Rolle ohne
823 3218 2223 3276 Gesicht; durch äußerliche Aufregung drapierte völlige inere Un¬
811 3277 2218 3314 sicherheit. Immerhin hatte er einige glückliche Augenblicke, so,
822 3313 2220 3356 als er sich anschickte, seinem ahnungslosen Sohne das Jugend¬
824 3350 2220 3405 bildnis der Geliebten, dessen Mutter zu zeigen, wie er die Mappe
814 3384 1350 3441 hob, wie er sie öffnete.
913 3394 2214 3460 Das unrealistische Spiel forderte keine lauten Aeußerungen.
819 3448 2227 3516 Wie aus Beklemmung schüchtern, langsam aber lebendiger werdend,
1992 3493 2175 3546 W. Sch.
814 3498 1342 3569 scholl der Beifall herauf.
1810 3562 2226 3648 Walhallatheater
811 3566 1007 3641 Halle
806 3612 1740 3698 „Der fröhliche Weinberg“ von Zuckmager.
1338 3669 1650 3729 Erstaufführung.
1650 3691 2229 3788 uallo a. K. 3. 5. 26.
