3436 4352
1389 302 1845 396 box 23/1
221 329 1250 420 18. Der einsane Neg
2431 883 2875 1102 e 0
865 1933 937 1998 UNN
146 1949 1981 2048 ndtage noch in dieser Session und Telegraphenverwaltung eine eingehende Nachweisung ver¬
161 2007 1973 2092 ferden soll, der die veralteten öffentlicht wird über die tägliche Dienstzeit, die Sonntagsruhe, ins¬
747 2103 3192 2193 aufregen möchte, und der vereinsamte Maler, der sich nach eine, die einmal eins hätte haben können — haben müssen:
153 2143 756 2206 chen zu kümmern — das wäre
748 2147 3167 2231 seinem Kinde sehnt, durften sich in der Tat die Hände reichen, und die — nicht Mutter geworden ist, das ist eine ... Ab!
154 2194 753 2251 e Tänzerin werden und liebte
1943 2182 3172 2259 Aber das kann kein Mann verstehen! Das kann ja keiner ver¬
753 2212 1835 2289 denn beide haben den Wert des Lebens verschleudert.
168 2237 752 2284 Mondschein einherzuschweben.
1949 2229 3163 2314 stehen! Der beste von Euch ist in diesen Dingen noch immer
832 2241 1963 2314 Uns fröstelt bei dieser freudlosen Wanderung. Wir
168 2276 772 2333 derung und ihr untrügliches
1954 2284 3160 2350 eine Art von Schuft!“ Frau Lehmann umgab diese Figur
757 2295 1952 2370 schlagen den Rockkragen auf, weil die nasse neblige Luft uns
155 2308 759 2377 die weite Welt, nicht nur um
1953 2332 3171 2395 schauspielerisch mit so viel Saft, Frische und Leben, holte im
759 2341 1950 2411 unangenehm über die Haut rieselt. Was in aller Welt geht
159 2355 751 2420 uch der Schmerzen willen, die
1944 2376 3158 2437 Humor so voll aus und lieh dem Schmerz einen so knappen,
757 2397 1952 2451 uns eine solche Versammlung verlebter, knochenloser, gelang¬
166 2396 762 2472 erdulden möchte. Im dritten
1951 2420 3172 2482 überzeugenden Ausdruck, daß man im Innersten gepackt
759 2436 1954 2497 weilter und überflüssiger Menschen an? Ein einziges Exem¬
154 2455 765 2513 Unterrasse des Herrn von Sala,
1955 2479 3172 2526 wurde. Aber die Uebrigen hatten den ganzen Abend die
151 2467 1960 2545 efühls nach einer durchrasten plar von ihnen hätte genügt, das auszudrücken, was der
1952 2509 3166 2571 Jammerharfe zu spielen, bei der noch mehrere Saiten ge¬
760 2501 1959 2584 Dichter mit dem „einsamen Wege“ sagen wollte. Aber gleich
162 2522 769 2590 Freunde so gern alles sein, ihn
1950 2547 3164 2607 rissen waren. Frau Pauly erschien gleich zu Anfang in
751 2564 1957 2633 ein halbes Dutzend von ihnen anzutreffen, wie sie sich und
166 2564 762 2635 d von ihren zärtlichen Worten
760 2592 3164 2668 andere quälen, fortwährend grübeln und philosophieren, der Rolle der Frau des Direktors als wandelnde Leiche und
169 2621 764 2674 Gedanken trägt, sie auf seine
1949 2635 3166 2693 Herr Sauer gab diesem das Ergebene und Trockene eines
750 2635 1953 2712 nichts Vernünftiges wollen und vollbringen, ist eine harte
162 2651 766 2718 ehmen. Freilich alle ihre
1951 2664 3164 2742 Menschen, der seine Pflichten herumträgt wie ein Sklave die
751 2688 1965 2751 Zumutung an den Leser und Zuschauer dieser Dichtung. Das
165 2699 769 2764 llen und sie braucht nicht auf
1955 2721 3165 2784 Ketten. Das vertrauensvolle Gemüt von Felix, den Herr
754 2740 1952 2803 Zwiegespräch wechselt zwischen langen phantastischen Perioden
171 2742 755 2818 Man soll in solchen Stunden
1952 2769 3166 2826 [Stieler anziehend gestaltete, verhärtete sich unter den Be¬
750 2777 1964 2842 und kurzen herausgequälten Sätzen. Es gleicht abwechselnd
151 2799 772 2863 verleiten, meint er, leicht zu
1948 2814 3180 2873 kenntnissen seines natürlichen Vaters und Herr Rittner
151 2827 1971 2907 icht mehr wahr sind. Johanna einem rollenden Gießbach und dem Regen, der langsam vom
761 2868 3180 2921 Dach tröpfelt. Schnitzler hat sein Stück viel zu breit ange= konnte als Maler Julian Fichtner ebenfalls nur Grau mit
160 2880 775 2937 Zu schauen, dem von Krankheit
751 2901 3178 2966 legt. Ihm haftet etwas Dickflüssiges und Oeliges an, bei Grau mischen, während Fräulein Triesch als Johanna. die
159 2929 766 2978 pften Mann und scheidet von
1959 2949 3172 3003 sich nach ihrem Liebesrausch in den Teich stürzt, volle Töne
159 2948 1965 3020 ngsvollen Abschiedsblick. Als dem sich uns die Kehle zuschnürt. Man möchte die derbste
1955 2980 3179 3052 verwertete, sich aber mit richtigem Takt hütete, in den Stil
165 2973 1959 3065 ie sich wieder in seinen Garten Gesundheit um Hilfe rufen, ja sie mit Gewalt herbeizerren,
1941 3024 3177 3092 der hohen Tragödie zu verfallen. Herr Bassermann er¬
158 3037 1963 3099 liches nieder, von dem sie vor= damit sie diese stickige muffige Atmosphäre des Lebensüber¬
1948 3062 3180 3134 wies sich bei seiner Darstellung des brüchigen Aristokraten von
155 3090 1967 3163 g in seinem Spiegel ihr Bild drusses vertreibe, diese verfaulte Gesellschaft vom Halse schaffe.]
1947 3105 3190 3169 Sala wieder als selbständig schaffender, interessanter Künstler,
766 3125 1969 3194 In einzelnen Szenen wird man an Hauptmanns „Einsame
161 3143 771 3201 ossene Glück zu bannen ver¬
758 3167 3174 3235 Menschen“, an Sardous „Alte Junggesellen“ und d'Annun= der aber gerade an diesem Abend von seinem Mannheimer
155 3170 777 3257 wird das ertrunkene Mädchen
1957 3209 3178 3261 Dialekt arg gehänselt wurde. Er verfiel ins Näseln und
168 3215 1965 3269 k gesucht. Herr von Sala er= zios „Tote Stadt“ erinnert, nur daß bei Schnitzler kein frischer
1961 3249 3159 3310 Singen, und sprach von einem „Deich“, während ein „Teich“
753 3251 1967 3320 Zug von Empfindung und Leidenschaft die Monotonie der
175 3258 775 3334 ändnis ab. Es war ihm bei
1958 3279 3179 3354 gemeint war. Die ewige Dröselei dieses Stückes hat uns
761 3295 1952 3385 Seelenverödung unterbricht, die das ganze Stück beherrscht.
166 3305 777 3368 Garten zu Mute, als ob der
1960 3330 3174 3390 weder an dem Dichter noch an dem Dramatiker Schnitzler
856 3328 1968 3400 Selbst die frühere Schauspielerin, welche die Bühne mit
157 3351 768 3416 och behalten hätte. Während
1956 3379 3184 3432 irre machen können. Aber gefährlich erscheinen uns die
767 3381 1955 3449 dem Kuhstall vertauscht hat und über deren drollige Einfälle
165 3399 765 3457 Perfügung stellt, verwirren sich
1959 3418 3176 3474 schweren Schatten, die sich auf sein Phantasieleben gesenkt
759 3434 1961 3486 man ein paar mal lächeln kann, leidet an dem bitteren Ge¬
169 3430 773 3506 dem, der mit sich ein Ende
1956 3469 3180 3530 haben, die geradezu krankhafte Einseitigkeit, mit der er sich
178 3464 1968 3536 stigen und Verlogenen, Zärt= schmack ihres Lebens und ihre Heiterkeit ist stark mit Galle
1961 3507 3185 3574 in die Psychologie des Lebensüberdrusses hineingebohrt hat,
762 3512 1961 3574 vermischt. Mit heftig ausbrechender Wehmut klagt sie ihren
160 3514 778 3579 bens ist es nun vorbei. Nie
1953 3552 3181 3609 das Breite und Bröckelnde seiner Charakterschilderung immer¬
161 3559 1966 3619 Selbstvergessenheit seinen Weg früheren Liebhaber an, daß es ihr nicht vergönnt war, ein
165 3607 3179 3672 illig dahingibt, hat für die Kind in ihren Armen zu halten, und führt darauf ihre späte= hin und wir hoffen, daß eine kräftige Brise diesen trostlosen
169 3647 3187 3714 Mann der verwöhnten Lebens=ren Dummheiten zurück. „Eine Frau, die kein Kind hat“, Nebel zerstreuen und die Sonne einer unverkünstelten frischen
179 3667 3231 3781 der Erde an dem Todesgeruch ruft sie empört aus, „ist ar nie eine Frau gewesen. Aber Lebensanschauung ihm wieder in die Seele leuchten werde.
