3484 4352
1414 215 1884 300 box 23/2
1089 216 1155 286 W
261 228 1278 324 18. Der einsanenes
612 927 2634 1030 Partrion ndlung große Ueverschüsse, im lehten Jühreider Wasse des Steeils zu Amplell, er.
604 1043 3343 1166 loser Arzt des Körpers und der Seele eine sehr ansprechende sodann noch die Bestrebungen auf Schaffung von Volksbühnen; mannes und
1846 1100 3351 1187 diese haben zweifellos den Wert, daß zum erstenmal durch sie Musik zugewar
3076 1138 3364 1201 schen Schlösser,
1860 1156 2836 1245 das Zuviel auf der Bühne wirklich anerkannt ist.
601 1164 787 1250 Figur.
1921 1164 3317 1255 Drei große Aufgaben vor allem gaben noch breiten Raum residierend
715 1193 1854 1266 Wer in stillen Stunden einem geistvollen Seelenkünder
1858 1222 3362 1308 zu frischem Weiterschaffen: 1. Die Weiterbildung des Zuschauer= versammelt er
612 1245 1854 1326 sich hinzugeben den Wunsch hat, der versenke sich in die
1848 1255 3373 1334 raumes, für das ich mir von der Einwirkung des Wagner=Thea= und Poeten, un
621 1294 1849 1375 Lektüre des „Einsamen Weges“ von Arthur Schnitzler. Er
1848 1300 3363 1381 ters viel verspreche. 2. Die Weiterbildung und Umgestaltung der Meisterschaft a
1858 1326 3338 1424 Bühne im Sinne einer künstlerischen Vereinfachung und Beseitig= gestellt und
614 1344 1856 1424 wird das Buch mit seiner träumerisch zerfließenden Melodie
1851 1380 3358 1458 ung ihrer die Akustik und Optik schädigenden Einrichtung. daß der Schl
619 1391 1865 1477 nach der wunderholden Art Robert Schumanns nich ohne
3084 1413 3362 1477 ist dieses In
1845 1419 3086 1495 3. Die künstlerische Bewältigung des für das moderne Theater,
1631 1427 1839 1514 P. w.
619 1451 1442 1542 seelischen Gewinn aus der Hand legen.
1855 1459 3360 1543 zumal in Bezug auf die Sicherheit des Publikums, giltigen Pro=kaum noch ei
3077 1487 3361 1557 mählt gebliebe
1856 1499 3091 1581 gramms. Darum fort mit dem alten Schema. Raum frei auch
3084 1535 3346 1591 auf den bessi
1859 1542 3090 1620 für neue, ungewohnte Lösungen. Unsere Stadtverwaltungen,
619 1544 1861 1644 Ueber die Entwickelung des modernen Theaterbaues
3083 1566 3368 1630 mit der Prin
1866 1564 3090 1657 unsere Preisrichter haben gerade bei dem Theuterbau eine un¬
3088 1609 3363 1676 mähltem Bru
628 1604 1866 1688 sprach auf der sechzehnten Wander=Versammlung des Ver¬
1857 1617 3092 1698 überwindliche Scheu, etwas Neues zu wagen; darum werden
3079 1652 3374 1710 fallen müßte.
618 1652 1862 1721 bandes deutscher Architekten= und Ingenieur¬
1861 1658 3086 1735 schon durch das Programm die Architekten so stranguliert, daß
3080 1691 3311 1754 liner Hofe-
621 1696 1868 1776 vereine in Düsseldorf am 13. d. M. der Regierungs¬
1865 1702 3104 1776 sie nurr am die altüberkommene Weise stammeln können.
3090 1722 3376 1789 erscheint Land
620 1728 1862 1813 baumeister Moritz=Köln. Seinen Darlegungen ist folgendes zu
1858 1737 3099 1822 Fort auch der Mode, die alle paar Jahre ein Neuestes,
3086 1777 3355 1834 Festlichkeiten.
1870 1779 3087 1854 Allerneuesten auswosaunt, alles Uebrige verketzernd, zum größten
622 1785 894 1860 entnehmen:
3083 1814 3344 1878 vollem höfisd
714 1795 1868 1876 Das Theater ist ein Kind der Renaissance. Der Entwickel¬
1870 1817 3088 1893 Schaden einer ruhigen gesunden Fortentwickelung. Dem Theater¬
625 1850 1873 1936 ungsgang wird gekennzeichnet durch drei Epochen. Die erste
1864 1854 3102 1935 bau stehen für die nächsten Jahre bedeutende Aufgaben bevor.
3092 1883 3249 1949 die Ku
634 1884 1862 1975 umfaßt den großen Zeitraum von der Geburtsstunde um die
1866 1899 3094 1970 Leider muß gegenüber den zwei hervorragendsten Aufgaben die
3091 1932 3194 1988 mehr
634 1929 1879 2000 Wende des 17. Jahrhunderts bis zur Mitte des vorigen Jahr¬
1872 1936 3096 2012 deutsche Architektenschaft den unbeteiligten Zuschauer, spielen.
3200 1891 3265 2024 7
3091 1971 3171 2027 pop
636 1968 1873 2045 hunderts, die zweite Epoche reicht vom Jahre 1850 bis 1880
1877 1971 3094 2049 Schon oft aber ist von den kleineren Bundesstaaten die größte
3090 2022 3154 2067 suc
640 2003 1872 2089 und kann als Glanzperiode des modernen Theaterbaues bezeichnet
1868 2009 3103 2090 Förderung für die deutsche Kunst aufgegangen; dies dürfen wir
643 2049 1870 2125 werden; sie wird gekennzeichnet durch den Namen Semper. Die
1871 2072 2521 2148 auch für den Theaterbau hoffen.
3093 2096 3161 2148 in
630 2086 1871 2155 dritte, noch nicht abgeschlossene Epoche, reicht bis in die Gegen¬
635 2123 1885 2210 wart. Die beiden ersten Epochen kann man zusammenfassen unter
630 2159 1885 2244 dem Namen Exklusivtheater, erst die neuere Zeit bringt das
1924 2181 3175 2254 Berlin, 19. Sept. Der Schauspieler Emil Thomas,reic
3090 2217 3178 2272 grö
637 2197 1885 2274 schlichte bürgerliche Theater. Das war der Rahmen, in dem sich
1879 2214 3020 2318 ein vortrefflicher Komiker, ist heute vormittag gestorben.
638 2246 1880 2321 die detaillierten Ausführungen über die langsame Entwickelung
1945 2238 3146 2330 Breslau, 19. Sept. Die 76. Versammlung deut¬
637 2285 1889 2377 des Theaters von der antiken Form bis zu unserem modernen
1879 2288 3103 2373 scher Naturforscher und Aerzte wurde heute im hiesigen
646 2315 1874 2397 Bühnenhause bewegten. Der von Semper geschaffene Typus hatte
1880 2331 3110 2410 Stadttheater eröffnet. Der derzeitige Geschäftsführer Geh. Medi¬
649 2370 1874 2442 seinen Hauptvorzug in der klassischen Außenarchitektur, die die
1875 2376 3102 2448 zinalrat Prof. Dr. Uhthoff eröffnete die Verhandlungen mit einem
638 2394 1883 2477 Uebereinstimmung der äußeren Formen mit dem inneren Kern
1884 2402 3078 2493 Hoch auf den Kaiser. An den Kaiser wurde ein Huldigungstele
643 2442 1885 2528 kennzeichnet und wortlos den Zweck und die Bedeutung des
1879 2444 3078 2526 gramm abgesandt. Im Namen der Regierung sprach Oberpräsi
639 2476 1891 2553 Theaterbaues nach außen hin veranschaulicht. Ein Vorzug des
2118 2495 3079 2567 % und Trützschler, im Namen der Universität Rekto
1889 2519 2055 2572 dent v.
644 2518 1882 2601 Semperschen Typus ist auch die runde Form der Schauhauses.
1888 2538 3088 2604 Geheimrat Prof. Dr. Rosanes, im Namen der Stadt Bürgermeister
642 2567 1897 2641 Die rechtwinklig umbiegenden Kr ridore bieten niemals eine so
1882 2570 3089 2641 Mühl, namens der Schlesischen Gesellschaft für Vaterländische
649 2605 1893 2694 klare Anlage der Korridore und Gänge für den Verkehr. Der
1880 2599 3097 2694 Kultur Geheimrat Prof. Dr. Richard Förster. Zum Schlusse
651 2630 1892 2724 Brand des Ringtheaters brachte eine neue Periode des Theater¬
1884 2653 3112 2727 dankte der Vorsitzende der Gesellschaft Prof. Dr. Chiari=Prag den
650 2682 1888 2767 baues, den Schritt zur modernen Bühne. Bei dem modernen
651 2689 3118 2791 Theaterbau ist eine Verwendung der teckmischen Fortschritte selbst= Rednern. Hierauf trat die Versammlung, an der 2400 Personen
1897 2750 2462 2828 teilnahmen, an die Arbeiten.
656 2764 1884 2849 verständlich, aber eine künstlerische Bewältigung des Programms
1955 2749 3112 2857 Paris, 19. Sept. Der bekannte Dramatiker Sardou
661 2804 1889 2883 ist noch bei keinem neuen Theater erreicht worden. Die Fort¬
1887 2804 3105 2883 begeht demnächst sein 50jähriges Jubiläum. Aus diesem
657 2837 1885 2918 schritte treten uns entgegen in den Maßnahmen zur Erhöhung
1892 2863 2751 2947 Anlaß werden große Kundgebungen geplant.
662 2884 1893 2967 der Sicherheit für das Publikum, die durch eine gute Verkehrsführ¬
1980 2871 3120 2962 Ein fürstlicher Virtnose. Bei dem vom 1. bs
656 2912 1906 3010 ung gekennzeichnet wird. Speziell verweilte der Vortragende bei
1900 2920 3121 3002 3. Oktober in Leipzig stattfindenden zweiten Bachfest wird, dem
661 2962 1892 3048 dem Semper=Wagner=Theater, bei dem er das verdeckte Orchester
1899 2966 3124 3042 Programm nach, unter den Instrumentalmusikern auch „Herr
654 2998 1895 3093 mit Entschiedenheit bemängelt. Auf der Bühne selbst ist im
1902 2995 3255 3085 Alexander Friedrich von Hessen“ als Orgelspieler mit- gefeier
1895 3032 3335 3124 wirken. Es ist kaum allgemein bekannt, so schreiben die „Münch, würdigt. 3
661 3043 1902 3126 vorderen Theater Eisen als Konstruktionsmaterial Voraussetzung.
1761 3082 1897 3135 Die
1903 3084 3384 3157 N. N.“, daß sich hinter diesem unscheinbaren Namen ein deutscher der populür¬
657 3081 1783 3162 Holz darf nur in Ausnahmefällen verwandt werden.
3112 3118 3372 3186 und Leipzig)
663 3116 1901 3201 Bühnenmaschinerie wird hydraulisch getrieben, wenn man auch
1900 3118 3130 3202 Fürst aus regierendem Hause verbirat, nämlich: der Landgraf
3111 3156 3382 3217 bildungen be
673 3162 1900 3251 in ganz neuerer Zeit wiedee dazu gekommen ist, die Kraft der
669 3206 3126 3284 Hand zu benupen. Weiter besprach der Vortragende die Vorricht=] Alexander Friedric von Hessen. Nur sehr selten
659 3198 3335 3315 ungen für den Szenenwechsel, in seinen weiteren Ausführungen dringt eine Kunde von diesem jetzt im 42. Lebensjahre stehenden bewährte,
1896 3224 3391 3323 fürstlichen Herrn in die Oefsentlichkeit. Er führt, fast gänzlich auf Verlang
668 3280 1910 3375 kam er zu dem Resultat, dast das heutige Bühnenbild dem
662 3298 3162 3421 großen technischen Aufwand nins entspricht. Redner besprachserblindet, das zurückgezogene Leben eines vornehmen Privat¬
