3392 4256
1425 238 1896 354 box 23/5
1098 279 1158 341 W
286 286 1283 379 18. Der einsene eg
1156 1174 1418 1258 S
1834 1275 1880 1333 —
640 1255 895 1374 —
1733 1316 2672 1358 meisternelle, weiterhin Abbau beim Chor und bei
1723 1336 2669 1388 den Garderobefrauen. Die künstlerische Linie des
612 1362 1477 1434 enGaares erbrschts #erunes-AusScHaIr- aDae
1735 1380 2664 1426 Freiburger Theaters wurde allgemein anerkannt.
1733 1400 2675 1459 Für die Zukunft wurde erwartet, daß der Intendant
617 1435 1474 1513 BERLIN SO 16, RUNGESTRASSE 22-24
1733 1442 2675 1497 in der Spielplangestaltung möglichste Verbesserungen
1737 1471 2674 1539 einführe und vor allen Dingen neue Stücke möglichst
1735 1518 2119 1576 schnell herausbringe.
1751 1540 2671 1600 Die Sopranistin Elisabeth Zündorf aus der
495 1553 1606 1656 Münchner Neueste Nachrichten, München
1734 1587 2663 1634 Gesangschule von Dr. Ferdinand Lorenz wurde
1725 1624 2671 1674 dem Städtebundtheater Solothurn=Biel für
666 1639 1420 1725 Verbreitetste Tageszeitung Büdbeutschlands
1734 1665 2533 1727 erstes Fach in Oper und Operette verpflichtet.
1756 1680 2666 1744 Am Stadttheater in Heidelberg gelangt
489 1705 830 1781 Ausschnitt aus Nr.
1009 1710 1599 1792 vom.  K 4. Jlli. 19287.
1727 1733 2671 1795 am 27. Juni Alfred de Mussets Einakter
1728 1769 2674 1824 „Ein Seitensprung“ in deutscher Ueber¬
1755 1796 2672 1845 tragung von Otto Maag zur Uraufführung.
772 1820 1183 1886 Kleine Mitteilungen
1738 1841 2682 1884 Anschließend findet die Premiere der einaktigen Oper
1629 1855 1726 1911 jetzt
1733 1858 2670 1923 Schneider Fips“ des Karlsruher Komponisten
812 1860 1638 1934 Bas Berliner Sinfonie=Orchester hat
1729 1899 2674 1954 Alfred Lorentz statt, die am Landestheater in
798 1899 1730 1957 Dr“ Eönst Kunwald als künstlerischen Leiter ver¬
1735 1943 2600 1983 Koburg kürzlich erfolgreich uraufgeführt wurde.
791 1936 1721 1992 pflichtet, der zuletzt sieben Jahre lang in Königsberg
1766 1958 2684 2024 Frieda. Leider wird in der nächsten Saison durch
801 1980 1434 2029 als Generalmusikdirektor tätig war.
823 1986 1729 2065 DieBerliner Schauspieler unter Leitung von Prof.
1739 2010 2683 2068 drei Monate an der Wiener Staatsoper tätig
799 2012 1731 2085 Eugen Robert von den Berliner Kammer¬
1739 2052 1847 2110 sein.
797 2064 1729 2123 spielen haben im Pariser Gymnase¬
1772 2063 2687 2137 Erich Kaiser=Titz wurde für Lehärs „Frie¬
803 2102 1730 2155 Theater Schnitzlers Drama „Der ein¬
1742 2110 2686 2182 berike“ an das Berliner Metropoltheater en¬
794 2135 1732 2194 same Weg“ auf die Bühne gebracht. Die Dar¬
1745 2151 1904 2212 gagiert.
805 2174 1730 2229 stellung stand auf großer künstlerischer Höhe. Sie war
1777 2167 2685 2230 Erich Stekel, der früher an der Staatsoper (Wien)
808 2203 1726 2256 abgerundet und zeigte die Truppe in sich geschlossen.
1730 2207 2688 2270 als Korrepetitor und an der Volksoper als Kapellmeister
805 2245 1718 2293 Der Beifall war außerordentlich stark und galt vor
1732 2252 2678 2303 und später in Lübeck und in Prag als erster Kapell¬
811 2269 1724 2320 allem Albert Bassermann und in zweiter Linie
1740 2280 2679 2329 meister tätig war, wurde nun in dieser Eigenschaft
809 2301 1731 2354 Käthe Haack. Nicht minder stark wurden Otto
1738 2318 2656 2379 an das Stadttheater in Saarbrücken engagiert.
808 2336 1729 2385 Stoeckl und Werner Schott gefeiert. Auch die
1768 2337 2674 2417 Dietzenschmidts „Hinterhauslegende“
814 2370 1732 2422 schauspielerischen Leistungen von Goetz und Theodor
1741 2392 2685 2441 (Mord im Hinterhaus) gelangt am 28. Juni durch
812 2407 1727 2455 Loos können gelobt werden. Das Gastspiel geht am
1743 2434 2684 2471 Vermittlung des Bühnenvertriebes Oesterheld & Co.
808 2442 1284 2497 Samstag abend zu Ende.
1740 2466 2686 2508 Berlin W 15, am Staatl. Schillertheater in Ber¬
818 2457 1738 2522 Die Kölner Presse=Ausstellung brachte
1741 2498 2692 2538 lin zur Uraufführung, um in der nächsten Spielzeit
814 2497 1734 2555 ein sechstägiges Gastspiel von Mitgliedern der Mai¬
1739 2532 2495 2589 als Repertoirestück übernommen zu werden.
804 2535 1736 2580 länder Scala, die im Opernhause Verdis Rigo¬
1773 2553 2689 2603 Wie unser H. N.=Mitarbeiter von bestunterrichteter
816 2569 1738 2623 letto, Traviata und Falstaff, Rossinis Barbier von
1749 2583 2686 2633 Seite erfährt, wird die große Nürnberger
803 2601 1752 2664 Sevilla und Puccinis Bohôme sowie Tosca, teilweise
816 2654 2695 2691 in geradezu vollendeter Weise wiedergaben. Als be¬ Dürer=Ausstellung im Germanischen Museum
1752 2666 2686 2710 in den allernächten Tagen eine höchst wertvolle Be¬
806 2668 1748 2736 sonders hervorragende Kräfte sind neben dem vor¬
1758 2682 2697 2737 reicherung ihrer Leihgaben erfahren. Die Stadt
815 2702 1744 2757 trefflichen Dirigenten Arturo Lucon zu nennen:
1743 2721 2697 2771 Lemberg überläßt der Ausstellung für die Zeit
808 2740 1743 2792 Enrico de Franceschi, Mariano Sta¬
1755 2756 2692 2807 bis Ende September 22 Handzeichnungen
819 2770 1737 2824 bile, daneben in einigem Abstand Roberto d'Alessio,
1745 2799 2691 2838 Dürers, die bisher nur in Lembera gezeigt wur¬
819 2807 1744 2856 Christy Solari, Vincenzo Bettoni, Alessio Soley und
1749 2822 2693 2871 den. Der zweite Direktor des Germanischen Museums,
813 2847 1667 2894 die Damen Tina Paggi und Gilda dalla Rizza.
1756 2844 2688 2904 Geheimrat Dr. Theodor Hampe, weilt bereits in
844 2868 1747 2932 Der Bürgerausschuß in Freiburg im
1748 2893 2695 2948 Lemberg, um die kostbaren Leihgaben persönlich in
802 2895 1750 2970 Breisgau behandelte im Rahmen der Vor¬
1758 2937 2700 2986 Empfang zu nehmen und nach Nürnberg zu ver¬
808 2930 1752 3003 anschlagsberatung auch die so brennend gewordene
1752 2971 1953 3020 bringen.
818 2973 1746 3030 Theaterfrage. Von allen Rednern wurde
1789 2971 2695 3040 Die Gedächtnis= und Nachlaßausstellungen im
813 3006 1745 3055 übereinstimmend zum Ausdruck gebracht, daß die
1760 3018 2700 3074 Kunstverein werden am Donnerstag abends
811 3042 1748 3097 Freiburger Theaterkrise nur ein Teil der deutschen
1753 3055 2705 3104 6 Uhr geschlossen. Für den 28. und 30. Juni bleibt
813 3073 1748 3131 Theaterkrise sei. Im übrigen wurde bedauert, daß
1748 3088 2703 3146 der Verein wegen den Vorbereitungsarbeiten für die
821 3111 1741 3159 man zu so großen Abstreichungen sich veranlaßt ge¬
801 3109 2753 3211 seben halte, insbesondere Streichung der Kapell= große „Pfalz =Ausstellung“ geschlossen.  77
2416 3175 2647 3256 R
