3436 4448
256 249 1886 342 18. Der einsane Neg box 23/1
1455 931 3365 997 statue niedergelegt, ist Gemeingut der katholischen Christen= gedankentiefen Sprache verfaßt, so könnt
325 923 1464 989 Schluß bedeutet für Dr. Reumanns Ansicht offenbar
1463 960 3353 1035 heit, und, wenn mich das Gedächtnis nicht trügt, bezieht solche Bedenken und Gefühle vielleicht
336 974 1460 1034 totalen Bankerott. Herr Schnitzler wußte wahrscheinlich
1464 1007 3355 1074 sich auch der Name Himmelpfortgasse in Wien auf diese aber des Autors Unvermögen, seine Perso
343 1022 1463 1082 selber nicht, welchen einsamen Weg er wandern sollte, und
1459 1065 3353 1115 fromme Mythe. Gebrochen an Leib und Seele, kehrt die Schemen anders als in trivialen Sätz
339 1064 1307 1141 nahm sich Ibsen und d'Annunzio zu Begleitern:
1456 1098 3346 1159 Sünderin nach vielen Jahren zurück ins Kloster und es jektionen reden zu lassen, ist bekannt. O
525 1111 1322 1181 „Doch, ach! Schon auf des Weges Mitte
1438 1139 3361 1206 öffnet ihr die Pforte die heilige Jungsrau selbst, welche rauchdüfte und mystische Beleuchtungsef
518 1137 1073 1214 Verloren die Begleiter sich,
1440 1180 3357 1268 inzwischen an ihrer Stelle und in ihrer Gestalt den über den Mangel an wirklicher diehteris
514 1179 1248 1249 Sie wandten treulos ihre Schritte,
2560 1226 2910 1302 hinwegtäuschen!
1457 1230 2581 1291 Pförtnerdienst verrichtet hatte. Der Stoff ist an sich episch
511 1224 1223 1290 Und einer nach dem andern wich.“
1455 1269 2567 1333 und könnte höchstens als Oper durch die Musik dramatisch
2640 1263 3366 1337 Ein anderes literarisches Exp
423 1255 1465 1335 So blieb denn Schnitzler sein eigener Pfadfinder, aber
1463 1319 2576 1375 belebt werden. Als gesprochenes Drama aber wird die
2573 1298 3362 1379 Direktor Reinhardt, indem er die
339 1320 1467 1392 er gelangte dabei auf die öde Ebene blutleerer Reflexionen
1466 1357 2583 1420 Legende ihres zarten poetischen Duftes beraubt und wirkt
2567 1354 3364 1421 Euripides in der Uebersetzung von Wil
342 1365 1470 1422 und trivialer Gemeinplätze. Ein Drama wollte er schreiben
1461 1402 3359 1463 fast wie eine Farce, wie eine Parodie auf den Marien=dorf aufführen ließ. Auch bei diesem V#
344 1412 1472 1464 und es wurde ein dialogisierter Roman von einschläfernder
1471 1441 3358 1506 kultus. Maeterlinck hat außerdem den schlichten Sagenstoff hervorragender Darstellung und stilgerech
333 1451 1465 1525 Langeweile daraus, die nicht einmal durch die zahlreich
1468 1492 2577 1555 zu einem Wunder= und Schauerdrama in seiner bekannten
2573 1485 3362 1553 der Erfolg aus, denn das griechische
333 1493 1473 1552 eingestreuten sexuellen Anspielungen belebt wird. Aber
1471 1530 3369 1591 Manier verzerrt, eine Menge von Einzelheiten hinein= einmal — das haben alle Wiederbelebung#
342 1548 1477 1605 die größte Sünde eines Dramatikers ist, das Publikum zu
2560 1583 3368 1665 erwiesen — unserer Gedanken= und Em
1466 1568 2575 1638 gedichtet und schließlich die moralische Pointe in einen
346 1584 1474 1651 langweilen! Daß Direktor Brahm ein so ledernes Stück
2563 1623 2720 1698 ferne.
1459 1620 2579 1690 frommen Betrug umgewandelt. Bei ihm verschwindet die
349 1626 1470 1684 aufführen konnte, ist ein Rätsel, das nicht einmal durch
2636 1646 3370 1734 Die schönen Zeiten des Ueberbrettls,
338 1672 1473 1747 seine Stammesverwandtschaft mit Herrn Schnitzler ge¬
1457 1677 2577 1776 Iungsran Paria lrigt das Gawand der Bibstnik. Meader
2573 1695 3358 1768 Bierbaum den lustigen Ehemann um den
346 1717 916 1797 nügend gelöst werden kann!
1470 1760 2571 1809 großes Entsetzen unter den Nonnen; der Kaplan befiehlt,
2567 1759 3352 1813 ließ, sind vorbei, aber dieser muntere
432 1733 1466 1812 Es gab übrigens im Februar noch andere hochmoderne
1473 1788 2582 1854 die Frevlerin zu geißeln. Aber da verwandeln sich die
2576 1786 3358 1865 noch mancherlei Ulk auf Lager, der sich f##
345 1805 1473 1866 Novitäten, die es nur zu einem succès d’estime brachten.
1466 1844 2572 1904 Geißeln in den Händen der frommen Schwestern in
2567 1834 3356 1900 verwerten läßt. Also konstruierte er ein
346 1846 1467 1906 Direktor Reinhardt, der über das „Neue“ und „Kleine
2572 1887 3369 1945 brettlspiel mit tragischem Ausgange, „Ste
1471 1880 2576 1936 Palmenwedel und Rosensträuße und überirdischer Glanz
353 1889 1470 1953 Theater“ regiert, hat lobenswerterweis mit dem Schlendrian
1461 1931 2585 1998 strömt aus dem sich öffnenden Himmel: Ein Wunder ist
2571 1928 3356 1985 das in Breslau einen Achtungserfolg erzi
348 1931 1476 1998 gebrochen, der hinsichtlich der Inszenierung und Ein¬
1459 1969 2594 2033 geschehen! Als dann im dritten Akte die Entflohene wirklich
2569 1972 3365 2043 liner Theater“ nach wenigen Aufführun
343 1976 1474 2034 studierung von Stücken an den meisten deutschen und öster¬
2574 2006 3340 2067 plane verschwand. Herr Bierbaum h
1469 2015 2586 2073 zurückkehrt, wobei sie erkennt, daß die Gottesmutter selbst
341 2019 1473 2079 reichischen Bühnen herrscht, und pflegt jede Novität sorg¬
1464 2057 2585 2121 ihr Amt verwaltet hat, während sie draußen in der Welt
2575 2046 3368 2109 schon so oft zum besten gehalten — wir
352 2064 1480 2135 fältig stilgerecht zu inszenieren und durchzuproben. Dabei
1463 2107 2587 2160 im Sinnenrausche als Dirne schwelgte, als die Statue
2569 2102 3361 2159 die Komödie mit dem Inselverlag — da
340 2099 1483 2166 aber scheint er zu der Ansicht gekommen zu sein, das sei
1465 2146 2589 2207 wieder am alten Platze steht und die Nonnen über das
2572 2147 3368 2206 zichten, die unsäglich alberne und dab
342 2151 1481 2211 die Hauptsache und der literarisch=theatralische Wert der
1471 2194 3365 2257 neue Wunder staunen, da stirbt die Sünderin, als Heilige Geschichte, deren Held der schlesische Dichter
355 2196 1472 2255 Stücke Nebensache, denn er experimentiert meist mit
1472 2223 1978 2293 gepriesen und angebetet!
2015 2240 3366 2292 Man sieht, die katholische Günther ist (1695 bis 1723), einer nä
346 2241 1477 2304 solchen Dramen herum, die auf szenische Effekte heraus¬
2580 2265 3361 2339 zu unterziehen. Ein lyrischer Possenreiße
1467 2276 2602 2336 Legende hat in Maeterlincks krankhafter Phantasie einen
345 2278 1484 2363 zuarbeiten sind. Wahrscheinlich darum führte er auch
2583 2308 3357 2387 nur dazu benützt, Allotria zu treiben, h
1476 2312 2600 2375 starken Stich ins Modern=Perverse erhalten und muß in
353 2326 1481 2383 „Schwester Beatrix“ von Maurice Macterlinck auf. Die
1477 2340 3356 2418 solcher Gestalt jedes feinere Empfinden, nicht nur der wirkt, ernst genommen zu werden. Er m
357 2363 1482 2434 poetisch schöne Legende von der Schwester Pförtnerin,
1473 2391 3323 2463 katholischen Christen, verletzen. Wäre Maeterlinck ein Kritiker die, ausgerüstet mit allerlei ä
359 2404 1495 2479 welche, von eitler Weltlust gelockt, aus dem Kloster flieht,
356 2442 3370 2524 nachdem sie die Schlüssel zu den Füßen der Muttergottes= wahrhaft großer Poet und sein Werk in einer glühenden kram, sich bemühen, aus „Stella und A
2768 2494 3326 2586 Weisheit herauszuspüren,
2579 2502 2784 2569 poetische
2662 2576 3358 2663 Nach all der gewürzten und
2577 2618 3358 2692 theabalischen Kost, die im Februar d
2567 2676 3364 2758 gesetz purdt, nach allen den literarischen
2588 2730 3347 2782 wieste auf uns Richard Skowronnels
2581 2761 3359 2824 kam“ sottt wie eine erlösende Offenbar
2593 2807 3360 2860 dichteniiche Wert herzlich unbedeutend,
2588 2858 3355 2912 diesem Stücke gesunde Salzluft, es ist
2591 2887 3372 2968 Giter Gameniguberoman mit starten u
2592 2941 3373 3012 Lenarste Ait stelt an Bord, des deu
2595 2975 3358 3052 „Illis“, dann treiben der Boxerauf
2582 3030 3353 3098 stürmung der Takuffirts die Handlung
2583 3062 3361 3126 letzten Aite schließen Patriotismus und 2
2580 3101 3358 3175 bund, zu dem das Publikum gern sein
2575 3144 3375 3227 Es #melte begeißtert den Rianen Junge
2685 3185 3366 3263 und als ein eihster Oberbootem
2577 3204 2700 3274 3u
2576 3236 3347 3301 Marinamtes, bei der Anfunft des
2580 3271 3348 3354 charakteristischen Signalpfiff abgab er
2576 3320 3313 3398 Spezialapplau“„Waterkant“ hat die
2579 3378 3257 3445 ein neuer#eis dafür, daß das
2582 3406 3245 3487 natiogal Liferatur verlangt. M
2584 3453 3244 3535 ##ch Sohlbehagen, endlich einmal
2674 3511 3251 3584 #hen, wvo man nicht an ein Ne
2755 3541 3295 3604 wird. „Alt=Heidelberg“ und
2772 3584 3368 3656 Stücfe auch für di
2778 3643 3340 3708 ren Schriftstellern wenigstens“
2754 3672 3365 3741 ame sie schöpfen in
2716 3734 3375 3801 e e Munge eine erheben
2694 3774 3375 3826 u nationalen Lebe
2747 3814 3364 3877 #  #, wird. es den K#
2622 3853 3370 3931 „aente unpucen die Richard Wa
2611 3887 2902 3976 lschen Sprüchisa
2758 3922 3360 3993 „Lat llögin #lles Alte mod
2743 3971 3365 4061 Wir rechen Lente sind mod
