3392 4256
281 236 1271 335 18. Der einsane Neg
837 648 951 782 ∆
499 755 780 822 Variety
521 806 957 875 New York NY
524 859 960 939 Feb 25 1931
507 1007 1122 1068 THE LONELY WAY
743 1066 1105 1120 Baltimore, Feb. 20.
496 1099 1142 1140 Tragl-comedy in flve acts by Arthur
479 1126 1131 1167 Schnitaler-acting version by Philip Moeller,
465 1160 1140 1203 Drected by Moeller. Settings and cos¬
466 1184 1146 1221 tumes hy Lee Simonson. Produced by the
480 1215 1138 1268 Theatre Guild, Inc., and premiered at
483 1242 820 1280 Ford’s, February 16.
467 1254 1152 1306 Johanna Wegrat. Johanna Roos
472 1292 1135 1324 Felix Wegrat Walter Cor
472 1318 1137 1346 Stephen von Sala Ralph Roeder
476 1346 1130 1375 Dr. Franz Reumann Joseph Macaulay
465 1368 1141 1414 Gabrielle Wegrat Helen Carew
465 1396 1132 1431 Professor Wegrat. Charles Francis
466 1423 1137 1454 Julian Fichtner. Glenn Anders
479 1449 1139 1481 Irene Herms. Vlolet Kemble Cooper
465 1473 1137 1506 Servant at Fichtner’s Herbert Rotner
464 1504 1149 1545 Servant at von Sala's Bretaigne Windust
491 1552 1146 1617 The entr’act musie program for
455 1593 1144 1658 this presentation was made un of
466 1637 1133 1675 waltz melodies by von Suppe, Wald¬
455 1670 1145 1714 teufel and Johann Strauss. The
451 1710 1137 1753 hopes they kindled in a large and
451 1735 1135 1796 expectant audiencewere quickly
435 1768 1149 1820 dashed, fo. is play, long hailed
451 1805 1141 1844 las the major dramatic opus of the
456 1834 1141 1880 Herr Professor Doctor Arthur
454 1865 1146 1915 Schnitzler, is in both mood and
453 1899 1146 1944 method more akin to the. Copen¬
457 1934 1130 1968 hagen of Henrik lbsen than the Vi¬
455 1942 1150 2009 enna of Anatol, thé prose “Idylis,“
452 1985 1142 2038 and the tragic heroine of“ Liebe¬
452 2035 1142 2081 lel.“ Boll that down and it means
457 2064 1005 2112 that the show is not theie.
504 2087 1142 2145 As a museum piece for the stu¬
447 2117 1149 2182 dent of early 20th century drama
441 2157 1118 2206 the production of“ The Lonely Way“
705 2197 1148 2240 As an entertainment
505 2198 702 2240 Justifled.
451 2229 1133 2277 for the general playgoing public, tlie
452 2261 1138 2308 current presentation in the great
459 2299 1140 2341 open spaces of a provincial theatre
457 2323 1004 2371 is, to put it bluntly, a bore.
545 2356 1150 2399 vague and loose-jointed drama,
457 2385 1150 2427 constructed onthe obsolete hve¬
455 2427 1149 2474 Det pattern, it, unlike Turgeniev’s
473 2460 1157 2503 Month in the, Country,“ lacks a
1064 2491 1146 2536 18
452 2489 1009 2540 compelling cheracterlzation.
457 2523 1151 2571 a drama of theme father than a
452 2560 1149 2602 play of a personality. That theme
456 2582 1145 2636 is the Joneliness of those who elect
965 2620 1134 2663 Journey
447 2623 966 2664 for seifish rrasons to
451 2647 1136 2698 through life fre. of domestie fetters.
458 2688 1131 2726 Neither Fichtner nor von Sala,
457 2726 1143 2765 Schnitzler’s two solo travelers, suc¬
449 2762 1144 2803 ceeds in dominating the voluminons!
451 2780 1141 2819 dialog, while the. ’eminine charne¬
462 2809 1138 2877 ters are lightly sketched and wholly
456 2843 680 2895 secondary.
484 2867 1148 2931 Nor does the production bring out
456 2911 1142 2965 the best in the play. Moeller has
459 2939 1144 2993 used an inderior for the first and
467 2971 1133 3026 fifth acts instead of the garden set
460 3015 1133 3067 called for in the Bjorkman trans¬
456 3040 1138 3084 lation, ht hig Pacting version'
459 3082 1134 3130 seems% ädhere rather closely to
449 3108 1133 3155 #the original text. The casting, with
459 3147 1138 3194 the cxception of Johanna Roos, is
459 3181 1141 3218 adequate rather than distinguished.
455 3212 1135 3249 Miss Roos, in the rather indistinet
453 3242 1137 3291 role of an adolescent disturbed by
459 3275 1141 3318 Freudian fires and finally saerlficed
457 3305 1145 3363 on the altar of unrequited love,
459 3344 1140 3390 turns in a portrayal characterized
458 3373 843 3415 by poetic restraint.
499 3408 1152 3460 The rather casual plot concerns
451 3442 1147 3499 the devastation wrecked on the
455 3475 1136 3518 stuffy domleile of a Viennese pro¬
455 3508 1132 3547 fessor by two male acquaintances.
457 3541 1131 3576 The more important of these, Julian
449 3572 1138 3612 Fichter, is the father of the son of
451 3603 1135 3650 the Wegrat household by the pro¬
456 3636 1139 3688 fessor’s wife. Learning of his pa¬
449 3673 1134 3721 ternity, the son turns his back on
444 3710 1134 3751 Fichtner. IIis half-sister, in the
445 3734 1141 3786 throes of a hopeless infatuation for
446 3768 1127 3819 ethe widower, von Sala, drowns her¬
438 3796 1137 3847 self in his garden pool. Fichtner
439 3837 1133 3877 and von Sala, who have valued free¬
449 3867 1137 3916 dom above everything else, Jomvey
459 3900 1142 3943 onward to the inevitable tomb,
458 3936 941 3978 treading the lonely way.
559 3964 1047 4016 rthe subseribers, then
970 3989 1137 4047 Tall.
436 3996 694 4058 storchouse.
1421 249 1883 331 box 23/5
1841 1855 2411 1959 C
1864 2003 2090 2077 Tines
1866 2050 2331 2132 deu fork NT
2067 2128 2212 2235 Pan
2300 2183 2449 2264 1921
1761 2252 2428 2334 The Gulld is said to have 840,000
1735 2304 2434 2380 tied up in the physical production
1731 2352 2454 2424 and costumes of the postponed
1752 2386 2446 2455 Much Ado About Nothing,“ which
1731 2427 2442 2490 reached the dress rehearsal stage
1742 2478 2443 2537 before it was called off. To this
1731 2509 2445 2584 accretion there will be added the
1740 2544 2455 2622 settings of Arthur Schnitzler’s The
1734 2591 2447 2663 Lonely Way,“ which closed in Wash¬
1742 2628 2450 2697 ington last night. What with
1736 2680 2447 2738 the Anatol' revival and now with
1745 2714 2451 2784 The Lonely Way,“the Viennese
1733 2764 2450 2823 author has not had a highly success¬
1747 2797 2454 2862 ful season in the American theatre.
1745 2847 2475 2912 But, when you come right down to
1751 2899 2021 2955 it, few have.
