3392 4256
826 311 939 361 S d
266 294 1278 382 18. Der Neg
1417 286 1887 365 box 23/5
2179 587 2446 670 N.
1501 711 2414 812 Agus Suisse et interwational de ia Prese 3. A.
1646 789 2258 872 23, Rre du Rhöne - GENEVE
1464 830 2445 912 Adr. telegr.: Coupures-Geneve — Tel. Stand 40 05
1480 918 2425 989 Bureau International de conpures de journaux.
1578 965 2351 1030 Traductions de et en toutes langues.
1480 1083 2421 1164 Correspondants dans toutes les grandes villes.
1425 1201 2228 1283 Extrait du Journal: —
1437 1299 1655 1375 Adresse
1800 1355 2007 1435 a
1431 1408 1606 1472 Date:
1792 1633 2247 1711 Echunges artistiques
1800 1703 2261 1737 MaHAMMHmnHm
1481 1772 2273 1878 te grand Comedien allemand
1449 1906 1558 1959 d’a
1607 1897 2158 1991 Kinert Gassermann
1453 2013 1550 2080 Or
1574 2023 2198 2127 va joder au aymnase
1563 2154 2212 2229 La Compagnie du Gymnase jouera
1553 2220 2209 2310 de nouveau“ Le Secret“ à Berlin
1555 2313 2267 2390 Une nouvelle du plus haut intéret
1507 2382 2272 2437 vient de nous parvenir. A la vérité,
1506 2430 2272 2479 nous avions déjà eu vent de ce pro¬
1505 2468 2254 2528 jet; mais les choses n’étant pas en¬
1499 2511 2275 2575 core complètement terminées, nous
1505 2567 2269 2613 nous serions fait scrupule d’en par¬
1507 2602 2272 2651 ler. Au moment ou les échanges ar¬
1502 2652 2269 2707 tistiques jouent un röle si actif dans
1504 2683 2272 2748 la reconciliation européenne, cette
1497 2732 2065 2784 nouvelle est d’importance.
1559 2763 2272 2833 On se rappelle le succès triomphal
1508 2817 2278 2886 des représentations françaises du
1513 2862 1854 2920 Venin à Berlin.
1553 2895 2262 2966 Ces représentations avaient été or¬
1500 2947 2281 3006 ganisées par le professeur Robert,
1510 2986 2274 3051 qui était entré en contact avec M.
1506 3043 2269 3093 Henry Bernstein lors de sa visite
1507 3083 2271 3139 à Paris, en novembre, et qui s’était,
1508 3129 2270 3173 depuis, entendu avec l’illustre auteur
1513 3180 2281 3220 dramatique pour le transport de spec¬
1519 3218 2273 3271 tacles du Gymnase en Europe cen¬
1511 3259 2263 3301 trale et pour la visite de troupes al¬
1510 3297 2278 3359 lemandes ou autrichiennes à Paris.,
1561 3343 2273 3400 C’est des le mois de janvier der¬
1510 3388 2274 3444 nier, pendant les représentations du
1524 3423 2280 3479 Venin à Berlin, que le professeur
1514 3472 2281 3537 Robert devait, pour la première fois,
1513 3512 2213 3565 venir à Paris avec sa compagnie.
1548 3559 2276 3612 Mais M. Robert voulait offrir à
1505 3605 2269 3666 notre public des représentations vrai¬
1520 3648 2274 3716 ment extraordinaires et il ne put, à
1515 3704 2287 3750 si bref dé.a. réunir les artistes qu'il
1521 3731 2132 3785 révait de nous faire connaitre.
1566 3778 2278 3826 II füt donc convenu entre lui ef
1502 3803 2272 3877 M. Bernstein que la compagnie du
1515 3868 2272 3914 Gymnase visiterait Berlin de nou¬
1512 3903 2268 3963 veau en juin et qu’à cette époque le
1519 3956 2285 4009 théätre du boulevard Bonne-Nouvelle
1521 3999 2282 4069 recevrait la troupe du professeur
1523 4035 1698 4102 Robert.
1549 4080 2270 4129 Nous pouvons annoncer aujour¬
1517 4128 2273 4180 d’hui que M. Henry Bernstein er
1506 4162 2274 4226 tous les admirables interprêtes du
