3436 4256
865 248 2911 414 Berichte über Graukkührungen
888 380 2654 540 von dramatilchen Merken
824 510 2941 658 2 der Theaterabteilung von B. Filcher, Verlag, Berlin &el, Bülowstr. 91
512 541 806 663 MN
942 614 2640 767 (Verlag und Vertrieb künstlerilch wertvoller Dramen)
2694 752 3124 828 17. Februar 1914
462 796 806 892 Bericht Nr. 2
474 1080 3136 1276 Der einlame Glrg. Schautpiet in kunt mhten von Arthur Schnitzler.
522 1325 3088 1426 Aufgeführt zum ersten Male Sonnabend, den 13. Februar am „Deutschen Theater“ zu Berlin.
1278 1454 2369 1593 Ueber den Erfolg berichten die Berliner Blätter:
1911 1570 3151 1656 Die Grundstimmung des Werkes ist sehr düster, und die Wirkung
605 1579 1837 1690 Arthur Schnitzlers neues Schauspiel „Der einsame Weg“ fand
494 1681 3160 1761 gestern Abend im „Deutschen Theater“ eine Aufnahme, die nach den liegt nicht im unmittelbar Dramatischen, vielmehr in den Reizen eines
2734 1678 3127 1768 Berliner Zeitung.
490 1710 2329 1810 meisten Akten einem Erfolge glich. Es ist in der Hauptsache die tragi=unendlich feinen Dialogs.
495 1767 1846 1846 sche Geschichte von zwei alternden Männern, die einen einsamen Weg
1929 1768 3165 1887 Kein Drama, was uns Schnitzler bietet. Nichts davon. Eine
501 1815 1844 1914 bis zum Ende gehen müssen, weil sie zerstört und nicht gebaut haben.
499 1856 3167 1958 Der eine sucht seinen Sohn, der rechtlich und offiziell einem verheirateten Novelle. Eine Elegie. Und dennoch übt sie von der Bühne herab einen
1836 1906 3161 1999 so eigentümlichen Zauber aus, weil die Wahrheit in ihr zu einem plasti¬
494 1929 1834 2015 Freunde gehört, um ihn ganz zu verlieren, nachdem er seine Vaterschaft
1837 1943 3175 2053 schen Gebilde wird und das Antlitz von Menschen trägt. Nicht die
496 1991 1846 2079 bekannt hat. Der andere nimmt die rückhaltlose Leidenschaft der Tochter
496 2076 3172 2131 dieses Freundes an, und da diese ihrem Leben ein Ende macht, bleibt Wahrheit überhaupt. Wer wollte die ergründen? Aber eine Wahrheit,
508 2071 3176 2193 ihm nichts anderes übrig, als sich auch zu beseitigen. Der eine ist warm, die nicht minder groß ist, weil sie nur einen Teil darstellt. An solch
499 2114 3173 2233 ein Egoist aus Temperament, der andere kalt, ein Egoist aus Berechnung, eine stille und tiefe Dichterschöpfung soll man nicht mit dem kühlen
507 2220 3179 2282 beide werden bankerott und sie schleichen als Bettler aus dem Hanse des Blick des Forschers, an sie soll man mit der lauschenden Seele des Mit¬
504 2276 3173 2352 Mannes, der von seiner Frau belogen worden ist wie von den beiden und Nachempfindenden herantreten. Ob ein Strich zuviel, ob einer zu
505 2280 3179 2395 Freunden, dem sich die Tochter nie aufgeschlossen hat, der aber, weil er wenig geschehen ist, ob eine Parallele nicht die Konsequenz des Dramas
1840 2340 3185 2430 rein unterstützt, was kümmert es hier viel. Wie der Traum eines
509 2356 1851 2453 sich zu opfern verstand, wenigstens einen Menschen gewinnt, nämlich den
1840 2405 3188 2493 Herbstabends ist es, jener klaren und darum um so stimmungsschwereren
516 2417 1852 2515 Sohn, auf den ihm die Natur kein Anrecht gegeben hat. So schließt
512 2447 3183 2573 das Stück, in dem der Egoismus verschiedenster Arten mit sehr viel Abende, an denen alle Horizonte sich zu weiten scheinen, die inneren
1843 2498 3181 2593 und die äußeren, und wir empfinden ein Erschauern vor der enteilenden
509 2519 1858 2601 Geist begründet, in dem die Grausamkeit des Lebens mit kühler Ge¬
2543 2556 3149 2651 Berliner Neueste Nachrichten.
519 2573 2092 2673 lassenheit hingenommen wird, in der auf feine Weise fühlbar gemachten Gegenwart.
510 2630 1863 2721 Pointe, daß nur die Selbstlosigkeit Frucht bringt und nur die Güte sich
1949 2650 3196 2774 Wie eine Beichte klingt es, wie das Bekenntnis Eines, der sich
522 2692 1870 2779 behauptet, die allerdings mit etwas Blindheit geschützt sein muß. Für
1848 2738 3181 2841 klar geworden, daß er ein Tor war, als er „nur so durch die Welt ge¬
511 2748 1865 2849 die Aufführung hatte das Deutsche Theater seine ersten Darsteller auf¬
1433 2796 1828 2882 Vossische Zeitung.
1842 2787 3193 2876 rannt“ ist und jegliches Gelüst bei den Haaren ergriffen hat. Und zur
527 2825 705 2912 geboten.
634 2846 3208 2959 Der 2. und der 3. Akt fanden lebhaften Beifall und übten starke Warnung und Mahnung für jeden, der sich nicht noch zur rechten Zeit
1851 2896 3195 2987 auf sich selbst zu besinnen vermag, schuf Arthur Schnitzler diese Dichtung.
527 2931 1870 3021 Wirkungen aus. Schnitzler konnte vom zweiten Aufzuge ab nach jedem
1866 2935 3208 3041 Sie ist überreich an starkem und leidenschaftlichem Empfinden und an
522 2982 1864 3071 Akte wiederholt erscheinen. Als der Vorhang nach dem 4. Akte fiel,
1858 3004 3201 3095 geistreichen Einfällen, mit denen sechs Fuldas zeit ihres Lebens aus¬
530 3050 1869 3138 schien das Stück einen Augenblick gefährdet, aber der Beifall war stärker,
2720 3062 3171 3157 Das Kleine Journal.
526 3086 2205 3200 und nach dem Schlußakte kämpfen Beifall und Zischen in vielleicht kommen könnten.
1320 3148 1841 3247 Berliner Lokal=Anzeiger.
526 3174 851 3265 gleicher Stärke.
638 3199 3206 3332 Der Dialag gemahnt vielfach an Ibsen, ist an dunklen Rätsel= Angenommen: Hamburg (Deutsches Schanspielhaus), Bres¬
1966 3286 3214 3372 lau (Vereinigte Theater), Frankfurt a. M. (Schauspiel¬
532 3288 1874 3414 worten reich, eine Maeterlincksche Gestalt ist die ahnungsvolle, in anderen
1974 3344 3221 3453 haus), Hannover (Deutsches Theater), Elberfeld (Stadt¬
531 3350 1886 3456 Regionen heimische, in einer früheren Existenz wurzelnde Traumgestalt
1348 3409 1855 3499 Berliner Börsenkourier.
1973 3408 3156 3516 theater), ferner: Angsburg — Bonn — Bremen —
534 3437 750 3506 Johanna.
1979 3461 3222 3594 Bromberg — Kassel — Chemnitz — Kottbus — Köln
662 3470 1889 3576 Es gibt Dichtungen, die auf uns wirken, nicht durch künstlerische
544 3539 1890 3638 Wucht, nicht durch die Gestaltungstärke ihres Autors, sondern durch
2034 3542 3217 3636 Danzig — Dresden Düsseldorf — Erfurt — Essen
536 3594 1890 3692 das reine, warme Wesen dessen, der sie schuf. Und das erstreckt sich
2040 3614 3164 3718 Stuttgart — Ulm Halle a. S. — Königsberg —
538 3649 1887 3757 soweit, daß wir den Inhalt des Buches eher vergessen, als den Widerhall,
1984 3686 3226 3777 Lübeck — Magdeburg — Mainz — Mannheim — Nürn¬
540 3705 1896 3816 den es in uns weckte, als die Fülle feelischer Beziehungen, die wir von
1980 3746 3227 3837 berg — Plauen — Posen — Stettin — Straßburg i. E.
535 3763 1905 3847 ihm in unser Leben strömen ließen. So wird es, glaub' ich, mit
535 3816 1909 3901 dem „Einsamen Weg“ gehen, der an Fülle der seelischen
1972 3810 3170 3904 Wiesbaden Würzburg — Thorn — Insterburg -
543 3863 1707 3974 Beziehungen alle Werke seines Dichters übertrifft.
1987 3900 2467 4000 Tilsit — Graubenz.
1450 3911 1874 4020 Welt am Montag.
2011 4021 3154 4185 Krzuer (Mieuse,uu)
