3484 4352
1395 209 1875 324 box 23/2
251 249 1259 345 18. Der einsane Neg
1208 1238 1457 1306 ##8
348 1242 784 1309 Ainsa Keufn.
2533 1267 2790 1342 MeTAETeN
1109 1267 1457 1350 ER. WPRCE
3043 1267 3342 1345 —
370 1277 961 1358 WIK PEFXLEUREEETANTER MERIETALSTETNTEEIEE
2536 1331 3363 1382 lein Hohenleitner, während Fräul
343 1334 1462 1394 exzessiver Steigerung gewisse technische Fehler verur¬
1446 1337 2561 1405 der Novität über die deutschen Bühnen vorauszusehen. In
2556 1369 3368 1425 dem Blumenmädchen neben ihrem hübschen
1459 1380 2556 1432 Dresden fand sie unlängst Beifall und Anerkennung; gestern
351 1378 1463 1446 sacht: die Meisterschaft Schnitzlers in der französierenden
2544 1400 3360 1462 ihren hübschen, außeren Ercheinung bei
1455 1408 2563 1471 war ihr auch bei uns eine recht freundliche Aufnahme be¬
349 1434 1457 1486 Dialogkunst führt ihn manchmal zu störenden Längen, seine Vor¬
2552 1436 3357 1500 Ganz in seinem Element war Herr Hauck
1456 1460 2564 1521 schieden. In den Zeiten, da ein Strauß und ein Suppé dio
338 1475 1457 1527 liebe für gedankliche Vertiefung ihn interessierender Dinge zu
1454 1464 3360 1549 Operetten ihne heherrschten, durite man an Tert und Musik] Die kleineren Rollen des alten Grafen un
346 1519 1461 1578 recht ungraziösen symbolistischen Ibsen=Ankängen, und seine
1457 1523 3352 1590 noch Ausprüche stellen Heute ist man bescheidener #ewor= Siebenschein fanden in den Herren, Tocht
337 1562 1463 1625 Kunst der Aphoristik, die auf der Bühne freilich ost viel von
1456 1569 3361 1633 den. On das Buch einer Operette mehr oder weniger gut j#leitz gute Vertreter. Szenisch sehr guta
2554 1604 3322 1645 das Vorspiel und die Straßenszene im
343 1608 1454 1678 ihrer Wirkung verliert, verleitet ihn, von einer individuellen
1464 1596 2557 1669 gemacht ist, gibt ehensowenig den Ausschlag, wie die Krage
2543 1629 3359 1703 Tattstock schwang Kapellmeister Neu
1454 1651 2558 1703 nach Originalität der musikalischen Erfindung. Man ist zu¬
354 1652 1465 1715 Charakterisierung mehr als wünschenswert abzusehen und seine
2620 1680 3340 1751 Berliner Theater. Man schreibt
1459 1675 2560 1747 frieden, wenn man gut unterhalten wird, und da bei dem
348 1678 1464 1740 Vorgänge und seine These mit allen möglichen Weiterungen von
1463 1724 3353 1786 „Veilchenmädel“ weder die „Dichter“ noch der Komponist nierm 17. d. M.: Heute hatte das Deut
355 1738 1459 1789 Problemen zu behängen. Seine lyrische Kraft endsich löst sich
1459 1772 3364 1812 umsonst strebten, dem Publikum das Mögliche zu bieten, j###er der neuen Direktion Paul Lindal
338 1785 1454 1841 hie und da doch sehr in Maeterlincksche Nebulosität auf, die im
1454 1808 2555 1867 und nach bewährtem Rezepi nicht versäumten, das Lustige
2555 1807 3360 1862 zwirklichen und vermutlich nachhaltige rf
336 1820 1462 1884 Verein mit der manchmal gar zu gewählten allzu „literarischen“
1461 1834 2562 1898 mit dem Sentimentalen zu mischen, so mußte es ihnen
2553 1836 2819 1903 Elieder“
2809 1851 3363 1902 Ein fröhliches Spiel am häu
352 1858 1463 1941 Sprache auf die Glaubwürdigkeit seiner Gestalten dann recht
1451 1876 2566 1922 glücken. Man sieht einen verheirateten Zauberkünstler, der
2547 1876 3370 1939 eier Akten von Hermann Heyerman
344 1909 1456 1973 ungünstig einwirkt. So kam es denn, daß das Publikum ofsen¬
1455 1917 2555 1964 den Leuten Eier aus der Nase zieht, und sich als auslän¬
2551 1925 3353 1985 ##ter steigender Anteilnahme und lebhaftem
1460 1952 2564 2007 dische Tänzerin produziert; einen Jongleur, der die schwer¬
350 1952 1465 2011 bar nicht recht wußte, was es mit diesem gleichsam auf Gedanken¬
2562 1963 3356 2009 blikums in Szene. Es ist ein Stück, das
1455 1992 2559 2055 sten Hausknechte mühelos in der Luft stemmt und einen
347 1994 1463 2053 und Stimmungswolken schwebenden Stück anfangen sollte, und
2550 2002 3366 2052 z#mödie und recht ernst ausklingt, ein Köni
1458 2018 2544 2085 sentimentalen Voltssänger, der sich in ein von ihrer Prin¬
2540 2044 3352 2104 # dern=Kleinbürgerliche eines holländischen
350 2048 1458 2106 die Novität höflich aber doch entschieden ablehnte. Der nicht
1459 2083 2563 2135 zipalin ausgebentetes und von ihrem Vormund betrogenes!
2559 2081 3372 2144 Pancras Duif, der als einfacher Eisenbah
344 2084 1460 2167 sehr starke Berfall am Ende des zweiten, dritten und Schluß¬
1460 2112 2557 2158 Blumenmädchen verliebt. Es gibt Ebeschließungen und
2566 2110 3353 2169 fangen, sich zu ansehnlichem Reichtum emp
346 2139 1461 2190 altes galt wohl nur der Darstellung; vor allem Herrn Volz,
1456 2150 2564 2198 Ehescheidungen, den Geist eines verstorbenen Hausknechtes,
2560 2146 3362 2204 sodaß nun, da er in der Mitte der Füns#
351 2182 1466 2235 der in gut gewählter Maske und mit feiner Sprechkunst den
1457 2174 2554 2230 zer einen Schatz vergraben, und zu dem allem wird ebenso
2567 2187 3365 2246 Fabrik eine Aktiengesellschaft mit seinem
351 2217 1466 2280 Intentionen des Dichters durchaus gerecht würde und den ungen
1455 2221 2567 2282 viel gesungen wie getanzt. An dem üblichen Grafen=Trottel
2564 2239 3358 2295 tor an der Spitze geworden ist, ein Mann,
1463 2260 2568 2314 fehlt es auch nicht und das ganze ist ein durchaus mo¬
345 2266 1461 2322 Welt= und Menschenkenner und Verächter Sala, diesen recht
2567 2284 3369 2332 Iren Witwer ist, in dieser langen Zeit aber
1454 2295 2559 2356 derne Variété=Atmosphäre gerückt, die einen großen Spul¬
357 2303 1469 2366 soffenbar als Hauptsprachrohr des Anlors dienenden ästhetischen
2558 2296 3359 2373 finnlichen Verantagung nicht die Zisgel
1468 2331 2557 2391 raum für das Groteske und Unwahrscheinliche bietet ein
2559 2349 3364 2404 konnte, sehnt sich nun danach, endlich noch d
360 2354 1461 2413 Philosophen oder philosophischen Aestheten so überzeugend gab,
1459 2381 2567 2432 Vorteil, der reichlich ausgenützt worden ist. Die Musik ist
2567 2405 3365 2453 nießen und will sich mit seiner Wirtschafte
346 2394 1465 2461 wie es eben nur möglich war. Herr Kirch mochte als Julian
1455 2410 2567 2461 leicht und gefällig, aber ohne jede besondere Eigenart. An¬
2558 2429 3367 2493 Darob großes Enisetzen unter seinen Kind
345 2439 1457 2490 Fichtner wohl genügen, würde aber mit etwas größerer
1468 2441 2573 2509 klänge an Straußsche Rhytmen und Weisen und an andere.
2568 2462 3358 2517 ganzen Verwandtschaft, die so lange nur
351 2472 1463 2543 Geschmeidigkeit und weniger primitivem Mienenspiel noch über¬
1451 2478 2563 2547 bewährte volkstümliche Gesänge begegnet man Schritt auf
2564 2509 3355 2561 Alten Geld herausgezogen haben und nun f#
349 2520 1461 2575 lzeugender wirken. Der Felix des Herrn Fricke ließ nichts
1462 2519 2562 2590 Schritt; immerhin ist bei allem eine geschickte und leicht ge¬
2572 2543 3366 2597 liebte Mann, der mit dem kostbaren Verlo##
1459 2558 2563 2625 staltende Hand angenehm zu spüren. Ihr Bestes bieten
352 2566 1464 2630 ivermissen, und ihre überlegene Kunst erwiesen die Herren
2559 2582 3371 2644 der Verlobten eine Lebensversicherungspol#
1464 2598 2569 2664 Librettisten und Komponisten in dem hübsch durchgeführten
357 2615 1473 2676 Bauer als Professor Wegrath und Pfeil als Doktor Neu¬
2561 2618 3362 2685 Gulden überreichte, könnte noch mehr Geld
1461 2646 2565 2694 Vorspiel, das in dem Terzett der drei lustigen Brüder auch
354 2657 1469 2712 mann auch in diesen weniger hervortretenden Rollen. Die einzige
2566 2662 3353 2729 Sie fühlen sich plötzlich als treue Glieder
1452 2680 2567 2728 die musikalisch ansprechendste Nummer enthält. Viel wird
346 2697 1469 2770 leinigermaßen realistisch gehaltene Rolle der Freundin Fichmers
2554 2703 3374 2764 den „Skandal“ vermeiden, das Unglück vor
1461 2717 2561 2769 allerwärts das Schicksal der Novität von der Besetzung dieses
2566 2745 3371 2801 betörten Vaters fernhalten müssen und zei
363 2737 1464 2803 (Irene Harms) lag in den Händen von Frl. Lauge, die sie
1455 2748 2563 2821 Pagabunden=Kleeblatts abhängen. Bei uns ist sie eine ganz
2555 2779 3375 2852 ganzen egoistischen Gemeinheit und spießb
368 2779 1457 2854 durchweg sachgemäß darstellte. Weniger einfach war die Auf¬
1456 2783 2560 2846 vortreffliche. Was unser Tenor=Buffo, Herr Schramm,
2568 2824 3369 2872 lisierenden Unmoral. Sie bestehlen den¬
364 2824 1464 2893 gabe, die Frl. Pollner als Johanna gestellt war. Diese
1462 2832 2566 2887 an Hand= und Veinfertigkeit, an Mimik und Komik zu bieten
2559 2860 3368 2908 ihm den Arzt auf den Hals, der ihn auf se
1459 2870 2564 2937 vermag, ist sehens= und bewundernswert. Seine große
360 2877 1464 2926 eigenartige verschlossene herbe Natur mit ihner nordischen Ge¬
2565 2906 3377 2951 sundheit untersuchen soll, und sie bedrohen
1464 2909 2568 2964 Tanznummor im ersten Akt glückte ihm vortrefflich und auch
352 2911 1464 2974 danken=Mystik und ihrem selt amen Ahnungsvermögen lag ihrem
2565 2946 3378 2997 das or heiraten will, mit dem Staatsanwa
1465 2957 2565 3003 bei einem mit Fräulein G. Meper flott getanzten Cake
357 2962 1465 3010 Talent augenscheinlich nicht recht, und an ihre Visionen; B. war
2563 2958 3357 3032 ihnen nun freilich eine wirksame Waffe
1461 2983 2565 3047 walk stellte or seinen Mann. Einen Herkules camme i
363 3000 1463 3063 chwer zu glauben. Die Westalt der Frau Wegrath endlich ver¬
2561 3004 3370 3072 geben. Marianno ist einst von ihrem Vorm
1467 3020 2571 3070 mut stollte Herr Steffens und Herr Hensal bot als
356 3050 1467 3117 Adiperte Frl. Boch so sympathisch, daß wir ihr plötliches Hin¬
2556 3057 3368 3112 den, sie hat einea Knaben, für dan sie e
1462 3064 2530 3124 Polksfänger alles, was man von einem lyrtschen Tener in
1315 3092 1430 3148 rb.
2554 3095 3370 3163 und gearboitot hat, der ihr aber immer im
358 3082 1289 3166 scheiden zwischen dem 1. und 2. Al. sehr bedauerten.
1465 3083 2569 3156 einet solch charaiorten Operattenvartio nur immer verlangen
2562 3132 3378 3189 gestanden. Und um ihn, um sich zu ernäl
1469 3146 2569 3195 kann. Daß Fräulein Meyer gut un tunzen versteht, ist schon
419 3136 1468 3203 e Frankfurter Opernhaus. Nach dem günstigen Erfolg.
2549 3163 3372 3238 vielen vergeblichen Versuchen, eine Stellung
1469 3166 2570 3235 erwähnt; daß sie auch ihre nicht übermäßig gut bedachte ge¬
361 3189 1480 3244 den die Operette „Das Veilchenmädel“ (Tert voll
2561 3213 3373 3277 hat sie ein Zeugnis gefälscht, das die Söh
1463 3215 2568 3270 fangliche Aufgabe glücklich löste, soll oaneben nicht uner¬
366 3224 1478 3274 2. Krenn und C. Lindau, Musik von Josef Helmes¬
363 3260 3354 3315 berger) in Wien erzielte, war eine paldige Wanderung wähit bleiben. Ein derb=frisches Schautmädel stellte Fräu= haben. Diese Waffe verleibt ihnen, den
