3436 4224
1399 189 1870 277 box 23/4
241 194 1268 308 18. Der einsane Neg
1273 1410 1571 1496 5 suc die
1653 1413 3332 1503 vorstellen, wie er dem schnöden Egoismus als einem das aber die Ueberlegenheit d
2832 1475 3328 1537 wußten, wohldurchdachten
1659 1482 2815 1561 Leben, die Gesellschaft zerstörenden Element mit der Faust
2831 1516 3329 1579 aristokratischen Lebensphi
159 1531 1582 1595 ach wie vor seine Worte mit stummer Seligkeit in sich hinein, aber
1654 1529 2814 1611 droht, wenigstens mit dem Zeigefinger. Das würde ihn
2831 1566 3323 1640 voll zum Ausdruck. Es
407 1574 1583 1653 statt aufzujubeln, schleicht sie sich von hinnen und stürzt
208 1582 405 1645 der ihn
1658 1570 2830 1664 freilich nicht hindern, die Welt nach wie vor durch gar
2831 1605 3327 1681 mehr Autorität, ein Zuf
420 1633 1568 1684 sich ins Wasser. Warum? Das errate, mer kann. Wahr¬
158 1622 411 1692 Julian, der
1661 1632 2823 1697 trübe Scheiben anzuschauen. Wenn er sich entschließen
2837 1655 3336 1732 liegt dem Künstler schlech
426 1661 1581 1746 scheinlich hat man sich das junge Mädchen als hochgradig
153 1679 413 1742 iger an sich
1757 1691 2819 1751 hte, sein Wort auch einmal im Dienste eines hellen,
2829 1705 3337 1776 bringt er ganz vortrefflich
418 1719 1577 1781 hysterisch zu denken. Sie kann auch nicht leiden sehen, fühlt
151 1727 401 1789 orten abge¬
1766 1719 2829 1804 gen, das Leben tapfer bejahenden Optimismus er¬
2837 1751 3334 1823 mußte Fräulein Wohl
411 1767 1566 1836 geradezu Feindschaft gegen Menschen, die auf ihr Mitleid
156 1773 397 1844 sch es weiß.“
1753 1763 2828 1849 gen zu lassen, welch eine Freude für seine Verehrer!
2838 1799 3341 1864 und zart sie sich zu gebe
419 1808 1570 1873 angewesen sind, sie haßte beinahe ihre kranke Mutter.
1741 1815 2824 1891 app vor seinem Selbstmord meint Sala: „Es scheint
2830 1846 3335 1918 gesund für dieses wund
421 1862 1568 1924 Auch Sala ist von schwerer Krankheit bedroht, sie weiß es,
147 1840 415 1931 ls, Julian
1663 1853 2821 1938 mir überhaupt, dß jetzt wieder ein besseres Geschlecht
2838 1888 3333 1973 zu lösen, wollte auch ih
412 1907 1613 1965 und vielleicht steckt hier der Grund ihres Selbstmordes,
156 1916 420 1984 d und das
1666 1910 2819 1986 heranwächst — wen zer Geist und mehr Haltung.“ Es ist
2837 1935 3308 2013 dagegen Frau Ble
416 1958 1613 2013 vielleicht tötet sie sich, um den Mann, den sie liebt, nicht in
158 1961 415 2031 hanna, die
1665 1948 2829 2027 das einzige tröstlich Wort, das aus diesem Trauerhain
2838 1983 3283 2054 Schauspielerin a. D.
419 2002 1574 2059 bemitleiden zu müssen, vielleicht im Vorgefühl des drohen¬
168 2007 404 2069 stehen. An
1667 2021 2825 2087 uns entgegentönt. D## Stück wurde vor etwa zehn Jahren
2837 2031 3296 2096 Mundart durchhaucht.
416 2040 1634 2106 den Verlustes, um nicht allein zurückzubleiben. Uns fehlt##
167 2055 410 2120 Stück der
1671 2052 2829 2124 geschrieben, und se# er dürfte dieses bessere Geschlecht
2842 2076 3334 2155 ihrer Lustigkeit voll mil
413 2087 1613 2167 jeglichs Verständnis für einen also verschrobenen Mädchen¬#
157 2102 396 2170 er Vorliebe
1668 2099 2828 2178 schon groß geworde ein, woraus sich möglicherweise
2834 2127 3328 2201 auch frisch aus der Wirl
418 2135 1610 2209 kopf. Unzurechnungsfähige sind im Leben bedauernswert,
184 2144 413 2221 Räsonneur
1675 2144 2823 2215 folgern ließe, daß ###e der Wanderer viel weniger auf
2835 2174 3325 2247 diesmal unsere Tragödi
412 2185 1613 2267 in dr Kunst unausstehlich. Was ins Sanatorium ge¬
181 2199 408 2259 selbst aus¬
1670 2187 2828 2284 dem einsamen Wege zutreffen sind als damals vor zehn
2844 2221 3326 2309 Es handelt sich freilich
415 2231 1058 2305 hört, gehört nicht aufs Theater.
1563 2242 1607 2305 5
167 2243 406 2312 Wahrheiten
1669 2240 2679 2326 Jahren. Das wäre: erhin eine Errungenschaft.
2844 2269 3335 2345 die, auf den Gesamtt
498 2272 1643 2357 Zu begreifen glauben wir nur dies eine, daß auch
165 2294 404 2362 iter Kenner
2171 2290 2841 2398 diesem, mit seinen abgetönten
2854 2315 3344 2391 lachend weint, und Fr
412 2315 1562 2384 dieses Mädchen den Menschen gleicht, die einsiedlerisch im
1750 2332 2117 2400 Ein Werk gi
157 2340 405 2408 s empfind¬
2857 2368 3331 2439 der, sagen wie's ger
407 2365 1648 2430 Weltgttümmel leben, durch die Menge einsam ihres ein¬ biel
1680 2376 2837 2437 Farben, seiner dur fünf Akte hinzitternden Moll¬
166 2383 403 2451 rusene Ein¬
2857 2407 3331 2483 für diesen zwischen
412 2419 1634 2482 samen Weges wandeln. Es ist ein gefährlicher Weg.. Er ###
1683 2415 2839 2495 stimmung, fordert nahrlich von der Darstellung, daß sie
172 2433 402 2499 verteidigen
2841 2452 3333 2539 den Frohsinn. Man en
1671 2466 2842 2534 diesem Grundton sich; ibequeme. Also heraus mit allen
162 2461 1621 2538 Im übrigen führt vor der Zeit in Nacht und Dunkel hinab, und bei
2843 2499 3338 2577 immer wieder musik
408 2514 1609 2583 der letzten Station wartet ungeduldig der Tod mit aus¬
1679 2519 2837 2576 Dämpfern, Lichtschirme und Löschhauben der Sprech¬
166 2529 393 2589 lese, immer
2847 2553 3340 2621 kommen. In diesen Sch
160 2576 1618 2628 wvischen den gebreieten Armen, um den Wanderer zu empfangen. u
1671 2565 2846 2631 kunst! Die Berliner Gäste, die das Stück vor acht Jahren
2863 2612 3316 2688 eben so viel verschwie
409 2615 1575 2677 Frau Gabriele stirbt, ihre Tochter ertränkt sich, Herr
1679 2629 2843 2683 aufführten, waren durch unzählige Ibsen=Vorstellungen
150 2617 414 2693 Dennoch ist
2860 2652 3316 2726 daß man unwillkürlic
407 2654 1577 2720 v. Sala nimimt mit der Pistole in der Hand seinen
1686 2660 2837 2726 für diese diskrete Dynamik bestens vorgeschult. Im Burg¬
176 2666 406 2733 wie dieser
2862 2698 3332 2768 wandten Kunst entleht
408 2711 1570 2766 eleganten Abschied vom Leben, und wir vermuten, auch
1686 2703 2841 2767 theater, wo der große Raum die feineren Nuancen so
170 2717 413 2781 Schwerlich.
2853 2745 3332 2815 Konzert und dort oben
409 2743 1575 2819 Julians ferneres Dasein ist nur ein langsamer Selbst¬
1686 2745 2846 2840 gern verschluckt, ist diese Kunst des halblauten Kon¬
148 2766 415 2835 en, in der
2865 2791 3331 2865 sonate oder ein Nachtst
169 2804 1567 2858 der Liebe mord. Bloß Wegrath und Felix bleiben lebendig, alle
1686 2807 2842 2871 versationstones weniger leicht zu üben. Es geht aber doch,
2948 2839 3316 2914 Möglich, daß das
156 2837 1577 2922 grundsätzlich übrigen verschlingt der einsame Weg. Kein heiteres Spiel,
1687 2845 2853 2925 wenn die Aufgabe den richtigen Künstlern gestellt wird.
2862 2874 3331 2957 stellung einen ähnlichen
164 2889 1565 2959 ihm und was den Zuschauer erwartet. Zum Glück drängt sich ihm
1685 2900 2845 2966 Die Herren Devrient (Julian), Paulsen (Wegrath),
2861 2934 3326 3002 Stücke mit anhaltender
148 2937 1576 3018 zum letzten der Tod nicht sichtbarlich mit seinen Schreckbildern auf,
1689 2942 2843 3011 Gerasch (Felix), Herterich (Reumann), denen sich
2865 2968 3335 3051 zeit bei dem schleppend
411 2978 1565 3047 er hört nur davon sprechen und erzählen, und das Ganze
164 3000 399 3064 viertenmal
1683 2993 2851 3069 Frau Haeberle ebenbürtig anschließt, tragen, man
2870 3024 3325 3095 längerte, und instrun
416 3038 1580 3099 schwebt ja in einem so vornehmen Halbdunkel, daß die
162 3051 403 3112 nier schwülen
1696 3035 2853 3121 möchte sagen, gute Kammermusik vor, alles con sordini
2866 3066 3330 3139 schlüsse mit Applaus i
400 3079 1572 3150 Umrisse jegliche Schärfe verlieren und statt Grauen und
1680 3087 2862 3157 gespielt. Wird manchmal ein stärkeres Licht aufgesetzt, desto
169 3091 402 3166 ihrer Liebe
2865 3120 3327 3191 rauschender, aber ein g
413 3123 1573 3195 Schauder nur eine Art süßer Wehmut hervorgerufen
1690 3137 2847 3199 besser. Primgeiger ist Herr Walden, sollte es sein.
196 3144 414 3209 ohne sie
207 3174 1581 3238 Zugleich wird. Zur Not könnte man auch etwas wie eine mora¬
1689 3168 3336 3262 Sein Stephan v. Sala steht künstlerisch auf guten Füßen, heimischen Dichters un
170 3219 1605 3302 Sie trinkt! lische Tendenz aus dem Texte entziffern, den Dichter sich
