3436 4256
1427 240 1887 331 box 23/3
873 248 1157 316 ane W
262 260 921 363 18. Der eins:
421 1449 1427 1517 hinaus vermochte sie auch diese Mädchengestalt, die
426 1494 1419 1570 sich der Dichter wohl als von anormaler Psyche ge¬
2394 1492 3334 1567 65 (Zweites Abonnementskonzert von Frau
440 1474 2344 1604 dacht hat, die in den Umrissen aber etwas ver¬ Die Leidenschaflichten, weiche Panelung und #
1409 1519 2358 1608 dringt, wurde von den beiden Erstgenannten im Verein mit
1404 1541 3354 1653 Herrn Neubauer in erschöpfender und zugleich künstlerisch Haasters=Zinkeisen.] Das zweite Abonnementskonzert Al
438 1571 1406 1640 schwommen ausgefallen ist, lebensmöglich zu ver¬
1414 1587 3320 1684 vollendeter Weise wiedergezeben. Es war ein großer von Frau Anna Haasters=Zinkeisen, wel¬
437 1607 1400 1677 körpern. Freilich würde es der Figur in ihrer Denk¬
1404 1608 3365 1717 Genuß, ihrem Spiel und ihrem Gesang zu folgen.sches heute im Kaisersaale der Tonhalle statt=to
430 1646 1395 1711 barkeit zustatten gekommen sein, wenn sie dem Back¬
1405 1653 3357 1764 Fräulein Olga Lenk war stimmlich ausgezeichnet fand, war nicht weniger gut besucht, wie das vorher¬
441 1689 1400 1750 fischalter noch etwas näher gestanden hätte. Herrn
2360 1690 3316 1775 gehende. Die Künstlerin leitete dasselbe mit nichts
444 1721 1411 1804 Bettelheim=Gabillons Felix war ab und
1409 1738 2359 1803 disponiert und entfaltete selbst in der höchsten Lage
2356 1732 3307 1806 Geringerem als mit der berühmten großen Sonate
443 1770 1411 1830 zu ein bißchen steifer, als es die Rolle verlangte, im
1409 1766 2367 1856 alle Vorzüge ihres frischen, unverbrauchten Or¬
2363 1774 3370 1842 in C-dur, der „Waldstein=Sonate“ (op. 53) von Beet=u
440 1803 1406 1875 übrigen aber recht ausprechend. Das ungeachtet
1415 1803 2367 1886 gans. Sentas große Ballade war eine Musterleistung
1418 1810 3318 1919 gesanglicher Charakterisierung. Ebenso gelang ihr hoven ein und spielte das monumentale, anspruchs¬
451 1844 1408 1923 seines doppelten Gesichts herzensgute, ein wenig be¬
1421 1854 3315 1955 das Visionäre in der Darstellung des schwarmerischen volle Werk mit jener technischen Überlegenheit, vor¬
445 1881 1406 1953 schränkte süße Wiener Madel Irene Herms hatte in
2363 1892 3313 1964 nehmen Ruhe und stilreinen Abgeklärtheit, welche die
455 1921 1407 1998 Frau Körner eine prächtige Vertreterin gefunden,
1421 1922 2372 1995 Mädchens vorzüglich. Herr Neubauer war in seinen
1413 1928 3315 2041 beiden Szenen mit Senta ebenfalls auf der Höhereife, höchste Künstlerschaft kennzeichnen. Es würde
454 1962 1407 2035 und das gleiche läßt sich von dem Arzt Reumann
2364 1966 3315 2039 die Bedeutung der Leistung, welche mit diesem Vor¬
442 2004 1412 2070 sagen, den Herr Dr. Geyer übernommen hatte
1421 2004 2375 2075 und sang und spielte den verliebten Jäger in ein¬
2377 1987 3331 2078 trage geboten wurde, herabsetzen, wollten wir noch
453 2043 1416 2108 Den Professor Wegrath spielte ein Herr Battige,
1421 2035 2377 2110 wandfreier Weise. über Herrn Waschows „Hol¬
2372 2038 3333 2118 über Feinheiten in Anschlag, Dynamik und Auf¬
445 2080 1418 2134 er ging als Mensch und Pseudovater an, weniger als
1430 2085 2373 2151 länder" und Herrn Gärtners „Daland“ lassen sich zu.
2373 2095 3326 2154 fassung berichten, wo doch die letztere den Inten¬
446 2117 1417 2197 Akademie=Direktor. Einwandfrei war Frl. Krüger
1431 2113 2373 2188 den alten Lobeserhebungen neue nicht mehr er¬
2381 2122 3323 2196 tionen des Komponisten in geradezu idealer Weise
456 2160 1409 2222 als Gabriele. Das Zusammenspiel ließ kaum einen
1420 2160 2363 2230 sinnen. Es genüge daher, wenn wir konstatieren,
2383 2184 2592 2250 entsprach.
464 2196 1415 2261 Wunsch unbefriedigt. Sehr natürlich und zwanglos
1425 2197 2373 2269 daß beide wieder ihr bestes gaben. Die Neben¬
2427 2202 3349 2279 Von einer nicht weniger interessanten Seite zeigte
454 2238 1422 2300 hatte Herr Sturm als Regisseur die Stellungen
1431 2230 2385 2307 rollen der Amme und des Steuermanns Dalands
2385 2242 3341 2328 sich die Pianistin alsdann beim Vortrage der Schu¬
446 2276 1421 2346 angeordnet, so insbesondere das gesellschaftliche Bild
1428 2274 2372 2344 wurden erstere von Frau Klara Schützendorf¬
2388 2283 3346 2358 mannschen Nippes: „Vogel als Prophet“ — welches!
463 2309 1426 2384 im ersten Akte, da sich die Besucher mit der Familie
1429 2311 2374 2389 Vellwidt, letztere von Herrn Robert Hutt gut
2376 2309 3347 2393 Stücklein bekanntlich seinerzeit von Rubinstein in
450 2349 1423 2418 Wegrath um den Gartentisch herum setzen. Das
1435 2353 2375 2425 ausgefüllt. Auch an den Leistungen der Chöre war
2377 2363 3355 2437 den Konzertsaal eingeführt wurde —, der Kinder¬
454 2392 1426 2467 ganze Stück ist in Herbststimmung getaucht, leider
1425 2393 2375 2464 nichts auszusetzen. Der Regie möchten wir raten,
2390 2395 3349 2475 szenen und einer der Novelletten. Hier bewäbrte
457 2429 1428 2506 hatte aber Herr Sturm nicht durchweg die dement¬
1426 2437 2385 2495 im zweiten und dritten Aufzuge die Beleuchtung der
2383 2433 3350 2513 sie sich nämlich aufs neue als Meisterin der musika¬
469 2468 1420 2548 sprechenden Dekorationen zur Verfügung, er mußte
1441 2470 2368 2540 Szene nicht erst dann ganz vorzunehmen,
2382 2480 3345 2550 lischen Kleinmalerei und schuf aus einigen der
1435 2506 2377 2582 wenn der Vorhang bereits in die Höhe
469 2509 1418 2578 wohl oder übel braunge velkte Blätter aus dem
2380 2520 3348 2589 intimen Kleinigkeiten und Klavierpoesien wahrhafte
1421 2548 2379 2606 gegangen ist, sondern schon vorher; die nachträgliche
466 2538 1418 2645 saftigsten, sommerlichsten Baumgrün fallen lassen.
2388 2563 3184 2636 Kabinettstücke von unbeschreiblicher Anmut.
1442 2594 2379 2653 Erhellung der Bühne zerstört ein gut Teil Illusion.
2437 2575 3347 2668 Und wieder eine andere erschien Frau Haasters,
1430 2624 2394 2696 Das Orchester hatte sich mit der von dem Kompo¬
2396 2637 3347 2708 als sie sich an den Steinway setzte, um Chopin und
778 2648 1111 2733 Stadttheater.
1422 2666 2391 2735 nisten 1846 veränderten Partitur des Werkes abzu¬
2398 2677 3340 2750 Liszt zu spielen. Da war von jener Reserve, mit
1430 2701 2380 2782 finden, die wesentlich von der ursprünglichen, sehr
681 2688 1400 2786 * Düsseldorf, den 8. Jan. 1907.
2392 2711 3348 2786 welcher verständigerweise vorher die Virtuosin hinter
1434 2742 2385 2814 massigen Instrumentation abweichen soll und heute
2392 2744 3365 2822 die Tonkünstlerin zurückgetreten war, nichts mehr
618 2756 1314 2851 „Der fliegende Holländer.“
1433 2776 2379 2860 zum ersten Male in Düsseldorf zu Gehor gebracht
2395 2794 3356 2870 zu spuren, und ungehemmt füllte die Tonpracht der
515 2800 1435 2883 Heute Abend ging Richard Wagners romantische
1449 2817 2386 2887 wurde. Um den Unterschied herauszufinden und
2400 2834 3346 2903 virtuosen As-dur=Polonaise des Polen, die mit
473 2854 1442 2931 Oper „Der fliegende Holländer“ mit tellweise neuer
1438 2856 2395 2923 seine Wirkung beurteilen zu können, müßte man
2405 2868 3355 2940 Passagen der heikelsten Art förmlich überladene
473 2898 1442 2960 Besetzung im Stadttheater in Szene. Sie beschränkte
1446 2898 2391 2966 schon beide Partituren einmal kurz hintereinander
2393 2916 3348 2976 Rigoletto=Paraphrase von Liszt die weiten Räume
476 2931 1435 3014 sich auf die Partien der „Senta“ und des Jägers
1444 2936 2390 3004 hören. Jedenfalls ließ auch in der heutigen Instru¬
2400 2949 3369 3019 des akustischen Saales. Enthusiastische Beifall= und
478 2972 1445 3044 „Erik“, von denen die erstere Fräulein Olga Lenk,
1449 2970 2395 3043 mentierung das Orchester alle Schönheiten der Ton¬
2401 2997 3352 3059 Blumenspenden gaben auch äußerlich der Dankbar¬
474 2988 1440 3073 die letztere Herrn Hans Neubauer zugefallen wat.
1452 3013 2396 3088 sprache dieser Oper zur Geltung kommen. Nach der
2398 3019 3359 3093 keit der Hörer für die genußreichen Darbietungen
469 3056 1439 3119 Die übrigen wenigen Hauptrollen befanden sich in be¬
1455 3050 2392 3128 Ouverture und nach den Aktschlüssen wurde lebhaft
2406 3086 2762 3154 beredten Ausdruck.
1444 3093 2398 3159 applaudiert. Das Haus wies, namentlich im Par¬
475 3081 1438 3154 währten Händen. „Den Holländer“ sang Herr Gustav
2454 3093 3360 3168 Als Mitwirkende war die Hofopernsängerin
469 3127 1443 3196 Waschow den Seefahrer „Daland“ Herr Heinrick
1454 3130 2403 3201 kett, nur einen schwachen Besuch auf, was im Hin¬
2399 3142 3355 3208 Fräulein Charlotte Huhn aus Dresden ge¬
487 3164 1451 3231 Gärtner. Mit diesen Kräften wurde die Vorstellung zu
1454 3169 2400 3236 blick auf die ausgezeichnete Darbietung sehr zu
2374 3180 3353 3243 wonnen worden. Mit sehr ausdrucksvollem Vortrage,
488 3204 1440 3273 einem wirklichen Erlebnis, das von neuem packte, fesselte,
1451 3231 1751 3292 bedauern war.
2379 3225 3369 3291 in ihrer eigenartigen, mehr großzügigen, wie beson¬
491 3249 1450 3318 faszinierte. Den Stimmungsgehalt der großen Szenen
482 3262 1477 3380 des zweiten und dritten Aktes brachte das Künstlertrio,
