3392 4256
853 204 910 271 8
304 208 1309 299 18. DNeg
604 1533 1506 1654 DOBSERVERG
743 1653 1395 1697 I. österr. behördl. konzessioniertes
668 1685 1441 1750 Unternehmen für Zeitungs-Ausschnitte
721 1737 1399 1811 WIEN, I., WOLLZEILE 11
816 1795 1295 1862 TELEPHON R-23-0-43
629 1920 1520 2000 Ausschnitt aus: Deut schöster¬
605 1989 1579 2073 reichische Tageszeitung, Wi#o¬
851 2043 1195 2128 18. 5. 1932
773 2116 1349 2204 Der Lautsprecher.
523 2187 1650 2242 Ein Pfingstprogramm: Im Unterhaltungskonzert unter
475 2232 1636 2290 dem vielversprechenden Titel „Österreichische Komponisten“
478 2275 1655 2340 unter fünf Komponisten folgende drei Namen: Leo Fall,
487 2321 1646 2381 Oscar Straus und Emmerich Kalman. Dann Chorvorträge
487 2365 1627 2417 vom „Arbeitersängerbund Döbling“, ein „Fünfuhrtanz“
482 2423 1658 2466 der Jazzkapelle Korngold die Literatur brinat Schnitzlers
477 2461 1652 2514 „Einsamen Weg“ und „Junge deutsche Lyrik“ gesprochen
486 2494 1658 2553 von Käthe Gutmann. Sogar an christlichen Feiertagen ist
483 2546 1662 2598 die Verseuchung des Rundfunks schon sehr weit vorge¬
490 2585 1663 2636 schritten. Man möchte doch glauben, daß die chvistliche Be¬
481 2634 1668 2685 völkerung an ihren Feiertagen einmal Schonzeit haben
490 2669 1655 2731 könnte. Dies wäre doch das Recht der Selbstverständlich¬
491 2725 1651 2768 keit. Aber leider ist der Einfluß gewisser Strömungen noch
493 2758 1656 2814 zu übermächtig. Ein typisches Beispiel war wieder der Vor¬
496 2797 1653 2864 trag „Die Maifestspiele des Askö im Wiener Stadion“. Ist
492 2839 1658 2903 die Ravag schon ein sozialdemokratisches Propaganda¬
493 2872 1656 2930 instrument? Der Bericht über die Klassen= und Massen¬
495 2924 1660 2979 spiele des Askö, gesprochen von Dr. Kanitz, einem Roten
498 2973 1660 3040 strengster Observanz, blang als dumme Anmaßung. Es ist
496 3063 1010 3139 Askö Schluß zu machen.
1465 203 1916 293 box 23/5
2040 1361 2935 1495 DOBSERVERG
2156 1455 2828 1529 I. österr. behördl. konzessioniertes
2102 1512 2875 1585 Unternehmen für Zeitungs-Ausschnitte
2154 1559 2819 1651 WIEN, I., WOLLZELLE 11
2253 1624 2731 1692 TELEPHON R-23-0-43
2072 1722 2935 1841 Ausschnitt aus Kleinen Vorkeslatt, Wien
2379 1836 2795 1944 78.MAI 1937
2060 2005 2206 2068 vom:
2156 2146 2871 2277 Vom Tändfünk.
2102 2252 2928 2322 Zwei Hörbühnenaufführungen brachte die
2081 2327 2932 2363 letzte Woche, ungleich an künstlerischem Werte.
2075 2349 2937 2405 Ein kurzer Sketch „Die Falschspieler“
2082 2385 2936 2447 von Jo Hans Rosler war eine belanglose
2091 2428 2937 2482 Nichtigkeit, kaum der Einstudierung werk.
2093 2468 2725 2532 Weitaus gewichtiger erschien Sch
2073 2471 2942 2575 [Dhrama „Der einsame Weg“ am 70 Ge¬
2073 2529 2942 2613 burtstage des verstorbenen Dichters von
2092 2579 2948 2641 seinem Sohne in Szene gesetzt. Mit den knapp¬
2093 2617 2938 2689 sten Regiemitteln wurde eine ganz aufs Wort
2079 2662 2938 2721 gestellte, einprägsame Aufführung erzielt, die
2078 2708 2940 2771 durch die hervorragenden Sprechleistungen
2081 2739 2942 2790 von Paula Wessely, Herterich, Hon¬
2085 2781 2955 2847 nings und Soltau zu besonders starker
2068 2822 2594 2877 Wirkung gesteigert wurde.
