3532 4384
1428 379 1901 490 box 23/4
263 406 1296 515 18. Der einsane Neg
1559 1357 3390 1422 erhellend. Johannas Sein und ihr freiwilliger Tod ge= „Süße Mädel“. Unkompliziert
395 1378 1576 1456 Ficktner geliebt und verlassen wurde, etwas von dem
2719 1396 3370 1485 Leichtünn und eine mollige G
1568 1411 2727 1487 winnen von hier aus die Schicksalslinie. Und auch in
390 1426 1563 1514 Smhstischen, schweigsamen, erkenntnisschweren Staunen einer
2731 1440 3385 1524 wie ihre mollige, rosige, feine
1570 1465 2718 1522 Sala erwacht in diesem Augenblick das Bewußtsein einer
402 1471 1571 1544 Sphinx gedrungen. Sie gehört zu jenem Geschlecht der
2723 1501 3395 1571 spruchslose Wienerin. Die niem
1574 1509 2718 1577 Begegnung, wie sie nur zweien sich vorbestimmten und
408 1525 1567 1607 Pflichtlosen und Begehrenden, zu jenem Geschlecht der
2727 1552 3382 1619 dazu bestimmt gewesen wäre, e
1574 1562 2725 1633 einzig für einander bestimmten Menschen beschieden ist.
407 1574 1572 1663 Selbstischen und Lebensbegierigen, welchem ihre Muter
2718 1579 3395 1669 gehen. Un) die dennoch in eine
1574 1608 2736 1678 Es schwingen Tristan=Klänge in diesem Augenblick see¬
397 1603 1580 1703 zuerst in Anbetung, dann in Haß erlegen war. So
2728 1648 3382 1718 Gebot der Pflicht zu segnen be
1583 1646 2727 1721 ligsten Naheseins und ewiger Trennung; in dieser Herbst¬
397 1667 1571 1751 mußte sie erstehen, um Salas letztes, größtes Er¬
2736 1688 3383 1768 da sie beginnen, in ihrem Kind
1584 1701 2728 1775 stimmung, „da die Blätter rot sind, der goldene Dunst¬
398 1715 1571 1805 lebnis zu werden. Sala, der der Vollender,
2724 1742 3367 1815 gehen zu lassen, allein steht. F
1573 1757 2727 1826 über den Wolken liegt und der Tag noch viel schöner
401 1767 1574 1846 das Genie eines Menschentypus ist, den die
2733 1775 3388 1859 und zerstörte sie. Zerstörte in ih
1572 1804 2716 1893 und viel trauriger, als man ihn je hätte ahnen können!“
406 1807 1582 1883 Nate bei Fichtner nur zur talentvollen Skizze gedeihen
2720 1823 3397 1916 die Mutter. Indem er sie einer
1692 1852 2733 1931 Ein Stück, stark durch inneres Gleichgewicht. Dra¬
405 1871 1575 1952 ließ. hanna ist Mystikerin. Sie hat die Gabe, den Tod
2726 1869 3399 1970 lehrte, und sie hieß, das in ihr
1574 1909 2729 1991 matisches wie seelisches. Niemand hat recht, und niemand
411 1920 1573 1997 voraus zu ahnen und die tiefgründige Gewißheit, daß
2733 1930 3396 2006 nichten, weil es für ihn eine ##
1592 1962 2728 2026 unrecht. Die Menschen, welche über jede Pflicht sich
411 1961 1580 2058 jeder Seele körperliche Wiederkehr beschieden ist; sie blickt
2737 1984 3391 2041 verfälschte er eine Seele. Irene
1582 2004 2734 2076 stellen, die Unbegrenzten, Sala, Fichtner, Johanna, sind
408 2007 1577 2091 in die Vergangenheit als in ihr früheres, in die ferne
2728 2011 3393 2097 Leben, obwohl in ihr die Kraft
1581 2054 2732 2127 den Menschen gegenüber, die jeder Pflicht sich beugen,
414 2053 1587 2138 Zukunft als in ein ihr versprochenes Leben. Selbst die
2731 2076 3397 2151 untreu, obwohl Treue ihr Ma
1583 2100 2738 2173 die ihre Grenzen freiwillig sich abstecken, die Wegraths,
410 2100 1594 2187 Natur scheint ihr Zeichen zu verraten, an welchen sie
2738 2116 3400 2190 obwohl im innersten eine innige
1592 2137 2740 2219 Felix, Dr. Raumann. Man möchte denken, es sei ein
423 2154 1582 2226 Schicksalsorte, Schicksalstage zu erkennen vermag. So
2745 2169 3389 2236 wie alle anderen um sie herum,
1586 2195 2740 2277 konstruiertes Verhältnis, eine errechnete Symmetrie. Wenn
421 2204 1583 2282 weiß sie den Tod der Mutter zu sagen, weiß sie, daß
2741 2220 3400 2282 Kreise traten, das Opfer gesetzes
1587 2238 2746 2316 eben die Zusammenhänge nicht mit so unlösbarer Be¬
417 2248 1590 2321 Sala verloren ist und erkennt die Landschaft, in der ihr
2739 2268 3401 2341 in ihr schwingt nicht das Pathos
1587 2295 2741 2374 dingtheit ineinandergriffen. Wie Kette und Einschlag eines
427 2294 1593 2390 selbst geboten werden wird zu sterben. An dieser dunkeln
2737 2314 3403 2382 sie zwar um ihre Bestimmung
1585 2348 2736 2419 kostbaren Gewebes. Durch einen mysteriösen, an das
432 2346 1591 2433 Grenze eines tastenden Wissens, an dieser zu den
2746 2359 3401 2426 Zahl der traurigen Kibitze vern
1576 2393 2739 2470 Problem der Wahlverwandtschaften erinnernden Natur¬
427 2398 1588 2480 „Müttern“ hinabführenden Pforte des Bewußtseins be¬
2742 2410 3411 2479 Tante alle Gonvernanteneinsam
1592 2444 2740 2513 willen wird Johanna die wirkliche Tochter Wegraths,
414 2449 1586 2542 gegnet sie sich mit Sala, dem Dichter, dessen Lebenstraum
2743 2446 3412 2527 selbst diese Degradierung wird sich
1587 2489 2739 2566 Fichter ähnlich (und dadurch in noch höherem Grade Sala).
428 2498 1586 2579 es ist, eine versunkene Stadt auszugraben, in der Stufen
2740 2504 3147 2585 mit Grazie tragen.
1608 2539 2748 2621 Telix aber, der doch in Wahrheit Fichtners Sohn ist, zeigt
425 2534 1602 2626 „glänzend wie Opale“ aufgedeckt wurden, die in endlose
2838 2548 3405 2640 An dieser Gestalt, die so
1598 2570 2742 2661 sich innig dem Wesen Wegraths (seines vermeintlichen
425 2591 1595 2688 Tiefen verschwinden. Wenn Johanna und Salas Seelen
2752 2604 3410 2687 besonders, wie merkwürdig die o
1590 2624 2748 2722 Vaters) verwandt. Wie dieser mit stiller, edler Einfachheit,
432 2644 1598 2726 endlich zueinander neigen, so ist es nicht in landläufiger
2745 2666 3414 2732 scelisch vielfach verzweigten Sch#
1585 2686 2733 2773 mit beinahe hochmütiger Selbstbeschränkung klaglos und
419 2685 1596 2776 Liebessehnsucht, sondern in der Gier, letzte Geheimnisse
2748 2704 3385 2782 drei Probleme darin verfolgen,
1599 2741 2746 2812 aufrecht durch ein Leben schreitet, welches er nur Anderen
2749 2751 3382 2823 eines Baumdurchschnittes, in
430 2757 818 2853 sich zu entreißen.
1589 2784 2751 2854 hingibt, so gehört auch Felix von dem Augenblick, wo
546 2772 1597 2871 Deshalb ist die Liebesszene dieser beiden sinnlich¬
2750 2802 3408 2871 lagert sind. Als primäres Them
1590 2828 2745 2897 sich ihm die Wahl stellt, seinem zufälligen oder seinem er¬
2751 2846 3409 2914 zu empfinden, die das Altern
428 2852 1595 2925 übersinnlichen Naturen in die Schatten des Todes gestellt.
1586 2870 2745 2953 worbenen Vater zu folgen, zu den geradlinigen Charak¬
2750 2884 3398 2955 spielt. In dem ersten Entwurf
446 2896 1605 2987 Erst, da Johanna weiß, daß sie sich einem Manne hin¬
1602 2917 2757 2993 teren, die den Sinn für das „Wesentliche“ haben. Das
2749 2947 3412 3019 sächlich den Titel „Die Junggese
428 2940 1591 3051 gab, dessen Tage gezählt sind, findet sie, die immer Ver¬
1598 2971 2756 3044 Wesentliche erkennt er darin, daß „man sehr wenig für
2754 2992 3409 3052 die gifaßte Wehmut, die dunkle
443 2988 1595 3064 schlossene, zur Ekstase, zum glühenden Bekenntnis ihrer
1598 3016 2754 3083 einen Menschen getan hat, wenn man nichts tat als ihn
2751 3039 3420 3109 Abschied von der Jugend letz
446 3040 1598 3127 Liebe. Und hier ist eines jener Momente, wo die
1587 3062 2746 3142 in die Welt zu setzen". Für den Anderen, der einen
2747 3080 3406 3161 qualvolle Angst, die ins Leere
447 3083 1591 3178 Intensität, mit welcher Schnitzler manche seiner Gestalten
1600 3111 2759 3188 denkenden Menschen aus ihm gemacht hat, entscheidet sein
2753 3134 3404 3208 Liebe, welche Fichtner, den t
449 3133 1604 3222 „schaut“, visionär wird. Man empfindet, daß sie irgend¬
1596 3150 2754 3241 sachlich fühlendes Gewissen. Auch sonst hat er eine knappe,
2747 3170 3421 3254 Liebesbesitzes, zum wimmernden
440 3183 1603 3256 wie plötzlich aufhören, von ihm abzuhängen, und so¬
1599 3212 2754 3280 karge, feste Art, eine phrasenlose Haltung, die in einem
2760 3233 3415 3299 seelische Zusammenbruch, der in
439 3217 1602 3314 zusagen ein Leben auf eigene Faust weiterführen. „Hörst
1608 3242 2749 3325 Augenblick ihn sogar Sala überlegen macht. Er tötet diesen,
2754 3270 3412 3358 stand seine Wurzeln hat, er r
445 3274 1601 3357 Dus Ich liebe Dich! Und ich möchte, daß Du es später
1589 3279 2751 3381 den Verführer seiner Schwester, mit einem Wort: „Herr
2760 3318 3418 3403 genössischen Dichtkun
443 3330 1606 3419 einmal gerade so hörst, wie ich es jetzt sage, in irgend
1606 3355 2758 3419 v. Sala, wir werden nicht mehr unter einem Zelt schlafen,
2765 3375 3423 3462 das Problem des kritt
448 3372 1607 3463 einem anderen Augenblick, schön wie dieser ... und in
1604 3417 2748 3480 so weit geht Ihre Reise nicht.“ Ein Satz, der Sala trifst,
2864 3417 3428 3504 Ein tiefer geschöpfter Konfk
448 3429 1610 3514 dem wir beide nichts mehr von einander wissen werden.“
1606 3446 2751 3525 als hätte er in einem amerikanischen Duell die schwarze
2759 3478 3421 3559 aus diesem eng umschriebenen
437 3464 1595 3565 Diß der Glaube an eine Wiederkunft in dieser nur allen
1600 3510 1957 3596 Kugel gezogen.,
2757 3533 3427 3611 drängt es. Von der Liebe hand
453 3522 1610 3611 Fernen nahen Mädchenseele sie versuchen läßt, ihren
1706 3533 2754 3616 Mitten unter diesen Menschen „mit dem allzu wachen
2756 3585 3426 3652 will. Von den Beziehungen der
446 3578 1605 3654 höchsten Lebensaugenblick für die Ewigkeit sicherzustellen,
1606 3599 2772 3682 Bewußtsein“ blüht nun eine liebe, naive, zärtlich=sonnige
447 3617 1609 3704 das ist solch eine seelische Wendung, die wie aus dem
2752 3621 3433 3703 die nur durch erworbene Rch
448 3645 2757 3757 Zwang schöpferischen Unterbewußtseins sich entringt, alsMenschenseele. Irene Herms ist von dem Stamm der
461 3680 3420 3807 Scheinwerser die dunkelsten Falten eines Herzens! Christinc. Sic ist das in ein älteres Fach übergegangene! Bankrotteure des Daseins werd
