3484 4448
1121 300 1212 383 W
819 319 1098 382 insäne
316 311 1941 414 18. Der elnsung neg box 23/1
1641 1254 3412 1312 Stück ist voll von Aussprüchen über Welt und Menschen. dramatischer Ueberfluß, desset
520 1260 1207 1334 Die heutige Nummer enthält:
1648 1301 3415 1361 Noch in keinem seiner Werke hat Schnitzler so viel Geist= derselbe innere Mangel ist. 1
543 1284 1653 1384 „Verkehrs= und Industriezeitung“: „Die
2816 1343 3411 1417 der Kampf des Vaters um
1650 1351 2826 1421 volles und Tiefes gesagt. Aber mit dem Geist auf dem
442 1372 1643 1445 Leistungsfähigkeit der Sibirischen Eisen¬
2817 1394 3416 1464 wenn es gelingt, seinen Geh#
1639 1395 2815 1467 Theater ist es eine eigene Sache. Er muß, um zu wirken,
2829 1443 3421 1510 Autor offenbar nicht vermoch
1650 1450 2829 1506 eine Aeußerung der dramatischen Kraft sein. Vom
444 1436 1645 1514 bahn.“ Vom kaiserlichen Rat Peter F. Kupka.
2812 1480 3415 1559 nicht zu stande gebracht hat,
1653 1489 2825 1562 schwingenden und treibenden Rade müssen die Funken
447 1506 1652 1583 „Die Dampfturbinen.“ Von Ingenieur
2817 1522 3405 1605 sollte, hat er drei Dramen g
1655 1525 2820 1594 sprühen. Geist allein, Geist ohne dramatische Kraft ver¬
461 1569 1308 1663 Arthur Mestitz. Seite 20 bis 22.
2913 1582 3406 1652 So entsteht ein Allerlei
1647 1584 2823 1646 fehlt auf der Bühne in der Regel seinen Zweck; erst
2813 1619 3412 1699 das nicht als Fülle wirkt, so
1645 1620 2821 1692 wenn das große dramatische Triebrad im Schwung ist,
550 1638 776 1704 Ferner:
1647 1676 2823 1738 sprühi er seine Funken. Und vor allen Dingen: Geist kann
2823 1674 3403 1737 ruft. Die Haupthandlung g
556 1661 1652 1769 Den Schluß des Romans „Der Weg zum
2830 1714 3414 1784 Nebenhandlungen, die manch
1644 1712 2827 1789 dramatische Kraft niemals ersetzen. Diese Erfahrung hat
463 1732 1507 1816 Ruhme“ von Georges Ohnet. Seite 19.
2816 1756 3418 1832 nicht mehr weiß, was Haup
1642 1759 2815 1842 schon mancher homme d’esprit gemacht, als er versuchte,
2818 1803 3410 1887 Das eigentliche Thema wirk
1641 1800 2828 1884 ein Stück zu schreiben. Taten erwartet das Publikum vom
2819 1860 3414 1937 dann fast völlig fallen gelas
1645 1862 2817 1934 Bühnendichter. Sind in die Taten Gedanken eingestreut,
673 1838 1455 1960 Feuilleton.
2823 1911 3411 1973 nur nou, in Gesprächen er
1644 1915 2824 1986 um so besser. Aber es ist ein unmögliches Beginnen, wenn
517 1926 788 2041 A
2809 1956 3408 2019 plötzlicher Wechsel in den H
1646 1947 2829 2027 ein dramatischer Auter durch Häufung von Gedanken
799 1938 1325 2029 Berliner Theater.
2815 2006 3392 2073 Vorganges. Drei Akte lang
1637 2011 2824 2069 darüber hinweatäuschen will, daß er die Taten schuldig
609 1998 1511 2077 „Der einsame Weg.“ Von Arthur Schnitzler.
2821 2052 3398 2123 zwischen Vater und Sohn;
1640 2040 2827 2127 geblieben ist So kommt es, daß die wertvollen geistigen
547 2048 1650 2128 Das neue Drama von Arthur Schnitzler, das im
2815 2100 3393 2170 ist es ein Drama zwischen
1656 2111 2831 2166 Gaben, die das Schnitzlersche Schauspiel bringt, auf der
448 2095 1650 2179 Deutschen Theater zur Aufführung gelangte, will eine
2823 2142 3415 2216 ihrem Verführer. Die Expo
1654 2153 2818 2215 Bühne fast völlig verloren gehen. Um sich an diesen zu
461 2159 1644 2218 Tragödie des Egoismus sein. Es will zeigen, wie bei dem
2821 2198 3409 2273 vom gesuchten Sohne hin;
1646 2201 2818 2259 erfreuen, muß man es lesen. Das Buch bekundet fast auf
466 2204 1652 2273 Manne, der in der Liebe immer nur den Genuß gesucht
2817 2232 3387 2304 man glauben, daß man
1644 2256 2823 2312 jeder Seite, daß dieses Stück, das im Theater versagt hat
455 2260 1653 2328 hat, sich diese Selbstsucht durch Vereinsamung im Alter
2816 2290 3400 2357 Mädchen gesehen hat. Man
1640 2293 2827 2348 und versagen mußte, ein Dichter geschrieben hat. Darum
455 2288 1649 2368 rächt. Es bringt einen alten Junggesellen auf die Bühne,
1647 2333 3415 2396 hat wohl derjenige Berliner Kritiker am richtigsten ge= erste Akt recht oder der letz
451 2350 1656 2414 welcher einst die Frau eines andern verführt und sie zur
2822 2377 3414 2464 nicht zum Anfang, oder vi
1642 2380 2825 2441 urteilt, der gemeint hat, Schnitzler hätte sich gleich an den
454 2397 1652 2460 Mutter eines Knaben gemacht hat, der jedoch als der
2813 2423 3241 2515 zum Schluß paßt?
1639 2431 2830 2519 Leser wenden sollen, statt an das Theaterpublikum, und
466 2446 1649 2501 Sohn des andern aufgewachsen ist. Jetzt, wo der Ver¬
2906 2456 3410 2562 Der Held der Haupthat
1648 2482 2739 2557 hätte statt des Dramas eine Novelle schreiben sollen.
451 2483 1645 2552 führer zu Jahren gekommen und der Knabe ein Jüngling
2813 2509 3383 2593 heißt Julian Fichtner. Er
1744 2513 2825 2591 Es ist seltsam, daß Schnitzler aus diesem eminent
460 2533 1655 2600 geworden ist, möchte der Vater den Sohn zurücksordern;
2826 2572 3384 2645 führt, aber nicht geheiratet,
1643 2571 2833 2644 dramatischen Stoffe, dem Kampfe des Vaters um den
461 2576 1655 2637 aber der Sohn, statt sich in die geöffneten Vaterarme zu
2819 2619 3407 2688 von ihm erzeugte Knabe als
1641 2623 2828 2689 Sohn, so wenig zu machen gewußt hat. In den ganzen
454 2610 1648 2698 werfen, weicht voll Abscheu zurück. Das ist schön aus¬
2821 2668 3379 2737 Fichtner ist zugleich an
1649 2669 2821 2733 fünf Akten hat er ihm nur zwei große Szenen abge¬
464 2672 1655 2750 gedacht. Ein ergreifender Konflikt mit einer traurigen, einer
2816 2706 3415 2780 teiligt. Er hat auch die S
1642 2706 2826 2790 wonnen. Das „groß“ gilt von der Ausdehnung; die innere,
465 2726 1645 2793 originellen Lösung, die ein feiner Kenner des Menschen¬
2811 2743 3410 2826 Geliebten gehabt, und in e
1644 2759 2827 2825 Größe fehlt auch diesen Szenen, und im Tone sind sie
459 2768 1646 2826 herzens gefunden hat. Nur daß man von diesem er¬
2817 2806 3412 2877 geschildert, wie nach langen
1644 2807 2816 2869 matt genue Nachdem er diese zwei Szenen geschrieben,
453 2808 1655 2880 greifenden Konflikt in dem Stück sehr wenig ergriffen wird,
2822 2852 3410 2924 begegnen. Diese ehemalige
1646 2846 2825 2919 läßt der Autor sich den Stoff aus den Händen gleiten
456 2867 1661 2926 weil dem Autor die Kraft gefehlt hat, um aus dem Stoff,
2820 2890 3401 2973 Schnitzlersche Figur. Eine
1655 2909 2828 2967 und greift nach einem andern. Der Hauptstoff ist nämlich,
454 2916 1660 2981 den er mit richtigem dramatischen Instinkt gewählt hat, die
2826 2936 3422 3016 Zyklus, die zu Jahren gekon
1644 2946 2828 3024 zumeist ohne ersichtliche Notwendigkeit, mit anderen Stoffen
454 2944 1652 3013 Wirkungen herauszuarbeiten, die dieser Stoff für die
2818 2996 3421 3067 nichts von ihrer Frische und
1646 3007 2826 3069 verkoppelt. Zum mindesten zwei Händlungen laufen neben
470 3003 1653 3069 Bühnendichtung zu ergeben vermag. Man erwartet, den
2817 3045 3408 3112 ihr lediglich einen Zug wehr
1654 3053 2830 3115 der eigentlichen Handlung her, so daß man nicht ein
454 3046 1659 3119 Kampf eines Vaters um seinen Sohn zu sehen — ein
2819 3077 3422 3165 sich anmutig in ihr heiteres
1648 3104 2820 3155 i Drama, sondern deren drei zu sehen bekommt. Ein Vater
461 3098 1662 3149 tragisches Ringen. Aber gerungen wird nicht. Eine Hand
2821 3138 3409 3201 im zweiten Akt ist die L#
1660 3143 2824 3205 sucht seinen Sohn; ferner finden ein Liebhaber und eine
1344 3142 1647 3227 kaum erhoben,
465 3151 1360 3220 streckt sich mit müder Geste aus und sinkt,
2819 3181 3404 3250 plaudert allerlei durcheinar
1660 3190 2825 3248 Geliebte sich nach Jahren wieder, um sich dann abermals
467 3206 1657 3260 wieder zurück. Statt Kampf und Sturm, statt
2821 3232 3387 3295 liches, und ihr Partner
473 3228 2832 3301 aller dramatischen Ungewitter — eine lange, lange zu trennen; außerdem verführt ein gealterter Don Juan
461 3278 3419 3368 Melancholie. Statt der Handluna — Reflexion. Das ein junges Mädchen. Drei Dramen, wie gesagt. Ein spöttelnder Ueberlegenheit, in
