3436 4256
1393 245 1839 339 box 23/1
236 277 1234 366 18. Der einsane Nag
817 678 1025 753 —
201 710 265 781 —
554 740 998 831 Ausschnit aus
189 861 1252 997 Aligereine Zeitung für Chemniz und das Erzgebirge
664 1115 952 1191 17.2.54
1327 1185 3277 1252 der Sohn seines Freundes Julian ist, der ihm einst und dadurch bekommt in der Tat das Stück an
444 1207 1262 1296 Kunft und Wilfenschaft.
2298 1242 3276 1303 vielen Stellen durchaus ein novellistisches Gepräge.
1333 1242 2300 1297 die Braut kurz vor der Hochzeit verführt hat.
569 1278 1143 1326 (Fortsetzung aus der 2. Beilage.)
1330 1282 3282 1333 Julian kehrte also müde vom Genuß des Lebens Ueberdies können wir die Wahrheit solcher Er¬
2316 1316 3282 1371 zählungen gar nicht selbst prüfen, sondern müssen
627 1314 1095 1388 Berliner Theater.
1339 1326 2303 1378 heim und wiegt sich in der Hoffnung, er werde,
2307 1355 3276 1404 sie von den erzählenden Personen auf Treu und
1333 1367 2302 1413 zumal, da die Mutter seines Sohnes inzwischen
381 1361 1326 1450 (Eigenbericht der „Allgemeinen Zeitung“.)
2309 1403 3264 1459 Glauben hinnehmen. Die Hauptsache zum Beispiel,
1341 1405 2302 1448 gestorben. in diesem den Freund seines Alters ge¬
812 1422 1304 1492 Berlin, 14. Februar.
2310 1435 3265 1491 jenes verräterische Liebesverhältnis einer Brauts
1336 1446 2290 1495 winnen den Begleiter auf seinem einsamen Wege.
2311 1467 3263 1518 mit dem Freunde des Bräutigams, müssen wir eins
1348 1465 2296 1525 Wie sich doch Anschauungen und Geschmacks¬
434 1457 1343 1531 Deutsches Theater: „Der einsame Weg“,
2303 1509 3265 1551 sach glauben, denn es spielt sich nicht vor unseren
364 1506 2300 1557 Schauspiel in 5 Aufzügen von Axthur Schnitzeneigungen ändern! Bis zur Mitte des 19. Jahr¬
2313 1548 3255 1599 Augen ab, sondern wird uns von der Bühn
1338 1542 2290 1599 hunderts wurde dieser Stoff stets so behandelt,
369 1553 1330 1601 ler. Ein Erfolg war's nicht, ganz sichernicht denn
2301 1587 3263 1640 herunter erzählt, wie wenn jemand eine Geschichte
1357 1593 2304 1637 daß in einer rührenden Erkennungsszene zwischen
362 1600 1328 1648 nachd####ierten und fünften Akt wurde mit Kraft
2302 1624 3066 1680 bei der Lampe am Familientisch vorlieft.
1347 1632 2299 1677 Vater und Sohn die sogenannte Stimme des Blutes
373 1643 1335 1687 und Ueberzeugung gezischt, und erst als Gegen¬
2381 1638 3256 1717 Außerdem störte in hohem Grade eine in den
1347 1667 2302 1713 vernehmlich wird, Erzenger und Erzeugter tränen¬
375 1679 1337 1727 äußerung wurde einiger Beifall laut. Ja sogar
2302 1703 3264 1761 letzten Jahren bei Arthur Schnitzler sich immer
1340 1706 2292 1752 überströmt einander in die Arme stürzen und alle
367 1721 1336 1760 nach dem vierten Akt trat eine Art von Theater¬
2313 1744 3258 1790 unangenehmer bemerklich machende Art der abe
1349 1745 2303 1791 Schuld vergeben, eine neues Leben beginnen und
367 1748 1336 1806 flucht ein: Man sah eine Anzahl von „Premieren¬
2316 1775 3261 1829 nungsvollen Geheimniskrämerei. Die Personen
1343 1787 2297 1845 alle Beteiligten hochbeglückt den Vorhang fallen
374 1789 1328 1840 tigern“ in heller Verzweiflung den Saal verlassen.
2312 1822 3264 1868 auf der Bühne ahnen in ganz unbegreiflicher Weise
1354 1825 2302 1868 sehen. Dies geht heute offenbar nicht mehr an.
373 1825 1340 1869 War's aber nicht trotzdem wenigstens etwas künst¬
2305 1845 3279 1910 auch solche ihnen ganz verborgenen Geheimnisse
1355 1863 2297 1906 Schon bei den Franzosen wird eine solche Erken¬
367 1866 1341 1910 lerisch Wertvolles? Unmöglich ware das nicht, denn
2310 1893 3288 1949 die wir Zuhörer wissen, weil sie uns von einer
1354 1901 2304 1957 nungsszene meist so behandelt, daß der Sohn dem
369 1907 1333 1961 es kann sich wohl ereignen, ja es hat sich schon mehr
2318 1937 3273 1991 wissenden Person mitgeteilt wurden, die aber die
2188 1930 2304 1983 seine
1341 1932 2164 1992 plötzlich auftauchenden Vater gründlich
362 1947 1331 1990 als einmal ereignet, daß der Durchfallende an
2311 1964 3270 2018 andern Personen auf der Bühne ohne übernatür¬
1343 1980 2307 2029 Meinung sagt und ihm erklärt, er denke gar nicht
360 1987 1339 2032 einem Premierenabend keineswegs das Stück, son¬
2302 1997 3281 2067 liche Kräfte keineswegs ahnen können. Ich fürchte,
1343 2013 2295 2071 daran, die Stütze seines Alters zu werden. Bei
368 2021 1337 2071 dern das Bublikum war, dem die künstlerische Be¬
2309 2050 3278 2098 hierin macht sich ein unheilvoller Einfluß Ibsens
1345 2040 2303 2106 Schnitzler vollzieht sich die Abrechnung zwischen
359 2053 1342 2115 deutung eines feinen Dichterwerkes auf den ersten
2306 2091 3277 2137 auf den in Wahrheit doch so ganz anders ange¬
1345 2079 2295 2132 Vater und Sohn feiner ohne alle Heftigkeit, ge¬
363 2100 1337 2152 Hieb nicht aufgegangen war. Bei Erstaufführungen
2305 2112 3284 2173 legten Arthur Schnitzler geltend: Dieser will gleich
1351 2127 2298 2182 halten und ernst, und diese Szene war es denn auch,
374 2131 1343 2187 am Sonnabend — früher in Berlin die Regel,
2309 2148 3288 2211 Ibsen uns ahnungsvoll kommen; weil aber dieser
1349 2169 2072 2228 die den stärksten Beifall hervorrief.
366 2176 1342 2218 jetzt leider die Ausnahme— kann sich der Kritiker
2321 2194 3283 2259 Zug nicht aus seinem wahren Wesen hervorgeht, son¬
1422 2190 2305 2245 Daneben läuft nun aber ein ganz anderer
367 2212 1351 2263 die Sache wenigstens beschlafen und ein ruhiges
2318 2251 3285 2307 dern äußerlich hinzugefugt ist, wirkt er hin und
1349 2232 2302 2289 Stoff, der zwar auch auf den einsamen Weg hin¬
373 2247 1345 2300 Urteil abgeben, als unter dem unmittelbaren Ein¬
2318 2274 2764 2343 wieder nahezu komisch.
1347 2280 2304 2323 deutet, aber auf den eines andern, eines Freun¬
367 2287 1348 2337 druck des Kampfgetöses zwischen den Zischern und
3192 2317 3274 2371 zu
2376 2294 3203 2381 Von der Aufführung ist fast nur Gutes
1343 2323 2305 2382 des Julians, eines gleich ihm selbstsüchtigen Ge¬
359 2323 1345 2373 den Klatschern. Dieses beschlafene Urteil hat etwa
2317 2341 3291 2423 melden. Irene Triesch war eine künstlerisch
1345 2364 2305 2408 nußmenschen, der sich von ihm nur durch den Zu¬
363 2365 1337 2412 dahin zu lauten: Arthur Schnitzler hat einen
2309 2394 3278 2439 wirkende Erscheinung, wenn man auch den durch sie
1356 2400 2301 2458 satz eines gewissen herben Lebensspottes unter¬
360 2408 1344 2467 großen Lebensstoff aufgegriffen, und schon das ver¬
2313 2438 3282 2496 verkörperten Menschen nicht ganz verstand.
1351 2425 2304 2477 scheidet. Wozu dieses doppelte Beispiel für den¬
372 2451 1348 2503 dient Anerkennung. Er der noch so junge Dichter,
2312 2463 3281 2517 Bassermann — meisterhaft wie ja fast immer;
1349 2476 2311 2526 selben, grundeinfachen Gedanken? Dabei ist es gar
376 2481 1338 2536 hat die Tragödie des Altwerdens schreiben wollen;
2313 2513 3275 2557 Else Lehmann in einer hübschen Nebenrolle köst¬
1355 2515 2314 2559 nicht einmal wahr, daß dieser zweite Selbst¬
378 2518 1345 2571 denn der einsame Weg bedeutet den letzten Lebens¬
2321 2545 3278 2610 lich wohl die wirkungsvollste Gestalt des ganzen
1351 2547 2311 2614 süchtling die letzte Strecke seines Lebensweges ein¬
378 2559 1347 2605 abschnitt derer, die aus Eigensucht, aus rücksichts¬
2314 2578 3285 2644 Stückes, aber doch eben nur eine Rolle, die ohne
1359 2583 2309 2639 sam zurücklegen müßte. Im Gegenteil, ihm drängt
378 2588 1341 2646 loser Genußwut, aus Mangel an Selbstopferung
2316 2627 3283 2686 Schaden für den dramtischen Gehalt des Schau¬
1357 2636 2307 2680 sich das schöne junge Leben eines Mädchens, der
369 2635 1351 2687 ihren Weg einsam bis ans Ende wandern müssen,
2322 2669 3289 2722 spiels ganz gestrichen werden könnte. Herr Ritt¬
1348 2668 2310 2716 Schwester des Leutnants Felix, die beiläufig den
372 2662 1346 2733 ohne liebende Freunde, ohne Weib und Kind um
2314 2701 3281 2768 ner in den ersten Akten überzeugend, später etwas
1351 2709 2312 2758 Jahren nach seine Tochter sein könnte, aus uns ver¬
386 2715 1350 2764 sich. Zweifellos ist dies ein Stoff, der mit voller
2317 2737 3284 2810 zu jung im Ton für die gealterte Person, die er
1357 2739 2309 2792 borgen bleibenden Herzensgründen förmlich mit
382 2755 1346 2810 Kraft angepackt und dramatisch lebendig auf der
1353 2785 2312 2834 Begeisterung als Gefährtin seines sonst der Einsam¬
2324 2777 2652 2852 darstellen sollte.
373 2793 1345 2848 Bühne verkörpert, eine Zuschauermenge der ver¬
2712 2799 3247 2872 Prof. Dr. Eduard Engel.
1354 2812 2313 2868 keit geweihten Weges auf. Ihm ist also ohne sein
386 2825 1351 2883 schiedensten Lebensalter ergreifen müßte. Leider,
3209 2840 3290 2905 1
1354 2855 2319 2912 Zutun trotz aller Selbstsucht, trotz aller Rücksichts¬
381 2853 1356 2925 leider hat Arthur Schnitzler sich selbst durch einen
1359 2899 2321 2946 losigkeit im Genießen, schließlich doch geworden,
378 2909 1344 2960 Mangel an künstlerischer Beschränkung um die in
1354 2936 2320 2993 was so vielen edleren Naturen versagt bleibt: ein
387 2940 1345 3002 dem Stoff allein schon liegende Wirkung gebracht,
1354 2978 2326 3022 wertvolles junges Menschenleben für sich zu ge¬
385 2982 1350 3049 indem er ohne jeden Grund und zum größten
1366 3017 2318 3064 winnen. Der Dichter aber in der Willkür seiner
385 3028 1349 3078 Schaden seines Stückes noch eine zweite Handlung
1356 3049 2330 3102 Erfinderlaune läßt diese Parallelgestalt neben dem
386 3064 1355 3126 hineinzuverweben suchte, in Wahrheit aber fast
1366 3088 2325 3143 eigentlichen Helden Julian an einer tödlichen Herz¬
382 3098 1357 3158 gleichwertig danebenstellte. Also ein Stück mit zwei
1354 3124 2326 3181 krankheit leiden was doch ein reiner Zufall ist und
375 3139 1346 3187 Stoffen, mit zwei Handlungen, mit Hauptpersonen
1355 3162 2317 3211 er läßt das liebende Mädchen in den freiwilligen
384 3179 1351 3241 nebeneinander, die zwei gar nichts miteinander
1357 3202 2321 3258 Tod gehen, weil sie den Tod des geliebten Mannes
377 3217 1354 3277 gemeinsam habende Gruppen bilden. Dadurch aber
1354 3240 2323 3301 voraussieht Ueberzeugend wirkt der Schluß dieser
391 3246 1346 3313 eine Zerspaltung der Teilnahme bei dem Zuhörer,
1358 3281 1992 3340 Nebenhandlung ganz gewiß nicht.
384 3291 1354 3357 die, je weiter das Stück vorschreitet, desto mehr
1432 3308 2346 3382 Das Stück kranki nicht hioß an dem tödlichen
375 3338 576 3404 erlahmt.
1354 3352 2332 3405 Uebel eines Doppelstoffes und einer Doppelhand¬
473 3360 1350 3429 Die wahre Tragödie des Stückes besteht in
1359 3391 2328 3458 lung; es krankt auch in der Aufführung an unerträg¬
381 3399 1358 3480 einem sehr einfachen Stoff. der übrigens schon mehr
1354 3428 2333 3500 lichen Längen und Verzögerungen. Dazu kommt,
390 3448 1354 3509 als einmal lange vor Schnitzler behandelt worden
1368 3464 2328 3525 daß das Stück gewissermaßen nach rückwärts spielt:
389 3485 1354 3534 ist, am häufigsten von den Franzosen, von diesen
1365 3516 2329 3569 immer wieder wühlen die Menschen in Rück¬
383 3528 1357 3576 allerdings nicht mit dem Ernst, den der Stoff i.
1360 3557 2326 3612 erinnerungen, und dem Zuhörer wird zugemutet,
989 3560 1353 3614 des Schnitzlerschen
390 3557 969 3624 sich trägt. Im Mittelpuni
1370 3589 2341 3647 sich in die aufs breitesie ausgemalten Seelenstim¬
387 3590 1349 3668 Stückes steht ein gealterter Maler, der nach einem
1357 3627 2331 3678 mungen von toten und lebendigen Menschen hinein¬
386 3628 1356 3701 genußreichen Junggesellenleben in die Heimat zu¬
400 3688 2343 3736 rückkehrt und hier erfährt. daß er einen Sohn hat:zuversetzen, die vor dreiundzwanzig Jahren einmal
395 3727 2342 3780 Den jetzt 23jährigen Leutnant Felix, der als der empfunden wurden. Dergleichen kann natürlich nur
403 3775 2336 3823 Sohn des Akademiedirektors gilt, in Wahrheit aber in der Torm der Erzählung vorgetragen werden,
