3436 4256
1371 242 1851 342 box 23/3
1043 246 1109 321 W
816 253 1356 362 säne deg
218 257 897 366 18. Der eind
2075 1069 3330 1147 — J VerbrosSchöndich und Vornahme
547 1131 3333 1216 Andoler Warum: Weil die „Arbeiter=Zeitung die (Saaz) und Gen an den Landesverteidigungsminister betreffend reformausschuß wird die Be
450 1174 3329 1272 Geburt eines jungen Elefanten in der Schönbrunner Mena=das vom Militärstationskommando erlassene Verbot des Besuches Handelsvertrag fortgel
2895 1204 3327 1265 Abg. Schrott verlang
1617 1237 3333 1332 der tiefere Sinn manches Gedankens nicht einleuchten. Aber Lande Tirol durch den Ha##
2796 1287 3326 1340 Schädigung die Ausgest
440 1289 1639 1368 „Das tu nur gewiß! Aber wenn es sie nicht erweicht und sie
2785 1316 3333 1377 und begrüßt es, daß die Ti#
449 1307 2795 1426 dir mit harten Worten drohen, oder mit Steinwürfen, was ja sie werden trotzdem jenen tiefen Eindruck verspüren, den nur
1620 1352 3333 1431 ein Dichter hervorzurufen imstande ist, soferne sie überhaupt bahnminister für ihre berech
445 1382 1633 1450 auch vorkommt, dann erzähle ihnen, wie reich du bist... ein
2786 1400 3185 1475 Verständnis finden.
1635 1411 2365 1484 für poctische Werte empfindlich sind.
450 1421 1634 1500 Prinz auf Reisen, mit seiner Prinzessin! Sprich ihnen von
2888 1419 3333 1505 Abg. Stein verweist
1703 1442 2808 1516 Auch bei Hauptmanns Märchen erinnert man sich
454 1468 1642 1539 deinem Wasserpalast und flehe sie an, euch um Gotteswillen
1625 1487 3338 1578 unwillkürlich an Ibsen. Der Schatten Peer Gynts huscht Zusatzklausel zum Schweizen
2791 1515 3297 1583 daß sich bei uns niemand
444 1526 1430 1613 einen Meilenstein weiter des Weges zu leiten!“ —
1634 1539 2808 1624 an uns vorüber. Peer Gynt und Michel Hellriegel sind Kinder
2802 1553 3318 1620 ungarischen Standpunkte u
543 1553 1628 1642 Zu Ende des Stückes wird es ganz hell in der Stube
2794 1600 3300 1658 Wenn der Abgeordnete 2
1641 1591 2797 1665 eines geistigen Stammes, und ein Wort Ilsens könnte als
457 1619 1630 1686 Wanns, ein herrlicher Morgen... „Man könnte fast glauben,
2803 1642 3195 1695 daß eine der ungarise
1631 1637 2809 1718 Motto der Hauptmann'schen Dichtung vorangesetzt werden,
452 1665 1636 1743 in einem Traume zu sein: so geheimnisvoll mutet der
2808 1678 3164 1732 nach der die Rechts
1630 1689 2811 1766 ich meine jenes in „Klein=Cyolf“, das die Erdenmenschen,
2796 1708 3138 1770 Handelsministers
458 1710 1640 1797 weiße im Lichte des Morgens flammende Prunk der Berge
1629 1726 2803 1818 als auch „ein wenig verwandt mit Meer und Himmel“ hin¬
2794 1757 3121 1813 Rechtslage gespre
464 1757 1648 1831 und der lockende Duft der Halbinseln, Buchten und Gärten
2790 1767 3115 1858 widrigen § 14=V
1632 1801 1780 1876 stellt.
457 1808 1648 1880 der Tiefe mich an, und was du sagst: man ist wie auf
2795 1816 3105 1889 in Ungarn der
457 1856 1101 1940 einem anderen Stern!
1706 1862 3113 1947 „Und Pippa tanzt!“ ist kein Stück für die allzu= vollen Unabhäne
554 1898 1652 1971 Wann: So ist's, wenn die Berge in den Elmsfeuer¬
1632 1909 3125 1998 vielen. Es ist ein holdes Dichtergeschenk, das verdient sein gar von dem Ti
2806 1948 3184 1994 werde. Demgegenur
449 1954 1257 2049 spielen des großen Pan gebadet sind.“
2802 1952 3247 2054 [Politik und spreche n
1632 1973 2813 2037 will. Verdient und erworben. Das Lied des „Blinden“ und
2800 2019 3033 2100 ziprozität.
547 2021 2817 2110 So klar der Sinn des Glashüttenmärchens sein mag, so jenes des „Tauben“ wird hier gesungen. Kommt alle heran,
2918 2036 3245 2113 Nach dem Schluß
1641 2066 2823 2153 schaut und horcht und vergeßt nicht, daß Werte der Phantasie
2808 2081 3243 2149 Dr. Licht wird der
461 2089 1656 2180 deutlich die einzelnen Gestalten, ob sie jetzt als reisender Hand¬
1645 2119 2825 2194 von der Phantasie aufgenommen werden müssen, das Worte
2812 2126 3254 2192 Schweizer Handelsvertre
464 2141 1658 2223 werksbursche, Glashüttendirektor, der schlaue Wende, oder
3107 2173 3233 2219 119 ge
1653 2158 3011 2246 des Herzens im Herzen wiederklingen müssen, verlangt nicht zu erteiler
467 2191 1662 2257 als Wann,d em der Dichter das Attribut „mythische Persön¬
1643 2224 2331 2306 „Wahrscheinlichkeit“ vom Traum.
478 2236 1662 2317 lichkeit“ gab, auftreten, viele Beurteiler glaubten sich die
2804 2227 2960 2308 Fortsetz
2811 2282 3032 2356 [betreffe
1677 2261 2791 2363 „Est-ce qu'un réve doit étre vraisemblable? Est-ce que als
488 2282 1669 2356 Sache „zurecht legen“ zu müssen, um das Andere, Tiefere, das
1693 2326 2720 2395 vraie fantaisie, le sentiment pur et complet ne peut pa
478 2331 1673 2419 sie in diesen Menschen witterten, zu entziffern und die geheime
2605 2339 2808 2438 (Taine.)
2803 2359 3053 2440 Abgeordnete
1685 2378 2372 2452 planer au-dessus des lois de la vie?
487 2382 1672 2457 Symbolik der Dichtung recht wirr und kompliziert darzustellen.
2810 2416 3120 2458 der Verhandlun
484 2430 1676 2504 Auch Gerhart Hauptmann wurde angegangen, aber der Dichter
1719 2416 2825 2496 Jedes echte Kunstwerk entstand aus innerem Erlebnis.
2816 2439 3157 2500 Vorlage annehmer
2812 2489 3180 2543 so großes Unterneh
1654 2476 2821 2553 So eigentümlich und abenteuerlich, so neu und unerwartet
475 2476 1664 2563 hüllte sich in Schweigen. Er hat ja gesprochen und hatte nichts
2820 2527 3116 2580 Schicksal im Un
485 2523 1666 2593 mehr zu sagen. Ich möchte es bekennen und betonen, daß ich
1661 2525 2831 2601 die Hand des Künstlers die Linien ziehen mag, das Auge des
2824 2565 3109 2616 ten D’Elvert
1668 2571 2828 2649 fühlenden Beobachters wird die Züge herausfinden, die dem
484 2571 1665 2660 die Dichtung vor der Aufführung las, und zwar mit großem
3183 2489 3272 2647 0
2824 2605 3051 2658 ihr Redner
1655 2616 2840 2691 Leben abgelauscht sind. Der Rest bleibt Geheimnis, jenes Ge¬
3149 2628 3278 2688 dbahn
477 2621 1657 2691 Genuß. Wer hier nicht den Schlag eines Dichterherzen ver¬
2824 2640 3073 2694 Bilanzen der
3138 2674 3256 2727 und e
2830 2673 3104 2731 gebenden Jahr
1666 2666 2836 2744 heimnis, das in jedem Kunstwerke schlummert und das Gött¬
479 2661 1664 2749 nimmt, dem ist nicht zu helfen. Daß viele Zuhörer verschie¬
2823 2709 3261 2768 die Einlösungsrente zu
1661 2713 2834 2790 liche im Irdischen bedeutet, ein Geheimnis, das selbst die schaf¬
476 2703 1670 2792 dene Auffassung der Dichtung haben werden, ist nicht zu be¬
2823 2749 3230 2803 sparungen an Materia
1655 2769 2679 2855 fende Seele nur ahnen, nie aber aussprechen kann.
482 2758 1663 2848 streiten. Doch ist das ein Nachteil? Daß einer reich beschenkt
2824 2785 3241 2857 durch andere Maßnahr
1739 2794 2834 2874 Und sollte es viele geben, die dem Dichter des „Pippa“¬
487 2807 1671 2898 zurückkommt nach Pippas Tanz, ein anderer mit leeren Hän¬
2821 2801 3248 2887 habe, zum Nachteile de
2836 2859 3252 2929 stitionen wird nachhole
1659 2854 2836 2946 Märchens mit „harten Worten drohen wollten, oder mit
481 2856 1682 2944 den, ist unbestrittbar, aber Verdienst und Schuld werden
2827 2906 3257 2953 ob die Rentabilität die
1660 2901 2838 2999 Steinwürfen,“ dann möge er versichert sein, daß er auch viele
489 2905 1673 2997 nicht dem Dichter, sondern den Genießenden zuzuschreiben
2816 2911 3329 3005 wartungen rechtfertigen wi
2620 2948 2802 3021 Essex.
1668 2958 2560 3042 erweicht hat, und daß diese ihn segnen werden.
2812 2974 3343 3038 möglich gewesen, weil der
489 2979 640 3054 sein.
591 2990 1686 3087 Im Theater wird manches auf die Unvorbereiteten ver¬
2819 3017 3328 3092 recht nicht ausgeübt habe.
489 3038 1723 3149 wirrend wirken, es wird ihnen manches Wort entgehen und
