3484 4384
1422 242 1904 359 box 23/4
275 280 1300 383 18. Der einsane Nen
2081 738 3171 815 Lomchors stattfenden. Dem Programum sind aus¬
194 776 869 859 —
1194 784 3167 874 — Kiel. 5. März. Das Pionierbataillon schließlich Werke zeitgenössischer Komponisien zu¬
189 803 1084 905 und vor allem Unterstützung der
2102 817 3154 904 grunde gelegt, von Tinel, Woyrsch, Mahler und
1063 845 2115 922 v. Rauch in Spandau will einem seiner Tapfersten
192 864 1074 945 hre, die die „höchsten Kulturträger“ seien,
2100 870 3152 937 Tschaikowsky. Als Hauptwerk soll Georg Schu¬
1067 882 2121 957 dem Füsilier Klinke, auf seinem Grabe bei
234 904 1073 998 Missionsschulen. Für die National¬
2094 910 3149 1003 manns „Tränenkrüglein" für Soli, gemischter Chor,
1077 926 2114 1008 Düppel in der Zeit der 50jährigen Wiederkehr des
253 941 1070 1034 sprach dann ruhig und sachlich
1055 1008 3257 1102 einzigen dieser Fabrikanten oder „Schwank", „Lust= Eheproblem“ zu definieren ist. Obwohl nur je ein bur
1054 1041 3267 1145 syiel“ oder „Komödie“ getaufter Kauserien ist einel Exemplar der betreffenden Spezies darin vor-keit¬
283 1062 845 1167 Wiener Theater.
1049 1095 3255 1196 ftbhahrhaft eigenartige dichterische Begabung nach=handen ist, scheint es dennoch in dem Stück von stat¬
2103 1146 3269 1200 Siegfrieden und blonden Herolden sowie von grü
198 1158 2123 1265 er Wiener Theatereferent schreibt weisbar, im Gegenteil — Menschen, die das
1062 1187 3276 1284 Publikum in Dingen der Kunst und Literatur auf=Beichtvätern zu wimmeln. Gespielt wird imldaß
2116 1236 3266 1312 „Deutschen Volkstheater“ erschreckend gut, mit süß
1071 1243 2131 1318 zuklären hätten, halsen den Wienern fadenscheinige
199 1252 1081 1331 ist nicht ungefährlich, sich in Wien dem
2109 1278 3264 1346 einer nicht zu überbietenden Mittelmäßigkeit. den
957 1303 1078 1358 Die
1082 1299 2122 1367 Produkte eines Durchschnittsepigonentums in der
309 1298 935 1378 Theaterbesuche hinzugeben.
187 1329 289 1386 en
2115 1319 3273 1396 Intelligenzbesessene Zuschauer, die durch irgend Das
1067 1341 2135 1417 unverschämtesten Weise auf und bei der Konkordanz.
202 1347 1076 1433 [Theater haben sich nämlich im Laufe der
3151 1363 3271 1425 schri
2110 1364 3154 1436 einen Zufall den jeweiligen zweiten Akt im Theater
1073 1391 2125 1457 der Interessen dürfte der nicht zur Clique und
201 1388 1082 1473 lein Lessing=Theater verwandelt, insofern
2108 1418 3270 1472 zu überleben gezwungen sind, pflegen sich mit wor
1082 1426 2115 1495 journalistischen Claque gehörige Autor in abseh¬
202 1435 1079 1517 darauf fast nur noch Stücke oder Libretti
3149 1455 3272 1520 man
2119 1454 3155 1519 Tränen des Mitleids (mit sich) zu begießen. Wie
1085 1459 2119 1536 barer Zeit aller Aufführungsmöglichkeiten beraubt
183 1484 1084 1545 Ener kritischen Lessinge aufgeführt werden.
3136 1493 3269 1549 Arn
2109 1480 3150 1573 lang ein dritter Akt im „Deutschen Volkstheater“
1075 1524 1235 1590 sein..
202 1528 1095 1598 rren Rezensenten scheinen zu denken:
3142 1534 3277 1597 Mu
2118 1531 3158 1603 ist, vermag nur jener zu ermessen, der die Dauer
1205 1535 2127 1627 In einem der wenigen dauerhaften Dramen
192 1569 1097 1640 ir uns schon im Theater langweilen sollen,
3154 1587 3272 1644 kraf
2115 1584 3155 1650 der Ewigkeit fassen kann. Wahrscheinlich will man
1087 1598 2124 1669 Arthur Schnitzlers, im „Einsamen Weg“, den ich
210 1619 1090 1695 les wenigstens unjere eigenen Stücke, bei
3148 1621 3283 1688 gute
2120 1623 3161 1691 in diesem Theater die Legende vom Phäakentum
208 1633 2135 1730 bir uns langweilen — und betrachten ihre von Herzen liebe, sagt der Held, Herr von Sala:
3150 1671 3265 1730 jung
1079 1660 3173 1753 „Es scheint mir überhaupt, daß jetzt wieder ein der Wiener zerstören und diesen Menschen, denen es
198 1696 1097 1778 gen als einflußreiche Sinekuren, die Auf¬
2114 1698 3292 1787 nie schlecht geht und die, selbst wenn sie vom Assis
251 1728 2125 1806 ihrer Stücke aber als ersprießliche besseres Geschlecht heranwächst, — mehr Haltung
204 1765 3289 1863 tszulagen. Wir besitzen bereits Theater=und weniger Geist“. Schnitzler irrt; zugestanden, Schicksal verfolgt sind, recht kommod zu leben wirk
3146 1805 3279 1868 gefo
210 1840 3155 1897 die nicht nur die Aufführung ihrer Stückeldaß die meisten Wiener Literaten, die nach ihmlpflegen, und wenn sie Schnitzler „gelernt“ haben,
3155 1829 3305 1907 noht
1853 1844 3160 1915 Haltung be=ein Apercu auf den Lippen zergehen lassend, in
203 1862 1819 1958 der minder korrekt zu erzwingen wissen kamen weniger Geist haben als er
3150 1873 3325 1953 kos
2131 1879 3172 1960 Behaglichkeit zu sterben wissen — endlich ein wirk¬
232 1910 2122 1981 die dynamische Wirkung ihrer Positionssitzen die subalternen Eristenzen, die sich seines
3149 1941 3285 2012 mus
2122 1939 2621 2008 liches Unglück zufügen.
1854 1949 2133 2007 keineswegs.
1093 1953 1875 2018 Esprits und ihrer Position bedienen,
224 1960 1117 2036 lassen, etliche unter ihnen treiben die
2198 1956 3284 2031 Die sogenannte Wiener Gesellschaft ist das
1097 1981 2130 2057 Es sei daher von diesen sozusagen nicht satis¬
198 2004 1102 2075 atibilität noch weiter und funktionieren als
3154 2018 3296 2098 trac
2130 2009 3175 2085 „digstinguiert" bis in die Fingerspitzen und diese
2025 2036 2136 2094 die
1099 2030 2026 2104 saktionsfähigen Rezensentenstücken, welche
203 2049 1110 2132 urgen — nicht ohne die Konkurrenztheater
2130 2053 3182 2128 Leüte, die sich aus Seelenmangel nie psychisch zu
1096 2067 2133 2148 Wiener Bühne beherrschen, nicht weiter die Rede,
203 2088 1111 2166 sieren und von den Gefälligkeitskritiken
2129 2074 3280 2173 erponieren pflegen, aus Mangel an Stimme nie Figt¬
3156 2099 3297 2182 ihrei
1102 2113 2131 2193 erwähnt sei höchstens, daß in so einem dumm¬
202 2139 1102 2208 urnalistischen Kollegen zu leben. Und über
2787 2141 3176 2207 Theater mit rein
2134 2156 2802 2217 schreien, geben sich gern auch im
3161 2154 3270 2212 als
218 2164 2142 2244 f empfundenen Mangel, noch immer keinelglücklichen Lustspiele, von dem die „Neue Wiener
2789 2178 3171 2263 zufrieden: den
3158 2197 3300 2262 Frätz.
2124 2194 2780 2256 gesellschaftlichen „Ereignissen“.
203 2205 2142 2305 direktoren zu besitzen, die gleichzeitig im Bühne“ befallen wurde, eine sehr begabte Schau¬
2129 2228 3170 2299 Toiletten der Logeninsassinnen. Nur wer sehr
3165 2251 3287 2304 und
224 2248 2144 2335 oder Hauptamte Kritiker sind, muß unslspielerin namens Marie Fournier debutierte
2135 2267 3183 2348 scharf hinhört, hinschaut, vermag außerdem auch
3159 2280 3302 2362 stells¬
1957 2295 2138 2360 Politik
1648 2297 1946 2368 auswärtige
664 2300 1654 2369 hinwegtrösten, daß und theuterferne, die
295 2314 654 2388 die Talsache
2138 2321 3182 2385 noch ein Theaterstück wahrzunehmen, in der „Neuen
219 2321 285 2389 i0
216 2321 2159 2430 eare in Wien nicht gespielt wird, ver=traktierende Witzeleien, aus denen ganz klar ersicht¬
2137 2354 3193 2428 Wiener Bühne“ etwa rustikale Gerüche, die einem
222 2378 2154 2469 weil er in keiner einzigen Wiener Zeitung lich wurde, wie sich der kleine Moritz die Diplomatie
2143 2404 3183 2476 Agrarkitsch des gewiß begabten Südslawen Josip
227 2418 2159 2514 zu Gerichte sitzt. Es wäre leichter, die vorstellt, halbwegs erträglich machte. Im Burg¬
2145 2445 3303 2517 Kosor entströmten, dem „Brand der Leidenschaften“, eign¬
224 2469 2144 2560 Wiener Kritiker namhaft zu machen, die theater, das auch nicht mehr lange eine vor den
2134 2495 3297 2575 der wie von „Tolstojewski“ ist. Es folgten dort halls
1107 2502 2152 2587 dramatischen Gehversuchen der Burgtheaterkritiker
233 2530 1130 2608 rDramatisierung ihrer Feuilletons noch ab¬
2137 2536 3180 2607 Figuren, entsprungen der geruhigen Ghettoküche
3172 2532 3336 2613 Orchs
2920 2570 2977 2613 S
1100 2550 2151 2623 geschützte Reservation bleiben durfte, feierte
213 2574 1109 2647 ls jene aufzuzählen, welche die Umwandlung
1115 2579 3294 2669 Schnitzlers Ode an die Vergänglichkeit „Der ein=ldes Schalom Asch („Familie Großglück“ mit dem Arns¬
220 2621 1108 2685 ener Theater in nur rezensierenden Antoren
1111 2622 3312 2715 same Weg“ Auferstehung. Der Darsteller des tod=linteressanten Heinz Schulbaur in einer Hauptrolle); Deus
221 2661 1125 2731 liche Spielhöllen anzustreben scheinen. Ich
1115 2677 3287 2757 wärts schreitenden Genießers Sala: Herr Walden in der „Freien Volksbühne“ dagegen dreht sich 23.
223 2699 1123 2780 gewiß keinen Stein gegen diese Herrschaften
2143 2722 3183 2776 alles um den genialen Darsteller gedrückter Men¬
3167 2713 3300 2779 statts
1116 2724 2164 2798 spielte diesen nachtbeschatteten Kandidaten der
255 2749 1120 2814 wenn die dramatisch=librettistische Be¬
3178 2766 3299 2830 der
1114 2757 3179 2843 Metaphysik zu berlinisch=kantig und auch Fräul. schen: Karl Götz, neben dem sich hie und da auch
243 2780 1135 2867 bei ihnen die primäre wäre und die
2139 2800 3180 2865 Frl. Henny Herz und Ernst Deutsch und der aus¬
3185 2799 3315 2868 führ
1118 2813 2159 2889 Wohlgemuth war dem dieser Erde entgleitenden
241 2825 1122 2911 Ader und Beschäftigung sich bei ihnen
2137 2829 3185 2901 gezeichnete Regisseur Bertold Viertel hervortun.
3176 2849 3314 2917 Deu
1124 2880 2160 2934 Edelmenschentum der Johanna Wegrat kaum ge¬
218 2881 1125 2937 rein zufällig eingestellt hätte. Aber da die
2147 2889 3191 2956 Aber am weisesten handeln jene Wiener, die aus den
3191 2894 3314 2958 Jens
235 2905 2159 3002 i sich dann erst ihrer Bühnenfähigkeit bewußt wachsen. Aber man muß zufrieden sein, wenn in
2141 2918 3182 2990 ernst genommen sein wollenden Theatern zu den
3171 2929 3311 3002 dänf
251 2946 2160 3047 als ihnen längst die Machtstellung ihres Wien, wo die Nichtrezensenten Frank Wedekind
2154 2961 3137 3054 tiefen Komikern Girardi und Eisengach flüchten.
3148 2971 3312 3060 han
265 2999 2150 3077 und ihre eigene, ferner das revancheund Gerhart Hauptmann fast verschollen sind, gute
2596 3014 3149 3087 Albert Ehrenstein.
3156 3019 3308 3089 Kön
1117 3050 1872 3114 Stücke überhaupt aufgeführt werden.
224 3057 1127 3123 tige Wohlwollen der Kollegen die Hinter¬
3169 3071 3294 3141 um
1177 3068 2172 3167 Das „Deutsche Volkstheater“ versuchte Fleiß
275 3101 1137 3169 „geebnet“ hatte, darf man wohl die
3191 3103 3318 3183 Tov#
1215 3112 2171 3193 heucheln und führte zwischen allerhand
1112 3140 1239 3205 zu
223 3144 1130 3207 sche Zulässigkeit derartiger Handlungen in
2363 3131 2976 3214 Daniel in der Löwengrube.
3188 3161 3298 3218 Tris
1118 3162 2177 3238 Publikumsschlagern jenes Strindbergstück auf, das
227 3185 1130 3256 sion stellen, um so mehr als sie von Leuten
2223 3178 3309 3272 Frau Amélie Nikisch, die Gattin des be= sücht
1117 3209 2172 3292 ihm die besten Durchfallschancen zu bieten schien,
219 3220 1126 3308 en, denen von der Lektüre ihrer Blätter her
1114 3240 3221 3340 [„Frau Margit“ ein sehr frühes Werk des kannten Dirigenten, hat mit ihrer burlesken Oper
1005 3279 1139 3329 „Er¬
216 3272 998 3353 Ausdrücke „Korruption“, „Panama“,
234 3280 3219 3390 ig“ geläufig sein dürften. Bei keinem Dichters, das kurz und bündig als „Ritterkitsch mit „Daniel in der Löwengrube“ im Ham¬
239 3472 891 3574 NCI WI7
902 3446 1169 3634 %
249 3606 1045 3795 S
