3484 4256
1454 212 1912 310 box 23/1
304 220 1302 318 18. DereinnE
1439 1036 1892 1126 Telephon 12801.
1061 1141 2276 1227 Alex. Weigl’s Unternehmen für Zeitungs-Aussohnitte
1305 1185 2233 1339 „OBSERER“
1930 1274 1994 1342 1
2069 1246 2315 1348 Nr. 8
1034 1265 1188 1369 195
955 1323 2401 1417 I. österr. behördl. conc. Bureau für Zeitungsberichte u. Personalnachrichten
1234 1393 2159 1471 Wien, I., Concordiaplarz 4.
965 1432 2412 1532 Vertretungen in Berlin, Budapest, Chicage, Genf, London, Newyerk, Paris, Ron.
1326 1523 2025 1582 Stockholm, Kristiania, St. Petersburg.
1889 1548 2075 1636 (Heotteln.
2055 1547 2235 1650 Zeittag
1497 1575 1940 1685 Bresdener Kanst- u.
963 1638 1479 1733 Ausschnitt aus:
1227 1733 1598 1842 Lo Tood
955 1796 1196 1880 vom:
1210 2001 2342 2140 * Berlin. Im Deutschen Theater begegnete Arthur Schnitzlers
1065 2080 2342 2189 Schauspiel „Der einsame Weg“ mit glänzender Darstellung leb¬
1066 2128 2356 2245 haftem Interesse. Zwei Menschen, Julian und Felix, der letztere der
1068 2176 2353 2284 Sohn des ersteren, jedoch nicht vor der Welt, sind in rücksichtsloser
1074 2217 2361 2335 Lebensgenußsucht jeder den „einsamen Weg“ gegangen. Julian liebte
1081 2268 2360 2378 rinst Gabriele, die Braut seines Freundes, und beide kamen in
1089 2311 2348 2440 schrankenloser Liebe zueinander. Doch Julian ist Maler und will
1078 2373 2351 2481 sich seine Flügel in dem Stilleben der Ehe nicht beschneiden lassen.
1081 2415 2357 2527 Sein Freund Wegradt heiratet, ahnungslos Gabriele und gelangt
1084 2461 2366 2575 als Maler zu einer angesehenen Stellung, freilich nicht mit dem Flug,
1096 2508 2379 2619 wie ihn Julian genommen. Dieser aber nach allem Ruhm fühlt sich
1000 2528 1088 2615 Für
1091 2558 2365 2655 einsom und emdeckt sich seinem So##e, der im Hause Wegradts als
1089 2599 2387 2711 dessen Sohn lebt. Doch dieser inlot seinen Pflegevater, und jetzt, da
1014 2677 1062 2734 „
1035 2642 2405 2778 # 1er von dem Verrat erfahren, mehr denn je. Die Szene zwischen.
1099 2691 2383 2803 Vater und Sehn ist meisterhaft irefflich die Schilderung der
988 2723 2424 2863 Ados Frauennsyche und die des jungen Felix, der durch Erziehung ein "
990 2846 1130 2905 Abon
1105 2833 2402 2919 anderer, glücklicherer wird, als sein Vater, dem er in vielem gleicht.
1117 2901 2284 2965 Das Werk kann als hervorragende Dichtung bezeichnet werden.
999 2944 2425 3003 Inhallsangale aller wientigen mimscnsagen der „ ET
1005 2965 2425 3044 Mlätter (Tagesjournale ausser „Neue Freie Presse“ und „Wiener Zeitung“)
1008 3006 2434 3094 wodurch eine Uebersicbe über das gesammte volitische und wirthschaftliche
995 3061 2422 3130 Leben des Ia- und Auslandes in drastischer Kürze geboten wird. Diese Mit¬
1007 3104 2032 3179 theilungen werden in Wich am 9 Uhr Früh verschickt.
1335 3180 2092 3249 Prospeste gratis und fnanco.
1423 3235 1990 3318 Quelierangsse ehne Gewähr.
