3436 4352
245 330 1843 413 18. Der einsane Neg box 23/1
849 1243 1307 1334 Telephon 12801.
475 1329 1689 1429 Alex. Weigl’s Unternehmen für Zeitungs-Ausschnitte
468 1408 1623 1539 □ 105 „OBSERYER“
1389 1466 1761 1564 Nr. 50
351 1535 1806 1627 L. österr. behördl. conc. Bureau für Zeitungsberichte u. Personalnachrichtes
627 1587 1540 1678 Wien, I., Concondliaplatz 4.
360 1665 1793 1755 Vertretungen in Berlin, Budapest, Chicago, Genf, London, Newyork, Puris, Rer
729 1712 1426 1784 Stockholm, Kristiania, St. Petersburg.
933 1793 1674 1902 Neuge amer #aurnal
341 1816 852 1910 Ausschnitt aus:
345 1949 898 2067 vom: #### □000
502 2209 1653 2394 nier Balne Conchonden estat me flick munsiche
361 2278 1642 2434 fachstehender Zeilen: In meinem telegraphisch übgtmittelten Referat
361 2317 1629 2472 über die Première von Arthur Schnitzler's „Der einsame Weg“
368 2377 1643 2539 im Deutschen Theater habe ich einer schauspielerischen Leistung zu
361 2420 1632 2579 erwähnen vergessen, die besonders hervorgehoben zu werden ver¬
354 2465 1627 2614 diente, nämlich jener Else Lehmann's. Die Künstlerin hatte
359 2518 1625 2688 nur eine Episode zu spielen: eine ehemalige Schauspielerin, die in
345 2548 1618 2721 ihrer Jugend in intimen Beziehungen zu dem Maler Fichtner
340 2605 1607 2762 stand. Else Lehmann spielte die alternde Schauspielerin, die es
343 2654 1751 2809 einem Dichter noch nach zwanzig Jahren nicht vergessen kann, dafinelasive
337 2713 1724 2866 er damals ihre Art, Verse zu sprechen, getadelt hatte, mit kräf Porto.
327 2753 1502 2915 #tigem Humor, dem auch die ernsten Grundtöne nicht fehlten.
426 2810 545 2863 200
371 2819 432 2864 *
1559 2839 1735 2892 Zahlbar
425 2852 546 2895 500
347 2854 428 2911 *
1389 2878 1778 2957 200.—, im Voraus.
354 2887 548 2948 " 1000
447 2946 1782 3012 Im Gegensatze zu anderen Bureaux für Zeitungsausschnitte ist das
336 2963 1369 3025 Abonnement durch keine bestimmte Zeitdauer begrenzt;
1361 2988 1782 3051 — auch steht es den
327 3022 1657 3075 Abonnenten frei die aufgegebenen Themen zu ergänzen oder zu ändern.
448 3093 1779 3167 Der „OBSERVER“ veranstaltet täglich einen Auszug enthaltend die
323 3153 1776 3189 Inhaltsangabe aller wichtigen Mittheilungen der Wiener Morgen¬
329 3183 1765 3244 blätter (Tagesjournale ausser „Neue Freie Presse“ und Wiener Zeitung“)
330 3224 1770 3281 wodurch eine Uebersicht über das gesammte politische und wirthschaftliche
327 3262 1770 3311 Leben des In- und Auslandes in drastischer Kürze geboten wird. Diese Mit¬
336 3306 1379 3369 theilungen werden in Wien um 9 Uhr Früh verschiekt.
666 3384 1434 3444 Prospecte gratis und fnanco.
834 3441 1388 3510 Quellenangabe ohne Gewähr.
2330 1265 2797 1345 Telephon 12801.
1955 1357 3183 1423 Alex. Weigl’s Unternehmen für Zeitungs-Ausschnitte
1995 1421 3123 1560 105 „OBSERWED“
2957 1471 3236 1574 Nr. 20
2830 1503 2903 1575 1
1848 1541 3297 1644 I. österr. behördl. cono. Bureau für Zeitungsberichte u. Personalnachrichten
2113 1615 3028 1690 Wien, I., Concondiaplatz 4.
1848 1672 3278 1771 Vertretungen in Berlin, Budapest, Chicago, Genf, London, Newyork, Paris, Rom,
2210 1733 2932 1804 Stuckholm, Kristiania, St. Petersburg.
1845 1852 2342 1931 Ausschnitt aus:
1846 1994 2034 2067 vom:
2404 2002 3201 2111 Frankfarter Zeitung
2186 2052 2517 2204 ITigon
2079 2241 3117 2331 I Berlin, 13. Febr., 11.15 N. Echnitzlers Schauspiel
2030 2301 3120 2352 „Der einsame Weg“ fand bei seiner Erstaufführung
2020 2346 3102 2389 im Deutschen Tleater eine laue Aufnahme, die
2022 2378 3116 2436 auch nicht ohne Widerspruch blieb. Es fehlt dem rama bei
2023 2421 3118 2485 vielen stimmungsvollen Szenen an der rechte Klarheit;
2018 2466 3114 2505 die Handlung ist nicht schlicht gerug aufgebaut, es über¬
2015 2503 3117 2576 wuchert die Reflexion. Der einsame Weg ist der Weg derer,
2013 2537 3105 2588 die nie Opfer zu bringen fähig sind Der Sohn erfährt,
2018 2575 3105 2635 daß der Mann, der der Gatte seiner Mutter ist und der ihn
2010 2612 3111 2671 auferzogen, nicht sein Vater ist; er wendet sich trotzdem im
2016 2657 3104 2706 entscheidenden Augenblick ihm zu und von seinem leiblichen
2021 2686 3115 2756 Vater ab. Dazu eine Parallelbandlung, die die Schwester
1945 2730 3111 2785 # einem anderen Einsamen in die Arme und dann in den
1833 2737 1951 2800 Für
1946 2775 3250 2829 106 Tod führt. Die Aufführung war bis auf Herrn Rittne:, blusive
2041 2808 3218 2878 der kühl ließ, vortrefflich, Ausgezeichnete Leistungen boten lorto.
1948 2833 2703 2914 200 Frl. Triesch und Herr Bassermann.
3067 2851 3238 2903 hlbar
1945 2868 2037 2912 500
3080 2893 3272 2953 Voraus.
1929 2896 2046 2966 1000
1968 2922 3281 3005 Im Gegensatze zu anderen Bureaux für Zeitungsausschnitte ist das
1863 2990 3289 3036 Abonnement durch keine bestimmte Zeitdauer begrenzt; — auch steht es den
1868 3034 3153 3109 Abonnenten frei die aufgegebenen Themen zu ergänzen eder zu ändern.
1964 3102 3297 3172 Der „OBSERVER“ veranstaltet täglich einen Auszug enthaltend die
1842 3148 3269 3203 Inhaltsangabe aller wichtigen Mittheilungen der Wiener Morgen“
1853 3202 3276 3246 blätter (Tagesjournale ausser „Neue Freie Presse“ und „Wiener Zeitung“)
1851 3239 3280 3277 wodurch eine Uebersicht über das gesammte politische und wirthschaftliche
1855 3277 3280 3340 Leben des In- und Auslandes in drastischer Kürze geboten wird. Diese Mit¬
1868 3319 2871 3383 theilungen werden in Wien um 9 Uhr Früh verschickt.
2163 3392 2933 3467 Prosbecte gratis und fnanco.
2295 3441 2826 3506 Quellenangabe ohne Gewähr.
