3392 4256
924 58 1736 142 etenen aesetesen en seensen ene
1736 120 1815 171 ja
902 124 1733 187 ist in dieser Stimme eine Güte von kindli¬
1730 150 1823 216 Or
902 178 1739 235 cher Reinheit, die alles Gütige und Kindliche
1732 208 1814 259 ar
889 212 1229 276 in uns aufruft.
933 248 1737 321 Von der Liebe sprechen alle seine Bücher,
1742 280 1808 340 el
893 279 1724 364 alle diese Erzählungen, diese kleinen Dlaloge
1724 322 1796 383 D.
898 362 1737 404 und grossen Theaterstücke. Von der Liebe
904 387 1814 445 und vom Tode. Auch wenn sie sich anders!
896 426 1806 487 geben, auch wenn sie manchen sinnreich un¬ ##
900 475 1721 539 sinnigen und erstaunlichen Verknüpfungen
1728 508 1810 560 511
884 518 1732 572 des Schicksals nachspüren, auch wenn Streit,
1739 552 1813 605 al
886 595 1798 666 erfüllen und durchschüttern möchten, ist #
1718 641 1797 683 Sc
897 646 1567 702 ihr Inhalt die Liebe und der Tod.
1743 675 1799 734 ti
934 682 1721 751 Eine merkwürdige Kraft und Andacht des
1739 723 1799 768 ör
892 731 1719 778 Erlebens lässt diesen Dichter die blutdurch¬
1736 763 1800 818 di
902 770 1735 832 strömte Schwere der kleinsten Geschehnisse
891 813 1801 875 empfinden, die unauslöschliche Realität der P
889 867 1757 923 geringsten Tatsache, die tiefe Folge des
894 906 1743 964 flüchtigen Wortes. Zugleich aber hebt ihn
886 961 1747 1001 ein geistiger Schwung von unsern Schultern
896 978 1748 1045 weicht, in der die Wucht des Wirklichen
900 1033 1739 1093 schwerlos und schwebend wird, und in der
883 1072 1747 1132 alle Wichtigekitch sich auflösen. Seine Me¬
894 1128 1744 1184 lancholie und seine nachdenklichen Traurig¬
895 1167 1792 1220 keiten haften am Erdboden. Liebelei. In sei-U
891 1207 1801 1270 ner Heiterkeit aber ist das bessere JenseitsV#
887 1247 1724 1300 der Phantasle, das Lächeln des Ueberwun¬
1734 1254 1806 1345 5
883 1293 1136 1346 denhabens.
921 1312 1791 1399 Eine Quelle seiner dichterischen Kraft ist ##
885 1375 1790 1440 das Staunen. Die Kraft seiner reifen und
888 1430 1737 1481 meisterlichen Kunst ist das Aufspüren, Ver¬
895 1463 1761 1522 stehen und Enthüllen der Zusammenhänge.
890 1508 1744 1573 Ein berauschtes, lyrisch gewordenes Stau¬
887 1556 1735 1619 ren über das Wunder der Liebe; über die
897 1585 1740 1650 GSüssigkeit, Anmut, Hingabe und beherr¬
898 1638 1739 1695 schende Gewalt des Weibes; über den uner¬
885 1671 1736 1750 niesslichen Reichtum des Lebens, über alle
883 1720 1743 1783 unfassburen Möglichkeiten des Glückes. Zu¬
896 1772 1738 1827 gleich ein schmerzdurchwühltes Staunen dar¬
886 1809 1740 1860 über, dass zwei Menschen, die so nahe bei¬
889 1855 1743 1913 sammen gewesen, so endlos weit voneinander
891 1894 1734 1950 abgleiten können; dass fremd zu werden ver¬
890 1932 1743 1997 mag, was jemals eins war. Ein erschüttertes
890 1979 1746 2050 Staunen darüber, dass die Fülle des Daseins
896 2028 1744 2083 in ewiger Leere endigt, dass dieses strahlende
889 2064 1741 2137 Licht ewiger Finsternis nur als kurze Ein¬
889 2117 1745 2177 leitung voraufgeht; dass dieser tiefwehende,
899 2156 1732 2208 jauchzende Atem der Lebendigkeit in uns zu
885 2196 1745 2263 Jeder Minute ausgeblasen und erstickt wer¬
898 2242 1115 2300 den kann.
920 2273 1724 2340 In dieser Bilderreihe immer wiederkehren¬
1730 2284 2580 2335 nach allerlei mondänen Parfums in seinen
893 2333 1718 2392 der und immer wieder schwindender Liebe,
1731 2329 2573 2394 ersten Büchern; daher auch die elegante,
891 2367 1720 2431 in dieser beständig über allem Erblühen
1727 2379 2567 2440 höflich grüssende Verbeugung, mit der sich
899 2423 1724 2465 schwebenden Drohung des Welkens, in die¬
1734 2427 2569 2473 manches seiner Worte zur Pointe schmiegt
894 2465 1723 2521 em Umkreis einer Welt, der abgesteckt ist
1738 2471 2573 2527 und rundet. Dann aber ist ihm aus der rast¬
896 2502 1727 2552 von Wonne des Seins und Grauen des Todes.
1729 2501 2583 2565 los arbeitsamen und tiefen Echtheit seines
886 2546 1723 2599 #liegt freilich eine Dagewesenheit, die so ewig
1735 2547 2574 2604 Wesens die eigene Technik erwachsen, die¬
889 2594 1728 2642 ist, und beinahe so alt, wie das Leben selbst.
1735 2598 2571 2663 ses wundervolle Vermögen, in einfachen
891 2630 1717 2678 Arthur Schnitzler aber hat mit diesen Din¬
1723 2639 2573 2685 Sätzen Unsagbares mitschwingen zu lassen.
895 2673 1720 2733 gen, die jedem gegeben sind, nur gespielt.
1723 2681 2570 2737 Zwischentöne der Seele, Unterstimmen des
889 2723 1720 2785 Sein Spiel gespielt. Er hat auf diesem Hin¬
1725 2725 2570 2787 Bewusstseins freizumachen, psychologische
890 2763 1718 2832 tergrund, vor den wir alle treten, sein Profil
1732 2764 2574 2829 Konflikte von einer Zartheit, die sich zuvor
889 2806 1720 2863 gezeichnet. Sein eigencs. Und aus diesem Er¬
1732 2814 2561 2861 weder anrühren noch gestalten liess, anzu¬
885 2848 1712 2911 denlehm, der jeder formenden Hand willig
1730 2856 2568 2911 rühren und zu gestalten. Diese merkwürldg
883 2895 1720 2968 ist, hat er seine Gestalten geschaffen. In sei¬
1726 2900 2563 2952 weiche, nachgiebige, scheinbar sorglose Tech¬
886 2937 1190 2994 nem Ebenbiltl.
1708 2936 2562 3011 nik, in der dennoch so viel wache Aufmerk¬
919 2952 1716 3044 Eine kleine Welt von Menschen lebt nun
1733 2977 2568 3046 samkeit, so viel Selbeterziehung, Straffheit
874 3030 1715 3080 mit uns, führt in unserm Gedächtnis, in un¬
1726 3037 2564 3087 und Frische lebt. Mit dieser nachspürenden,
877 3065 1714 3116 serer Kenntnis von der Welt und in unseren
1732 3064 2567 3139 ausgewogenen, nervenzarten Technik ist er
889 3114 1723 3164 Erkenntnissen eine lebendige Existenz von er¬
1723 3112 2565 3177 auf die leidenschaftliche Suche nach den
880 3155 1717 3209 höhter Wirklichkeit. Anatol, der verwöhnte
1726 3156 2582 3204 Zusammenhängen gegangen. Sein kühnsten
879 3192 1712 3253 Melanckoliker des Genusses, die einfache
1724 3202 2578 3256 Experiment, die Zusammenhänge zu enträt¬
889 3241 1716 3289 süsse Christine aus der cLiebeleis, der edel
1730 3249 2565 3298 seln, ist wohll eDer Ruf des Lebenss. Inter¬
880 3282 1709 3338 komplizierte Herr von Sala aus dem cEin¬
1729 3293 2564 3346 essante Versuche bilden eDas weite Land¬
887 3331 1716 3387 samen Wegs, die Herzogin aus dem gGrünen
1721 3336 2574 3393 und eDer junge Medarduss. Sein übermü¬
887 3368 1722 3432 Kakadus, der junge Kavalier aus cLitera¬
1723 3382 2558 3434 tigstes und freiestes Ergreifen der Zusam¬
884 3402 1717 3473 turs. Alle tragen sie die Züge Schnitzler¬
1727 3418 2565 3484 menhänge kommt in cReigens zur Geltung.
881 3452 1712 3508 schen Geistes, alle haben an ihrer Gestalt
1726 3466 2570 3512 Mit dieser anmutig federnden, in ihrem
882 3501 1709 3559 die Spur von Griff und Druck seiner formen¬
1715 3504 2579 3552 Reichtum schwelgerischen Technik hat er die
886 3550 1706 3602 den Hand. Alle reden so, dass man nach lh¬
1716 3548 2579 3607 Farbigekit des modernen Lebens, den Prunk
879 3588 1705 3638 ren ersten drei Worten schon wissen muss:
1725 3593 2567 3661 und die Schönheit einer vornehmen und wei¬
884 3633 1717 3685 sie sind von Schnitzler. Alle sind in Erleb¬
879 3681 1722 3735 nisse „in Konflikts, in Schicksale, in eine At¬
1744 3682 2567 3738 Man hat oft, und in einer nur zu nahe lie¬
885 3718 1705 3777 mospäre gestellt, die vollkommen Schnitz¬
1720 3725 2561 3779 genden Ideenverbindung gesagt, aus Schnitz¬
886 3762 1702 3809 ers Wesen und Eigenart spiegelt. Und sie
1713 3769 2563 3824 lers Werken sei der Jubel und die Schwer¬
892 3802 1702 3852 sind von einer merkwürdigen Milde. Auf kei¬
1725 3813 2562 3865 mut Wiener Walzer zu hören. Vielleicht ist
886 3846 1715 3904 nem von ihnen hat ein trüber Blick des Has¬
1717 3854 2575 3908 es ebenso wahr, dass seine Instrumentation
888 3885 1710 3965 zes geruht. Schuldlose sind sie alle. Oder
1714 3897 2566 3958 gelegentlich an den blendenden Geigenglanz
906 3932 1558 3991 ntschuldigte. Von Schuld befreit.
1705 3942 2563 4007 Puceinis erinnert, darin das verführerische,
912 3977 2556 4020 Die Technik Schnitzlers ist in ihrer frühe-Isinnliche Strahlen und die prächtig verwir¬
888 4005 2573 4094 sten Jugend von den Franzosen ersogen und rende Erhabenheit der Gross-Stadt manch¬
867 4044 2150 4141 angeregt worden. Daher rührt der leise Duft 1mal aufleuchten. (av.)
