3436 4384
1361 393 1829 507 box 23/4
209 415 1233 518 18. Der einsane Neg
1990 1127 3159 1223 Menschenmischung, die nur bei Theaterleuten gefunden
823 1137 1993 1244 sich mit einem Aufschrei: „Vater!“ über Weg¬
104 1166 822 1257 ebens Raubbau treiben um des
2622 1198 3138 1261 Herr Paulsen als
1993 1201 2555 1275 wird. Philiströse Bohèeme.
832 1207 1973 1286 rath beugt, so schimmert hier ein Schein von Ver¬
113 1240 828 1322 en, den Boden verwüsten, der den
1994 1260 3141 1321 Wegrath wußte die noble Ahnungslosigkeit des betrogenen
835 1269 1975 1343 geltung. Nicht stark genug, aber, um die Wehmut und
125 1294 820 1370 kine Früchte mehr trägt. Liebe um
2002 1291 3145 1362 Gatten, und die ahnungsvolle Verstimmtheit, die ihn doch
822 1311 1976 1385 die Angst, um die Vergeblichkeit, die alle menschlichen
2000 1353 3141 1410 durchs Leben begleitet, irgendwie fühlbar zu machen; beinahe
118 1340 820 1419 #ur dem, der gibt, wird gegeben
819 1360 1986 1444 Beziehungen umzittert, aufzuhellen. Alleinsein! Allein¬
1998 1388 3141 1464 wie einen atmosphärischen Zustand. Auch Frau Haeberle
124 1385 826 1486 kinsamen Weg“ zweiter Teil in die
835 1411 1986 1498 gelassensein! So verhaucht dieses Schauspiels letztes
146 1450 813 1501 christlicher Weltanschauung ge¬
2003 1443 3147 1518 gelang es, durch eine ferne, leise Art das Gefühl der
840 1481 1103 1562 Erkenntnis.
1996 1488 3143 1575 Entfremdung, welche ein scheidendes Wesen, noch mitten
126 1489 834 1555 tung geübt wird, weil hier von
1423 1502 1532 1570 —
1989 1552 3146 1604 unter seinen Nächsten stehend, isoliert mitzuteilen. Herrn
117 1542 825 1612 MRede ist, und vom Glück, welches
946 1546 1991 1628 Das Burgtheater hatte recht, dieses für die zeit¬
2001 1580 3149 1650 Gerasch einmal in einer Rolle zu sehen, die seinen
129 1592 838 1656 kwerben kann. Weil die dramatisch
845 1599 1999 1686 genössische Dichtung so charakteristische, dieses so weg¬
1995 1634 3165 1711 Temperamentsunfällen jeden Boden entzieht, ist wirk¬
135 1643 833 1716 z angewendete Moral dieser These
846 1658 2004 1735 weisende Stück, welches Artur Schnitzlers Wesen so rein
1996 1681 3162 1756 liches Vergnügen. Diesen gezügelten und sich zügelnden
133 1690 839 1765 müßte, daß der Weg zum Tode
841 1713 1988 1779 und ganz in sich schließt, seinem Spielplan einzuverleiben.
2008 1744 3152 1814 Felix hat er sich gut abgerungen. Nur hätte man eines
154 1740 835 1819 hinzugeben wissen, von rück¬
842 1756 1999 1828 Die Darstellung des „Einsamen Weg“ gehört zu den
2010 1773 3157 1857 gewünscht: Mehr Geist und weniger Haltung. — Julian
130 1786 832 1858 kend sein wird, daß dem Absterben
851 1812 2002 1882 subtilsten Regieaufgaben. Denn die Menschen, die da
2008 1838 3159 1901 Fichtner Herr Devrient. Er blieb unempfindsam,
135 1844 834 1921 Herz mitleidend schlägt. Gegen diese
855 1852 2006 1924 oben auf der Bühne sich bewegen, schillern und ver¬
2007 1879 3157 1966 Er stellte die Schablone eines alternden Künstlers, der
147 1896 832 1953 nun mit einemmal der Dichter.
860 1903 2003 1977 schwimmen, tun ihre Seelen scheinbar weit auf und ver¬
2009 1934 2572 2022 „abgewirtschaftet“ hat, hin.
129 1935 837 2016 inem fünfzigsten Lebensjahte im
856 1948 2007 2022 bergen sich doch hinter Schleiern. Der Schau¬
2119 1950 3155 2043 Fräulein Wohlgemuth war eine wunderschöne
147 1988 849 2053 : er, der die Demut jedes Ver¬
860 1988 2014 2082 spieler muß bringen, was ist, und muß er¬
1996 2012 3149 2098 Johanna. Umschwebt von jener maßvollen Melancholie,
134 2043 839 2111 Grenzen von Gut und Bösg auf¬
1152 2039 2002 2111 was über dieses Sein hinausgeht.
842 2057 1162 2135 raten lassen,
1998 2092 3154 2137 die bei Mädchen aus guter Familie niemals allzu
145 2076 835 2164 ihn lockte es bereits im„ Ein¬
1153 2103 2006 2163 verstummen, andeuten, erraten, ahnen,
852 2103 1156 2176 Verschweigen,
2002 2112 3169 2183 beunruhigende Formen annimmt. Wenn, wie ich es hören
149 2120 848 2218 Besonderen ins Allgemeine zu
854 2147 2002 2220 aneinander vorbeisprechen und in sich hineinhorchen!
2010 2167 3154 2242 konnte, im Publikum hier und dort die Frage aufgeworfen
141 2183 843 2260 dlichkeit aller Schicksalsschlüsse zu
859 2185 2006 2264 Das sind die Spielelemente, welche den Stil des „Ein¬
2007 2224 3157 2292 wurde, weshalb eigentlich Johanna in den Tod gehe, so
138 2230 843 2326 hnacht des Marionettenmenschen dem
849 2242 2006 2318 samen Weg“ entscheiden. Diese Stimmung wurde nun in
2008 2251 3172 2336 trägt die Schuld daran die Darstellung allein. Johannas
125 2291 319 2367 enüber.
858 2291 2002 2374 Darstellung des Burgtheaters vielfach wach. Ohne daß
2011 2322 3158 2382 Sterben muß organisch, in ihrem Sein bedingt erscheinen.
139 2310 841 2409 n drittes Problem als weitester
868 2330 2006 2419 (was besonders hervorgehoben zu werden verdient) man
2012 2367 3166 2434 Die stille Glut der beinahe körperlos leuchtenden Seele;
160 2390 846 2465 Es schreitet hinweg über die letzte
861 2394 2011 2463 zu der früheren tiefgründigen, von dem ersten Ibsen=Stil
2010 2407 3157 2481 die lautlose Intensität einer Daseinssehnsucht, welche so
134 2438 849 2522 lt nicht mehr Varianten der Ein¬
859 2434 2010 2511 herrührenden geheimnisvollen Bedeutsamkeit gegriffen
2006 2461 3165 2533 hemmungslos strömt, daß sie die zu schwache Hülle sprengt,
144 2478 849 2565 sehr die Einsamkeit! Die allen
869 2482 2006 2561 hätte. Die den Schauspieler dazu verführte, gleichsam die
2008 2511 3168 2579 das sind die Zeichen, die das Wesen des seltsamen
143 2531 855 2621 hie von Mensch zu Mensch
855 2532 2008 2607 Devise: Ich bin ein Symbol vor sich herzutragen.
2015 2564 3172 2633 Mädchens erkennbar machen sollen. Tieferes muß zum
859 2580 2019 2658 Das Hauptgewicht wurde auf ein leises, absichtslos und
170 2579 850 2659 Nicht von Mann zu Weib;
2018 2612 3162 2670 Schwingen gebracht werden als sanfte Trauer und
860 2632 2004 2703 natürlich fließendes Tempo gelegt. Auf Lebendigkeit. Daß
158 2637 858 2710 Kind; nicht von Freund zu
2020 2650 3164 2753 Unerfülltheit. Denn wenn Johanna zu Sala sagt:
864 2677 2018 2755 in mancher Szene aber der Gehalt an Spannung, an
151 2683 850 2756 tab gehen wir alle alleine, wir, die
2024 2704 3162 2780 „Es kann mir nicht bestimmt sein, nur Schönes
865 2724 2007 2792 Hintergründigkeit, an dunkler Leidenschaft nicht ausge¬
170 2735 853 2809 n, sagt Sala zu Fichtner. Im
2012 2743 3165 2818 zu erleben; auch Häßliches, auch Gemeines steht wir
865 2773 2013 2854 schöpft erschien, darf nicht verschwiegen werden. In dieser
152 2779 864 2847 e Einsamreit schwer und trüb über
2020 2792 3177 2877 bevor. Ich werde irren und leiden. Ich will später einmal
875 2822 2016 2893 Richtung bewegten sich auch Vorzüge und Fehler der Ver¬
151 2829 856 2923 gleicher Trauer gebreitet. Auch auf
2009 2844 3182 2910 vor mir selbst erschauern müssen.“ So ist in dieser er¬
864 2872 2012 2947 körperung Salas durch Herrn Harry Walden.
160 2879 862 2961 gehört haben. Ist nicht Frau
2014 2891 3179 2986 sehnten Bestimmung schon die Schicksalskontur jener im
872 2914 2022 3003 Aeußerst sympathisch und künstlerisch vornehm, wie er der
150 2933 852 2993 ganz von Pflicht, ganz von Ent¬
2026 2938 3176 3025 Grenzenlosen sich verlierenden und tragischesten Frauen¬
872 2959 2014 3033 Figur jede Pose nahm; und beinahe verschämt hinter dem
155 2992 850 3055 fervollen Schweigen bestimmt war,
2015 2989 3181 3098 gestalt vorgezogen, die Schnitzler geschaffen hat. In der
871 3012 2032 3085 korrekten Gentleman die unbequeme Seele versteckte. Nur
167 3035 859 3103 allein geschritten? Zieht nicht
2020 3043 3183 3122 „Hirtenflöte“ als Dionysia ersteht die Johanna des „Ein¬
871 3068 2019 3143 hätte diese vorgenommene Maske manchesmal von einer
175 3088 851 3150 Sehnsucht hätte, ein Schurke zu
2036 3095 3180 3164 samen Weg“ wieder, als letzte vollkommenste Inkarnation
877 3116 2020 3189 Flamme versengt werden sollen. Immerhin war er ein
155 3128 866 3195 ssein Temperament gezwungen, ein
2021 3141 3177 3223 ihres erfüllten Wesens. Fräulein Wohlgemuth aber
876 3173 2023 3233 souveräner Schauspieler, der sich eine Rolle zurecht¬
216 3174 867 3257 zieht dieser raffinierte Altruist
2019 3200 3011 3274 wußte nichts von solchen Abenteuern der Seele.
880 3201 2031 3296 bog, die ihm in manchem Zug zu ferne liegt.
241 3219 861 3296 allein seine Straße? Und
2132 3207 3188 3313 Dieses versonnene Stück wird niemals ein laufer
881 3255 2033 3338 Ganz restlos ging Frau Bleibtreu in Irene Herms
149 3269 863 3349 bt diesem aufrechten Menschen er¬
2017 3280 3180 3354 Theatererfolg sein. Eben weil es im Gemüt der Zu¬
875 3310 2025 3371 auf. Das war wirklich der Typus jener leichtlebigen Schau¬
141 3327 866 3388 krau nicht ihm fremd ins Grab?
2027 3327 3185 3416 schauer zu lauten Widerhall weckt. Es ist ein Stuck,
880 3353 2027 3434 spielerinnen=Natur, von der es heißt „Sie ist ein guter
142 3379 861 3456 icht den Tod, ohne daß seine Liebe
2020 3384 3187 3453 das zur Einkehr zwingt. Und so dankte auch gestern
877 3417 2027 3478 Kerl“. Die Lachen und Weinen in einem Sack hat. Die
151 3420 878 3507 he gebracht hätte?s Felir allerdings
2019 3432 3183 3523 das Puhlikum A.tur Schnitzler, der oftmals erscheinen
2817 3465 2950 3522 ftalats
179 3460 2028 3535 Hingabe erworben. Und wenn trotz ihrer Treulosigkeit Schätze der Anhänglichkeit birgt.
2896 3483 3135 3557 A. B. Z.
3023 3505 3198 3571 Aue 1
169 3484 2729 3617 hinausschleicht, da sein Sohn Es war die richtige Dosierung jener merkwürdigen, mußte, mit nachdenklichem Ernst.)
2709 3518 2959 3609 + 4. 4
