3296 4384
223 212 1040 273 est staat onder leiding van Henk Kreeft.
184 306 1046 377 De kring Amsterdam van den Bond van
206 360 1037 413 Ir. Letterk. Kringen in Nederland zal
175 410 1042 464 Dinsdagavond 1 Mei in het American Hotel
179 456 1032 509 ileenkomen. De heer J. Bosman, uit Zuid¬
189 499 1038 557 Afrika houdt een lezing: „Tets over volk,
187 539 969 613 abl en letterkunde van Zuid-Afrika“.
203 632 1043 702 De tentoonstelling van Italiaansche primitig
192 691 1045 740 ch in de Kunstzaal Hageraats te Den Haag,
199 732 1037 792 irdt wegens groote belangstelling verlengd tot
218 767 406 830 Mei a.s.
410 830 823 897 Veiling Van Essen.
187 849 1047 922 De firma Frederik Muller & Co. zendt ons
187 920 1049 967 In geillustreerden catalogus van de veiling der
190 961 1041 1004 rzameling-Van Essen, die Dinsdag 8 Maart
211 992 1049 1040 haar localen aan de Doelenstraat gehonden
197 1025 1062 1087 ördt. Het is eene veiling van ongemeene be¬
199 1072 1050 1124 ngrijkheid, waarin meesters als Jacob Maris,
184 1112 1046 1169 leissenbruch, Gabriél, Neuhuys, Witsen, Corot
191 1137 1047 1198 t werk van buitengewone waardo ver¬
194 1181 1052 1239 genwoordigd zijn. Behalve deze namen ver¬
200 1225 1062 1274 eldt de catalogus nog die van Akkringa, Alle¬
198 1265 1067 1333 Artan, Breitner, Daubigng, Dissselhof, Fan¬
202 1304 1056 1348 Latour, J. Israêls, W. Maris. Mauve, Mög¬
197 1342 1057 1400 elli, Poggenbeek, Verster e. a. De verzameligg
194 1378 1018 1444 ng was van 1915 tot 1922 bruikleen van h#
204 1416 666 1489 edeljjk Museum albier.
381 1495 823 1583 Kunst in Den Haag.
426 1547 998 1631 Walter Spier bij Walrecht.
373 1610 942 1662 Franschen bii d’Audretsch.
264 1650 1017 1717 12 ’s-Gravenhage, 29 April.
203 1674 1048 1767 Het is altijd verheugend om, na al
190 1725 1057 1799 at het cubisme, het futurisme en het
189 1774 1047 1849 kpressionier (pompier, tout cela, z6u
201 1828 1057 1891 aymond Duncan zeggen) ons hebben ver¬
188 1866 1048 1938 Sond, eens werk te zien, dat toch waarach¬
206 1910 1069 1973 gnog aandoet als iets nieuws, iets oor¬
197 1952 1053 2012 Sonkelijks. En alleen daarom reeds moet
197 2005 1051 2062 ien even binnenloopen in het zaaltje van
198 2042 1058 2105 Walrecht op het Smidsplein, waar de uit
198 2083 1069 2146 Duitsche ouders te Moskou geboren Rus
196 2135 1049 2191 Walter Spier eenige schilderijen, exposeert.
206 2177 1048 2228 Het is moeilijk te zeggen — wij kunnen
199 2217 1055 2270 et althans niet — wat er opzettelijk en wat
204 2267 1055 2313 spentaan is in dit werk. De uiterlijke
184 2307 1071 2367 ehandeling staat stellig heel sterk onder
196 2352 1063 2402 apanschen, misschien meer nog onder Chi¬
199 2403 1061 2450 eeschen invloed, maar als dat dus alles
206 2438 1066 2499 fgekeken mocht ziin, dan heeft. Spier
201 2492 1068 2549 et drommels goed gedaan; hij heeft
209 2520 1062 2578 v. niet alleen de manier van de Chineezen
187 2571 1060 2618 e figuren nit de omgeving te halen en
225 2616 1063 2667 met precieuse zorg te schilderen, doch
189 2648 1062 2708 k het vermögen om dat te doen; Hij heeft
193 2702 1076 2752 iet alleen den coloristischen durf van de
202 2744 1060 2800 hineezen, doch ook hun tonaliteit; en hij
203 2785 1074 2831 childert de plans niet alleen even zorgvul¬
202 2827 1074 2887 ig, maar ook bijna even fijn. Er is echter,
203 2866 1077 2931 unkt ons, nög een invloed in zijn wer, die
203 2926 1072 2973 ok weer primitief aandoet, maar meer Wes¬
195 2957 1066 3014 ersch-primitief. Zijn tronies hebben name¬
205 3009 1079 3065 jk vaak Breugheliaansche verhoudingen
192 3031 1070 3106 Breugheliaansche expressies. En weer.
207 3098 1068 3149 raagt men zich af: bewust of onbewust?
212 3134 723 3198 pzettelijk of spontaan?
217 3165 1077 3236 Een heel curieuse eigenaardigheid van
201 3226 1072 3288 erscheidene werken is het prespectief. Dat
211 3272 1071 3325 niet maar zoo primitief als dat van de
207 3307 1078 3369 apanners en Chineezen, neen, hier is cen
195 3354 1080 3403 eer individucele eigenaardigheid... al is
209 3405 1076 3459 ck die niet absoluut nieuw. Spier schildert
207 3443 1068 3508 e dingen namelijk vaak niet slechts 266,
214 3484 1072 3545 ab ze voer ons oog niet in een hori¬
201 3528 1075 3596 Entaal doch in een verticaal vlak staan,
204 3571 1075 3640 haar zisn oogpunt is dan tevens niet
201 3621 1070 3682 at van den beschonwer. Hij verzcekt
209 3675 1082 3725 dus als 't ware niet alleen om, van um
212 3712 1093 3765 ogpunt uit, de dingen anders te zien dan
209 3745 1085 3807 zich u voordoen, naar onze begrippen
203 3802 1077 3854 an perspectief, maar hij verzoekt u öök
205 3838 1084 3887 m u verplaatst te denken #n ##en punt van
217 3872 1073 3936 et schilderij, niet ervöör. Men bekijke
217 3926 1071 3979 en karousel. Blijkelijk is dit bedoeld, al
217 3963 1076 4028 ijkt men er buiten tegen aan, als een visie
208 4011 1084 4070 an den caroussel ust. Want de koppen in
218 4054 1089 4106 e buurt van den caroussel zijn het grootst.
214 4099 1074 4155 ooock de processie. Niet de dichtstbijzijn¬
216 4150 1083 4200 e figuur, doch cen andere, verdere pries¬
1938 153 3306 227 n  n
2877 213 3295 276 Hedenavond arriv
1049 221 2839 279 met bloemen zoo droomig luchtig als vlin-Ibetere bezetting denken; het spel van Eliy
2843 246 3293 322 Garde Républichine
1043 259 2841 315 ders); wat van eenige der beste Barbizon-Reicher was bewonderenswaard van intuitie
2851 299 3210 366 concert te geven.
1050 303 1941 355 ners: Vollon, Rousseau, Ribot, Bonvin,
1947 310 2843 368 en van rijke, maar nooit drukke, nuanceering
1053 346 1937 395 Courbet een pracht van cen woesten, bestialen
1948 356 2853 406 in allerlei situaties. En Dick van Veen speel¬
3098 375 3305 440 Garde rer
1050 391 1948 446 varkenskop)... maar öök wel iets moois van
1950 390 2855 459 de de schijnbaar cenvondige doch inderdaad
2880 406 3293 484 Het programma de
1047 426 1948 481 een meer moderne: Herbin, wiens min of
1946 442 2844 498 heel lastige rol van Felix met een merkwaar¬
2862 462 3304 526 „Garde republicaine
1042 477 1945 535 meer cubistisch werk ecn distinctie van toon
1954 477 2843 535 dig rustige zckerheid; het mooie van zijn
2858 506 3305 570 Rotterdam, Amsterda
1055 523 1942 577 en een harmonie van verhoudingen heeft als
1955 520 2840 575 spel. vonden wij bovendien vooral dat hil,
2858 546 3298 607 Ouverture Le roi 7’1
1047 556 1446 631 men zelden vindt.
1953 572 2842 614 tezenover de eenzelvigheid der anderen, de
2854 598 3305 654 en Menuet van Moz¬
1086 573 1938 653 In het voorzaaltje staat een steenen vrou¬
1958 612 2849 663 warme openheid van dit karakter deed spre¬
1054 647 1939 708 webeeldje van Maillol, het eerste werk dat
1958 659 2850 726 kozonder nochtans een oogenblik uit het
2854 680 3297 743 van Berlioz en P’App
1059 687 1946 740 wij ooit van dezen kunstenaar zagen. Dit 18
1948 697 2390 753 eusemble te vallen.
2857 725 3294 787 „Dukas; een en ander
1055 731 1949 787 van een 200 ongemeen voornaam modelé,
1975 717 2840 789 Andere rollen kan men zich zeker wöl
2858 768 3092 830 nie-orkest.
1047 776 1945 828 van een z00 ingehouden, sobere lijn zonder
1954 774 2849 838 beter bezet denken; Eugène Gilhuys hield
1048 813 1948 866 eenigen zweem van styleeren nochtans, en
1959 825 2848 883 de figuur van den dokter naar zisn opvatting
2899 817 3296 910 Muurschildering voo
1053 851 1942 912 zo0 rustig van uitdrukking, dat men dit ge¬
1949 876 2851 932 goed vol maar met de opvatting kunnen wij
3192 881 3296 938 Stad
1058 899 1941 956 rust zou kunnen zetten naast de beste Chi¬
1962 915 2862 968 ons niet veréenigen. De dokter is een veel
2883 905 3306 991 Het „Bouwk. Wee
1051 953 1943 1005 neesche of Hindoesche beelden. Het ver toont
1954 950 2850 1021 te belangrijke figuur om er zoo'n armoodig,
2852 952 3295 1029 ding van het schetse
1068 990 1952 1052 daarmee trouwens, in de opvatting, veel
1958 1003 2842 1050 onbeduidend schoolmeestertje van te maken.
2858 1008 3290 1076 Arondeiis geteekend
1057 1035 1372 1097 verwantschap.
1950 1045 2848 1105 Hans van Meerten scheen aanvankelijk wat
2859 1057 3304 1117 den in het Rotterdan
1095 1050 1937 1130 IIet is iets dat geheel buiten eike tegen¬
1956 1086 2852 1131 conventioneel maar werd gaandeweg beter.
2881 1099 3298 1159 De muurschildering,
1057 1120 1942 1193 woordige „richting'’ staat, een schepping
1958 1132 2845 1181 Sara Heyblom was geen ideale Gabriele maar
2866 1141 3306 1193 is het geschenk van 6
1057 1162 1304 1227 sui generis.
1960 1173 2847 1225 bereikte, in de knappe metamorfose van
2860 1169 3296 1234 Rotterdammers aan de
1099 1184 1722 1286 Van grooten stille schoonheid.
2864 1221 3298 1270 ling wordt bepaald de
1962 1214 2845 1267 haar persoon, toch heel veel. Nel Stants was
2869 1253 3292 1310 den Profeet Zacharias
1951 1264 2849 1320 ook wel niet extatisch genoeg, niet genoeg
2874 1291 3292 1349 ment en kan nader on
1952 1300 2861 1371 innerlijk-brandend, soms ook te uiterlijk van
1306 1297 1691 1381 De Eenzame Weg.
2871 1332 3305 1385 door goddelijke en mer
1951 1348 2854 1402 gebaar voor de dweepzieke Johanna (haar
2869 1370 3292 1416 pen orde, zegevierende
1182 1370 1922 1446 12 ’s-Gravenhage, 29 April.
1952 1397 2852 1446 aanleg is anders en het timbre van haar stem
2864 1406 3305 1461 het kwade. Ze wordt ge
1095 1434 1944 1484 Deze twintig jaren oude Schnitzler is in¬
1955 1443 2860 1501 was wat te donker) doch ze deed ons ten.
2859 1447 3306 1497 tot let Besturend Coll
1043 1470 1946 1542 Idertijd door Het Schouwtooneel gespeeld:
1964 1475 2863 1547 slotte in de figuur wel gelooven. Verkade
2903 1489 3294 1540 Bij de uitvoering, wi
1040 1508 1947 1594 Doch siechts enkele malen. Toen was het
2871 1517 3305 1579 plex in tempera geschie
1965 1525 2863 1576 zelf bracht als Von Sala de deugden en ge¬
1065 1558 1947 1622 uit. Waarom? Wel, het is zeer wel mogelijk
2867 1568 3296 1630 de schenkers nog eenig
1965 1567 2854 1616 breken van zijn spelen mede — zijn slordige
2862 1605 3214 1668 den aangebracht.
1060 1607 1954 1664 dat een àl te klein deel van het uitgaande
1957 1616 2870 1673 dictie en zijn te weinig verzorgde houding
2886 1616 3299 1704 Aan dit geschenk is
1059 1646 1955 1716 publiek de buitengewone schoonheid van
1957 1654 2866 1711 an gebaren, doch ook de groote allure van
2866 1680 3293 1734 verbonden. Oorspronke
1057 1690 1953 1748 dit werk waardeeren kon en dat de meesten
1961 1701 2852 1764 ziin spel, de rustige voornaamheid en het
2863 1721 3306 1774 geven san Willem
1059 1737 1955 1791 er „niet veel aan' vonden. Want het is
1968 1730 2855 1801 imponeerende ervan — en in onze herinne¬
2865 1745 3305 1812 schilderij echter door
1064 1786 1949 1841 effen en sober als een obelisk en het reikt,
1965 1786 2854 1844 ring zijn de deugden toch wel het meest
2871 1785 3305 1865 werd, omdat ze #cn#te
1059 1821 1953 1884 eprijzend midden uit heb menschelijk
1967 1824 2339 1893 blijven hangen.
2870 1838 3291 1894 lick karakter had.
3180 1871 3294 1930 —
1060 1867 1953 1932 leven van alledag, in toon en houding hoog
2010 1842 2861 1935 Van Dalsum eindelijk heeft ons op¬
1061 1921 1957 1970 uit boven alledag. Het is nen effen, koele
2882 1900 3305 1974 In de töonkamers
1967 1909 2859 1969 nieuw door zijn beeldend vermogen verrast.
1071 1960 1956 2011 zuil, maar een zuil van zuiver goud, in alle
2867 1955 3295 2013 vereeniging tot bevor
1969 1964 2858 2021 Wij hadden, eerlijk gezegd, geen groote ver¬
2866 1995 3297 2051 heid en Volkskunst#te
1070 1994 1968 2063 deelen even gedegen, overal ongesierd,
1960 2003 2854 2073 wachting van hem in een figuur als Ficht¬
2861 2030 3303 2090 tot 31 Mei eele tent
1074 2047 1959 2097 msar overal even klinkend zuiver tot in
1963 2040 2857 2111 ner, doch dadelijk, bij het opgaan van 't
2868 2075 3304 2129 kunstaardewerk, bouw
1062 2096 1960 2158 't hart. En voor het eerst, sinds Ibsen neb¬
1958 2092 2859 2151 scherm voor het tweede bedriff, pakte ons
2871 2108 3298 2176 door Willem C. Broun
1062 2122 1956 2192 ben we hier een werk gekregen, psvcholo¬
1958 2137 2858 2191 zijn verschijning en zisn doen door haar di¬
1073 2172 1962 2240 gisch en dramatisch van gelijke kracht als
2927 2155 3292 2251 Zuid-Bevelandsche
1975 2174 2866 2236 recte echtheid. En dan kon men nu en dan
3192 2224 3297 2284 Ene
1071 2213 1965 2276 de beste Ibsen’s, simpel dialogisch, zonder
1965 2217 2878 2282 zichgeens stooten aan den aanblik van Van
2892 2247 3279 2321 Men schrifft ons
1071 2261 1967 2314 uiterlijk gebeuren, maar met een spanning,
1972 2271 2859 2333 Dalsum’s slechte houdingen kleeding, maar
2906 2303 3297 2365 Het Zuid-Bevelan
1067 2309 1969 2365 die nooit verslapt en waarvan men 200 da¬
1968 2312 2866 2375 ten slôtte speelde hij dat allemaal weer weg.
1066 2353 1961 2401 delijk kan vinden, waar die eigenlijk in zit.
2862 2345 3292 2412 direrteur de heer G.
1975 2355 2866 2408 Wat hif doet is altijd zoo volkomen door¬
1079 2404 1971 2449 En van dezelfde analytische onverbiddelijk¬
2862 2384 3292 2457 tingen, welks lede
1971 2402 2860 2471 voelden met zulk een zuivere, artistieke in¬
1073 2428 1967 2492 heid als Ibsen’s drama’s, hetzelfde fatalis¬
2868 2431 3306 2499 tuum zisn gekleed, ##
1977 2442 2864 2497 telligentie uitgebeeld, dat hij waarschijnlijk
1080 2474 1954 2545 me ook, dat de figuren tot noodlotsobjecten
2863 2479 3300 2539 Engeland oversteke
1979 2490 2855 2551 in zie onmogelijkste kleeren ons nög zou mee¬
2291 2534 2336 2587 92
1068 2531 1962 2582 maakt. Alleen van een wat warmere meu¬
2870 2517 3296 2581 der Zeeland en gedur
1972 2538 2175 2604 sleepen.
2878 2565 3295 2620 te Folkestone enkele
1080 2569 1965 2622 schelijkheid. De figuren ziin iets zieliger.
1970 2571 2861 2632 Lo dan was er nög een grootequaliteit
2869 2611 3305 2668 dag 22 Mei keert het
1069 2614 1963 2668 meer meelijwekkend, niet z66 koel behan¬
1970 2618 2866 2672 in deze voorstelling: Verkade’s regie. De
2876 2647 3305 2714 waar het voor de Ver
1079 2654 1457 2719 deld als bij rbsen.
1969 2660 2862 2717 titerlüke kon nog wat beter (er ontbrak nog
2877 2689 3303 2755 lingenverkeer een co
1112 2678 1964 2753 Hoe prachtig is het begin al, die expositie
1976 2708 2862 2763 al eens wat zitgelegenheid, vooral in het
2866 2735 3297 2798 zal geven. Het is het
1074 2741 1956 2788 die niets anders gesft dan de algemeene
1971 2746 2863 2803 eerste bedrijf) maar de innerlijke was supe¬
2871 2776 3298 2851 te Amsterdam zichi
1080 2782 1963 2847 spanning zonder dat precies wordt aamgege¬
1970 2791 2866 2854 rieur. Allen speelden volkomen in denzelf¬
1079 2832 1959 2887 ven, tusschen welke figuren en in welke ver¬
1970 2822 2879 2900 den toon, in denzelfden stijl. In dit opzicht
3108 2832 3304 2919 Bernhard
1076 2866 1963 2928 houdingen die spanning staat. Het is alsof
1973 2877 2869 2960 kon men zich zeker weer geen bétere op¬
2909 2881 3305 2961 Het Berl. Tageht
1077 2912 1962 2972 men een groot bruggencomplex ziet, maar
1981 2930 2328 3001 voering denken.
2869 2943 3305 3008 op ruim 60-jarigen
1085 2936 1981 3021 daarvan alleen de bogen, niet de zuilen
2876 2985 3293 3052 Dessäu, als violist en
1077 3006 1975 3067 waarop die bogen rusten. En langzaam. héel
1994 2989 2856 3075 Schnitzler zeif houdt De Eenzame Weg
2876 3034 3297 3098 terdamsche muzieksch
1085 3044 1970 3106 geleidelijk, trekt, gedurende vier bedrifven,
1984 3051 2867 3115 voor ziin beste werk, staat er in 't program.
2876 3078 3299 3139 Toonkunst, ook inor
1084 3095 1962 3145 de mysterieuse nevel weg en zien we even
1980 3103 2863 3170 En velen met hem. Wij ook, Het is nög
2872 3117 3303 3182 in Hamburg geborer
1079 3133 1970 3192 de tragische algemeene verreenzaming van
1980 3157 2625 3219 beter dan Professor Bernhardi.
2874 3162 3293 3228 studien bij Schradd
1077 3181 1973 3235 alle — alle, behalve Felix, die minder
2012 3186 2864 3247 En wij hebben den dikken stapel van
2878 3195 3295 3276 niawski en was acht
1080 3227 1963 3284 grübeft, meer spontaan is; mänder egoistisch,
1986 3229 2868 3293 onze programma’s uit dit seizoen nog eens
2871 3248 3305 3314 te Gent, Königsber
1091 3270 1967 3321 meer gul-gevend; niet ingeschrompeld tot
1982 3277 2867 3344 doorgebladerd, maar we vinden daaronder
2870 3296 3304 3357 terdam en Bremen,
1081 3304 1972 3372 het eigen ik, maar moedig en krachtig ge¬
1979 3316 2864 3376 geem enkel-werk, öök niet onder het, vele be¬
2869 3342 3296 3407 en ook als kwartets
1084 3346 1971 3410 noeg om ock het lewen van anderen mee t#e
1979 3365 2872 3412 langrijke, dat de buitenlanders brachten,
2872 3379 3304 3448 werd. Ook als leer
1082 3397 1967 3454 leven — en in het trieste, grauwe daglicht
1986 3409 2868 3482 van gelijke kracht en fijnheid als De Een¬
2868 3425 3276 3492 kende qualiteiten.
1082 3432 1972 3494 waarin dan allen zoo zielig alleen staan, ziet
1982 3457 2223 3514 zame Weg.
2874 3481 3306 3532 concertmeester aan
1079 3481 1975 3545 men meteen hun einde. En dat is weer, zoo¬
2011 3471 2873 3562 De Haghespelers hebben in dezen winter
2867 3517 3306 3582 Ite Berlijn; hij gaf er
1092 3520 1972 3574 als het begin was: schemering, nevel, een
1986 3544 2506 3615 al heel wat gepracsteerd.
2879 3553 3295 3622 Stänsche Conserva
1087 3570 1976 3629 floers dat nu ralt en dat de dooden ein de
2017 3570 2869 3648 Maar hiermede hebben zij hun, werk toch
2875 3600 3305 3672 sauf gewaardeerd als
1090 3608 1981 3684 misère der levenden slechts doet gissen, niet
1978 3630 2425 3694 nog cerst bekroond.
2874 3646 3292 3723 getaardeerd was oc
1099 3659 1315 3726 doet zien.
2025 3644 2870 3728 En men moet hopen dat dit stuk nu de
2881 3686 3034 3765 mißd.
1121 3686 1970 3756 Het is een uiterst knap geschreven stuk.
1979 3704 2882 3783 waardeering zal vinden die de Haarlemmers
1087 3743 1981 3799 Vijf bedrijven die ale vijf op gelijke hoogte
1992 3760 2688 3813 te vergeefs ervoor hebben gezocht.
3092 3744 3305 3831 Bedreisd
1086 3784 1976 3848 staan, waarin geen verslapping is en geen
2026 3802 2700 3875 Want het is een artistiek juweel.
2909 3793 3305 3871 Men schrifft ons:
1085 3823 1983 3891 stilstand, waarin de (altijd louter psychi¬
2898 3850 3293 3913 Over het Huis den
1095 3869 1991 3933 sche) actie onophoudelijk voortschrifdt, dat
2130 3862 2879 3944 Orgelbespelingen te Deventer. esen
2879 3893 3301 3940 eefder meldden, binn
1084 3912 1978 3976 is iets dat we sinds Ibsen niet meer hebben
2023 3917 2872 3971 Gedurende de maanden Mei, Juni, Juli en
2886 3937 3299 3986 komt, schrifft men on
1091 3968 1973 4017 beleefd. En dan een stuk van een z60 prach¬
1987 3964 2883 4014 Augustus zal elken cersten en derden Woens¬
2917 3964 3293 4023 De havezathe datee
1979 4000 2873 4054 dagavond der maand, van 7—8 uur, de heer
1097 4002 1975 4058 tig volgehouden subtiliteit, van een zoo zui¬
2879 4006 3292 4064 Zondag 23 Februari
1990 4043 2866 4097 Jan Zwart van Amsterdam het orgel bespelen
2890 4046 3297 4100 bert, van Nettelhors
1080 4045 1980 4096 #re, fiin-sterke aangeduidheid.,, waarlijk,
1994 4079 2876 4141 in de Lebuinuskerk te Deventer. De eerste be¬
2885 4085 3305 4143 van der Capellen en
1084 4090 1980 4146 het is een magistraal werk. Een werk van
1993 4118 2847 4186 speling geschiedt Woensdagavond 2 Mei a.s.
2881 4115 3301 4190 er mede beleend door
1091 4142 1976 4192 diepe waarheid en wijsheid ock, waarin her¬
