3392 4256
1054 226 1135 302 W
1402 222 1861 310 box 23/3
246 234 1244 349 18. Derein
813 771 950 866 514
827 873 2401 943 wandeln, allein mit den bohrenden und nagenden Gedanken an ein verlorenes
821 920 2226 994 Heimat= und Familienglück, erschauernd vor der unendlichen Einsamkeit!
948 963 2405 1024 Julian Fichtner, der Maler, hat vor dreiundzwanzig Jahren die Frau
835 1018 2403 1085 Professor Wegrath als Mädchen verführt. Es war ein kurzer Liebesrausch. Statt,
827 1066 2402 1129 wie beschlossen, gemeinsam zu fliehen, verläßt Fichtner im egoistischen Drange
836 1122 1710 1195 nach Freiheit und Liebesgenuß die Geliebte.
939 1165 2405 1228 Professor Wegrath, ein Studiengenosse Fichtners, heiratet sie. „Felix, das
824 1225 2408 1275 Kind der Liebe, und Johanna, die Tochter Wegraths, wachsen heran. Nach drei¬
826 1275 2418 1327 undzwanzig Jahren kehrt Fichtner, der Weltenbummler, heim. Müde, übersättigt
828 1312 2414 1385 vom Lebensgenuß, ein Halbzermürbter. Als letzte Hoffnung der Liebe, als Ge¬
827 1378 2417 1438 fährten für das hereinbrechende Alter, reklamiert er Felix, den Sohn. In einer
834 1409 2420 1479 meisterhaft geführten Szene beichtet er dem Sohne, was ihn seinerzeit dazu trieb,
828 1451 2408 1522 die Geliebte zu verlassen. Ln Felix will er sühnen, für ihn den Rest des Lebens
836 1502 2409 1566 leben. Der Junge versteht ihn nicht, kann ihn nicht verstehen. Ihm ist er ein
827 1557 2415 1623 Fremder — einer, den er kaum kennt, den er sich in dem Verhältnis Vater gar
829 1604 2362 1683 nicht denken kann. Er stößt ihn zurück. Der Alte begreift entsetzt, erschauert —
838 1662 1604 1745 und wird den einsamen Weg wandeln.
952 1687 2426 1766 Der zweite „Einsam“ im Stücke ist der Dichter Stephan von Sala. Er
833 1754 2421 1812 ist ein Lebenslang=Einsamer, der in allem und jedem nur sich selber wiederfindet,
830 1808 2416 1866 zu Welt und Menschen kein Verhältnis faßt, der die herrlichsten Träume, die
831 1872 2418 1910 Emanationen seines Selbst scheu vor der Außenwelt unter vollendeter Maske verbirgt.
848 1919 2418 1965 Sala ist herzkrank, ein Todgeweihter, der sein Schicksal kennt. Er liebt Johanna.
846 1947 2427 2014 Mit der tiefinnerlichsten Liebe solcher Naturen. Sie erwidert diese Liebe, obwohl
846 2008 2418 2072 sie weiß, daß er dem Tode verfallen ist. In einer zweiten herrlichen Szene er¬
844 2044 2418 2112 folgt das Geständnis dieser Liebe, um die schon schwarze Todesflügel flattern.
846 2084 2418 2162 Jeder will den anderen schonen, keiner dem anderen zeigen, daß er die traurige
841 2142 2427 2196 Wahrheit kenmt. Und um den Geliebten nicht sterben sehen zu müssen, geht
833 2189 2423 2256 Johanna in den tiefen Teich der Salaschen Villa. Auch Sala — bisher schon ein
837 2242 2370 2310 Einsamer — wird noch den kurzen Weg bis zum Tode weiter einsam wandeln.
958 2286 2428 2357 Um diese dünne Handlung hat der Dichter ein dichtes Netz feiner, bedeutender
850 2340 2428 2403 und tiefer Worte geworfen, hohe Probleme ganz zart angedeutet, Charaktere in ein
843 2389 2425 2451 eigentümliches Helldunkel gestellt. Wie ein Fluidum geht der Dialog hin und
848 2438 2424 2514 her, ganze Strecken der Dichtung in Dämmer tauchend, um urplötzlich mit ein
840 2490 2428 2555 paar Worten die ganze Bedeutung der Szene blitzartig zu erhellen. Die tiefe
855 2541 2433 2609 Resignation und die Poesie des Abschiedes leuchten mit auserlesener Schönheit
848 2603 2438 2661 aus dem Werke. Darin ist Schnitzler ein Meister, und Szenen wie die angedeuteten
851 2643 1684 2716 sind ein Kriterion für den echten Dichter.
973 2662 2435 2752 Die Aufführung des „Einsamen Weg“ entspricht nicht in allen Teilen der
846 2747 2428 2809 hohen Vollendung der bisherigen Aufführungen. Gerade den großen Vorzug, den
1775 2787 2428 2854 daß sie nämlich ein vollendetes
847 2803 1717 2862 man stets an den Berlinern gepriesen hat
1800 2829 2429 2887 Im Gegenteil: die einzelnen
855 2840 1800 2912 Ensemble seien —, spürt man hier weniger.
849 2881 2429 2956 großen und bedeutenden Individualitäten wirken so mächtig und hervorragend, daß
857 2950 2435 3005 daneben die unzulänglichen Besetzungen anderer Rollen um so mehr auffallen.
853 2982 2435 3053 Es wird mehr nebeneinander als ineinander gespielt. Nur in der feinen
859 3030 2440 3104 Abtönung einzelner Szenen und dem besonderen Herausarbeiten der Hauptmomente
853 3083 1989 3147 der Dichtung bekundet sich der künstlerische Geist Brahms.
976 3129 2426 3204 Wieder überragt Bassermann als Sala alle anderen durch die ganz einzige
859 3179 2437 3250 Art, wie er die subtilsten Seelenregungen in seinem beredten Gesichte spiegeln
861 3222 2441 3299 läßt. Ein Blick, eine flüchtige Geste sagt oft mehr als Hunderte Worte. Und
871 3277 2439 3353 für das Melancholische, Todgeweihte der Figur findet er erschütternde Züge. Die
854 3321 2436 3391 gewichtige Rolle des Julian vergriff Herr Reicher völlig. Nicht der geringste
861 3380 2439 3439 Gefühlston war zu hören. Auf diese Weise, wird die spät erwachte Sehnsucht
861 3414 2444 3498 des Vaters nach seinem Kinde wenig glaubhaft. Eine Prachtleistung bot Frau
848 3479 2422 3596 Else Lehmann als alternde Schauspielerin, gute Charakterzeichnungen Herr Sauer
855 3536 2426 3632 als Professor Wegrath und Herr Marr als Arzt. Mit der undankbaren Rolle
856 3594 2416 3687 der Johanna wußte Frau Triesch nicht viel anzufangen. Die wichtige Rolle des
857 3655 1667 3760 jungen Wegrath war unzulänglich besetzt.
971 3674 2422 3770 Man bekam eine Vorstellung, welch eine Prachtaufführung des Burgtheaters
853 3747 2409 3842 der „Einsame Weg“ hätte werden können. Und es ist traurig, daß unser bedeu¬
855 3785 2425 3882 tendster Dichter nach Berlin gehen muß, um seine bodenständigen Stücke auf¬
2244 3836 2398 3902 F. R.
865 3874 1212 3949 geführt zu sehen.
863 3966 1092 4043 4VW
