3436 4384
1352 401 1823 486 box 2375
848 412 925 470 6 N
759 406 829 470 1S
211 408 1211 512 18. Der einsane bag
2836 1756 3301 1822 Leistung erkennbar, der
2478 1755 2558 1838 S
2842 1806 3178 1856 die man von der
1620 1821 2846 1887 Grimassen gegenüber zu befinden. Als ob uns eine Kluft von
2838 1842 3118 1898 Meta Bün
1646 1871 2846 1933 diesen Menschen von gestern trennte. Bei gänzlicher Handlungs¬
2850 1880 3124 1941 ihr fern liegen
1659 1908 2844 1953 armut des Werkes gibt der Wiener Dichter wie es seine weiche
2836 1915 3196 1973 es sich, daß Ma
1656 1943 2844 1988 Art ist, die Schilderung seelischer Vorgänge in besonders an¬
3159 1942 3312 2001 Das
2843 1950 3102 2008 gabung hat.
1651 1980 3335 2030 gelegten Naturen. Sie haben alle etwas vom sechsten Sinn Wirkung wollte sich nicht
1644 2022 2838 2078 in ihren Vorahnungen und Vorausempfindungen. Den Be¬
3130 2029 3333 2108 hüescsen
1659 2053 2844 2108 ziehungen der Menschen zu einunder, wie sie sich über sich selbst
1658 2080 2838 2159 und andere täuschen haftet etwas Unerfreuliches, fast Schmie¬
1663 2130 2839 2180 riges an. Man sieht auch die Notwendigkeit der gegenseitigen
1658 2165 2852 2205 Enthüllungen nicht ein. Das Schauspiel kann also nicht voll
1662 2206 2850 2250 überzeugen. Das dichterische Endergebnis der schwarzen, schwer¬
1656 2232 2853 2303 mütigen Lebensanschauung ist trostlos: den letzten Weg, den
1656 2271 2850 2339 allerletzten müssen alle Menschen einsam gehen und die
1657 2307 2854 2372 werden am härtesten betroffen, die wie der Maler Julian
1667 2352 2844 2393 Fichtner und der Dichter Stephan von Sala nur ihrem
1663 2375 2863 2448 Ich und der rücksichtslosen Ausnutzung ihrer Vorteile gelebt&
1658 2422 2843 2480 haben. Einen helleren Ausblick gewährt die Gestalt eines
1656 2463 2847 2521 Jünglings, der sich in die Wahl zwischen zwei Vätern gestellt
1660 2501 2845 2550 sieht. Sein Herz wendet sich von dem genialen Selbstling fort
1653 2536 2838 2587 und dem Manne zu, der in seiner schlichten, anspruchslosen Art
1661 2577 2846 2627 ihm in höherem Sinne Vater geworden ist. Das Schauspiel
1660 2612 2839 2665 entbehrt der dramatischen Eigenschaften — es ist eine Novelle
838 2631 972 2697 —.
739 2627 789 2697 82
1654 2644 2836 2706 in Gesprächsform mit schönen tiefen Einzelheiten. Will man
1661 2684 2843 2731 es auf der Bühne geben, muß der Rotstift mit aller Rück¬
2224 2717 2836 2766 dgar Licho hatte die Spiel¬
1656 2715 2130 2779 sichtslosigkeit einsetzen. —
483 2692 978 2785 vom: 1D. UKTOREF
1659 2759 2841 2812 leitung selbst — sie zeigte wohl Verständnis für das Werk, aber
1662 2782 2841 2848 den künstlerischen Grundfehler, daß Herbstimmung, Schwermut,
555 2823 2849 2879 Alberttheater. Das schicksalsreiche Alberttheäter wurde Verzichtleistung, Hoffnungslosigkeit noch doppelt und dreifach
479 2873 2857 2929 gestern unter der neuen Leitung des Direktors Edgar Ad. unterstrichen wurden. Es war, als ob sich Abgeschiedene mit:
2630 2908 2839 2958 t sich zu
490 2917 2592 2967 [Licho eröffnet. Man verkennt nicht, daß die Lage außer=endlosen Pausen unterhielten. Schnitzler hat
487 2939 2848 3000 ordentlich schwierig ist. In erster Linie wurde die Direktions viel Stimmung, man muß nach einem frischen Luftzug
489 2992 2856 3030 wohl auch aus Rücksicht auf das durch die Schwere der Zeit trachten, nicht nach einer Vermehrung der wehmutsvollen
1664 3016 2852 3069 Weichheit. Die Pausen in den Gesprächen und die Schwie¬
484 3018 1673 3067 besonders betroffene Personal zur Eröffnung des Theaters
1666 3055 2842 3099 rigkeiten der szenischen Umbauten dehnten die Auffüh¬
485 3060 1673 3107 bestimmt. Durch die Erkrankung eines Mitgliedes mußte die
1675 3091 2854 3152 rung weit über Mitternacht hinaus. Es war daher zu
492 3093 1662 3147 ursprünglich für den ersten Abend geplante Vorstellung von
1665 3133 2855 3180 verstehen, daß viele Leute abwanderten und daß es vor
490 3131 1673 3183 Fritz von Unruhs Schauspiel „Ossiziere“ abgesetzt werden, sehr
1668 3162 2853 3206 dem letzten Akt wegen der Verzögerung zu ziemlich heftigen
528 3180 1675 3218 um Schaden des guten ersten Eindrucks. Arthur
1677 3194 2856 3264 Unwillensäußerungen des Publikums kam. — Die Darsteller
484 3195 1678 3268 Sch####ers Schauspiel „Der einsame Weg“, das zum
496 3250 2848 3289 Erfan-gespiell wurde, verlangt zu seiner Wirkung eine Fülle befolgten treulich die Anforderungen der Spielleitung und
1671 3285 2853 3342 waren voll Gefühl und Wehmut. Hans Steiner, der den
494 3288 1667 3336 von Voraussetzungen, die hier gerade jetzt nicht vorhanden
502 3324 2860 3371 sind. Es gibt wenig Werke, die der Zeitstimmung so wenig verzichtleistenden Lebenskünstler und Dichter von Sala gab,
1670 3353 2849 3400 hat Vornehmheit und eine persönliche Note, die nur für
491 3355 1667 3407 entsprechen, als dieses schwermutgetränkte Schnitzlersche Stim¬
1671 3384 2853 3446 schwierige Lagen des letzten Akts nicht ganz ausreichte. Seelische
493 3395 1666 3445 mungsstück das bei mancherlei inneren Vorzügen durchaus
487 3427 2860 3489 epigonenhaft nach Ibsen wirkt. Man hat bei den Menschen Zartheit war in dem Spiel von Clemens Schubert zu
482 3468 2858 3536 dieses Stückes heute die Empfindung, sich Schatten und spüren und ein sicheres Gefühl war in Robert Müllers
