3436 4352
1389 245 1865 344 box 23/2
249 257 1275 361 18. Der einsane Neg
1560 1272 1776 1364 —
987 1326 3191 1407 Schuld. Er verzeiht der Sündigen, denn „Mütter spublikums geradezu heraus. Und doch, wie peinlich
2092 1389 3208 1454 klang es in den Ohren, als von Einzelnen der eifrigen
981 1382 2100 1454 und Schwestern sind auch Fräuen“. Doch dem Manne,
155 1366 989 1482 Der einsame Weg. 4#
988 1442 2093 1499 der nun Vaterrechte an ihm geltend zu machen sucht,
2096 1435 3207 1498 Premièrenrichter bei der vorgestrigen Aufführung die
168 1448 990 1542 ung im Frankfurter Schauspielhaus.
2101 1484 3184 1543 beleidigenden Zischlaute ertönten. Denn ausgezischt zu
991 1484 2094 1550 und den er vorher hoch verehrte, ist er nun fremd
2089 1542 3194 1589 werden, verdient der „Einsame Weg“ wahrlich nicht.
183 1524 983 1592 in der Dämmerung durch nebelumflorte
996 1521 2092 1587 geworden. Der große Egvist Julian Fichtner, sich im
2091 1565 3188 1628 Der größte Teil des Publikums verhielt sich völlig
998 1566 2093 1628 Alter einsam und verlassen fühlend, möchte eine
170 1573 986 1634 st. Die Blüten fallen zur Erde, leise
988 1605 2090 1667 Menschenseele, für die sich ihm das Dasein noch lohne;
2094 1616 3197 1681 passiv, denn er wußte nichts mit dem vorliegenden
172 1606 994 1675 otschimmernden Blätter der Bäume und
2098 1661 3192 1706 Werke anzufangen, fühlte aber, daß, wenn es auch
989 1662 2097 1731 er will den einst verlengneten Sohn nunmehr sein
174 1667 988 1724 Märchen aus längstvergangenen Zeiten,
2100 1704 3189 1751 seinen Beruf verfehlt, in ihm doch wertvolle Kräfte
1003 1708 2086 1762 eigen, ganz den seinen nennen. Felix aber fühlt sich
178 1691 998 1754 Svoller Schauer geht durch die Natur.
2092 1750 3186 1810 schlummern. Nach dem ersten Akte blieb alles lautlos,
993 1749 2087 1820 zu dem Manne hingezogen, dem er Erziehung und
166 1749 988 1812 ter und Lebenskünstler, der stets wach
2097 1789 3194 1846 ebenso nuch dem dritten, zum Schluß hielten aber doch
998 1786 2092 1841 Reife verdankt, der ihm und der geliebten Mutter
185 1785 988 1847 spähend einhergeschritten, der mit der
2093 1830 3192 1897 die Beifallskundgebungen nicht zurück. Im Uebrigen
997 1834 2089 1900 seinen ganzen Herzensreichtum entgegengebracht. Dieser,
165 1834 988 1898 erlegenen Beobachters Menschentun und
999 1881 2085 1933 gewohnt zu opfern, doch unbewußt des eigentlichen
2088 1877 3198 1939 ging leider wieder einmal fast der ganze erste Akt
171 1892 1001 1936 äche gegeißelt, er fühlt sich plötzlich von
997 1928 2086 1988 Vorgangs und der Zwietracht in der Brust des Jüng¬
172 1920 994 1977 lischen Dämmern der Natur übermannt,
2096 1945 3200 2027 ersten paar Orchester=Reihen zu sprechen schienen. Die
999 1972 2093 2026 lings, veranlaßt ihn, sich an einer Expedition in Ferne
172 1970 989 2031 als hörte er das Schicksal an die Pforte
2095 2008 3206 2082 Wiedergabe war sonst eine den Absichten des Dichters
991 2011 2090 2057 zu beteiligen und — bleibt allein. Allein und einsam
174 2009 994 2075 still, traumverloren, in grübelndem Er¬
2100 2055 3199 2099 voll und ganz gerecht werdende, und auch in der In¬
1000 2064 2089 2110 wie die andern. Sein zweites, eigenes Kind, die
181 2057 990 2127 elt Arthur Schnitzler einen „ein¬
2104 2082 3204 2153 szenierung war die Stimmung wohl erfaßt, besonders
998 2099 2098 2156 Tochter Johanna, ertränkt sich, da sie liebt und den
224 2095 994 2162 Kein Bühnenwerk, kein berechtigten
2087 2133 3189 2192 in der schönen Szene im Park Salas. Herr Bolz
1007 2141 2099 2202 Getiebten dem Tode geweiht weiß. Und auch dieser,
176 2143 996 2197 rworfenes Drama, keine Menschen, wie er
2096 2178 3201 2241 spielte den dem Tode Geweihten mit aufs Beste ab¬
1003 2192 2092 2248 einer von jenen Rücksichtslosen, wie Fichtner, der
168 2188 1004 2248 schaffen, nur Stimmungen und Träume,
2103 2236 3192 2286 getönter Wirkung, und seine Sprechkunst verdient wieder
996 2228 2091 2291 immer nur genommen und nie gegeben, sieht sich am
175 2230 1000 2287 kein wie der Staub auf Schmetterlings¬
2094 2274 3199 2328 volles Lob. Die traumhafte Gestalt der Johanna
1002 2274 2088 2329 Ende seiner Tage betrogen und, da er den langsam
170 2276 995 2348 kurzes Berühren und sie sind zerfallen.
2099 2313 3193 2373 fand in Fräulein Pollner eine überraschend geeignele
1006 2314 2084 2379 heranschleichenden Tod nicht abwarten will, „bezahlt“
176 2319 992 2380 falle, die da reden und klagen. In geist¬
2096 2351 3201 2421 Vertreterin, und Herr Bauer als Professor Wegrath
999 2352 2090 2423 er vorher die Lebensschuld. Die einzige, die sich mit
168 2363 997 2434 Alelismus sind ihre Lebenspfade neben¬
2092 2404 3191 2464 traf wie immer den richtigen Gemütston. Mit weiser
998 2403 2095 2477 dem Schicksal abgesunden, ist die Schauspielerin Itene
161 2406 1003 2458 gebaut. Professor Wegrath, der warm¬
2107 2449 3199 2509 Zurückhaltung charakterisierte Herr Kirch den Julian
996 2448 2098 2493 Herms, die einstige Geliebte Fichtners. Nur eine
168 2447 988 2515 emiedirektor, verliert die Lebensgenossin
2106 2493 3197 2544 Fichtner, ihm von der Bestimmtheit des einst so selbst¬
996 2484 2099 2549 bittere Reue, ein tiefer Schmerz ist ihr geblieben, sie
171 2495 1001 2554 zwanzigjähriger Ehe, einer Ebe, die auf
2100 2530 3197 2599 bewußten Mannes gerade das gebend, was erforderlich
171 2548 990 2603 Lüge beruhte. Damals, als er die Vor¬
997 2539 2099 2598 hätte Mutter sein können und ist es nicht geworden.
2098 2577 3198 2637 war. In der Szene mit Irene und Felix fand er
1002 2588 2094 2642 Irene Herms trägt allein die wohlbekannten Züge
174 2582 994 2641 ür Hochzeit traf, hatte sich Gabriele dem
2102 2617 3188 2683 auch eine erfreuliche Wärme und Ueberzengskraft.
1012 2624 2098 2692 Schnitzlers, doch auch um ihre Lippen spielt der Zug
174 2621 1007 2682 ürmischen Freunde, dem jungen Maler
2104 2668 3190 2721 Vortrefflich war Fräulein Lange als Irene, ebenso
1002 2674 1424 2740 müder Resignation.
172 2671 1000 2735 ner, hingegeben. Eine plötzliche heiße
2097 2712 3202 2765 Herr Fricke als Felix. Fräulein Boch als Gabriele
1060 2689 2102 2781 Wille und Schickse der Gegensatz, der uns in den
181 2705 1006 2768 strieb sie in seine Arme und beide be¬
2097 2754 3202 2817 und Herr Pfeil als Arzt verdienen nicht minder die
1010 2756 2094 2807 Werken des greisen Norden, Heurik Jbsen, entgegentritt,
176 2757 1004 2823 fliehen. Doch im letzten Augenblick fühlt
2101 2802 2610 2859 allgemeine Auerkennung.
1008 2803 2094 2865 beherrscht den Gedankengang Schnitzters. Doch während
193 2798 1007 2857 iselbstsüchtigen Regungen erfaßt, Neue
2148 2818 3218 2905 Leider war es ein Begräbnis, doch um den Toten ###
1003 2849 2092 2902 es dort das Endergebnis des starren Pessimisten, spricht
172 2854 999 2907 ten Entschlusses. Er will seinem Künstler¬
2099 2887 3207 2936 wird man aufrichtig trauern. Aus dem Rahmen der
1007 2894 2090 2955 hier ein junger Schaffender, der von Stimmungen über¬
172 2892 1006 2963 kesseln anlegen und so zieht er allein in
2100 2924 3200 2990 Schauspielbühne aber herausgenommen wird der „Ein¬
1000 2930 2092 3008 wältigt und — sich in Stimmungen verliert. „Der
173 2935 1001 2994 kaus. Die verlassene Gabriele folgt dem
2108 2973 3202 3028 same Weg“ ein Werk, ein Buch voll mannigfacher
999 2974 2088 3028 einsame Weg“ ist nichts weniger als das, was man
191 2987 1010 3041 Bräutigam zum Altar. Felix, der Sohn,
3029 3023 3155 3092 -im¬
2107 3020 2540 3097 Schönheiten bilden.
1004 3033 2101 3092 von einem Theaterstück verlangt. Das Werk eines
174 3039 996 3083 he geboren ward, ist die Frucht der Ver¬
1009 3074 2100 3131 geistvollen Poeten, eines feinen, seltenen Psychologen,
194 3078 994 3127 ) Gabriele schweigt, da die Offenbarung
2582 3060 2718 3157 —0:—
1011 3114 2105 3163 aber auf der Bühne ohne Lebensfähigkeit. Die ewigen
166 3115 1010 3184 ützen wird. Sie schweigt dreiundzwanzig
1012 3157 2106 3217 Moll=Akkorde ermüden das Ohr, die, wenn auch noch
180 3159 1008 3223 eine Lüge, die so stark, daß sie das Glück
1005 3200 2102 3257 so fein gesponnen, so doch ins Unendliche führenden
184 3215 1001 3261 Kreises erhält, ist besser, als eine Wahr¬
1014 3236 2100 3297 Gedankensäden zerstören den dramatischen Kern. Und
173 3244 1001 3316 trümmert. Mit ähnlichen Worten wird
1010 3291 2101 3348 daß sich gerade Schnitzler über die so offenbare Halt¬
170 3297 1006 3362 nTode Gabrielens die Handlung vom
1007 3333 2096 3401 losigkeit der Form nicht klar gewesen sein soll, ist uns
190 3339 1002 3394 eführt, Felix, der Sohn, erfährt aus
1012 3370 2112 3436 ein Rätsel. Die schleierhafte Motivierung und der ge¬
190 3376 1018 3444 #tungen der Mutter und aus dem Ge¬
207 3440 2153 3521 elufehrten Fichtner die einstige! wagte Aufbau fordern den Widerspruch des Theater=1
