3436 4352
254 290 1879 416 18. Der einsane Nag box 23/1
172 1994 3286 2146 hrem Königspalast und ihren vergessenen Geheimnissen.lihn erwartet, schimmernd von Glanz und Abenteuern, kommen, dem Sohn alles zu sagen. Zu spät. Der Tod
171 2046 3282 2196 In der Schale eines korrekten Nüchterlings, eines Iro=aber ihn allein, den Starken und Freien. So ver= der Schwester hat den alten Professor vollends verein¬
161 2158 3281 2247 ikers, von dessen schmalen Lippen niemals das Lächeln rät er das vertrauensselige Wesen, das ihm gehört, ums samt. Felix fühlt, daß er ihm bleiben muß, was er war.
172 2183 3279 2273 keines überlegenen Spottes schwindet, wenn er mit diesen sich selbst zu retten und seine ungeheure Sehnsucht. Erl Die gütige Lüge muß dauern. Denn wie der kluge und
171 2173 3274 2312 In die Gegenwart verliebten Kindern der Welt redet,flieht voll Angst und Glückseligkeit, aber ohne Reue. Ers resignierte Hausarzt im Stücke einmal schön sich aus¬
2210 2226 3288 2298 drückt: „Eine Lüge, die sich so stark erwiesen hat, daß
2213 2273 3286 2339 sie den Frieden eines Hauses tragen kann, ist mindestens
178 2253 2235 2358 Dü Herz eines Träumers; ein stolzes, selbstsicherers Herz, liebt jetzt seine Freiheit, wie er für Stunden das Weib
176 2297 2226 2408 füber das die Todesahnung leise Schatten breitet. Wasl geliebt hat. Mehr Geist, weniger Haltung . .. Gabriele
166 2314 3280 2436 Er von den Menschen erwartet, liegt in seinem Ab=bezwingt ihren Schmerz, sie schweigt, heuchelt, leidet.s so verehrungswürdig, als eine Wahrheit, die nichts
163 2349 3289 2494 chiedswort an den Freund, einem jener Worte, in denen sie Sie heiratet den Braven, Anständigen und steigt mit ihm anderes vermöchte, als das Bild der Vergangenheit zu
170 2436 3289 2547 fleise mitklingt die große Sehnsucht über den Menschendie glatten Stufen hinauf. Er wird Professor, Akade=zerstören, das Gefühl der Gegenwart zu trüben und die
185 2441 3295 2582 von heute hinaus: „Es scheint mir überhaupt, daß jetzt miedirektor — sie freut sich für ihn und ordnet ihm still Betrachtung der Zukunft zu verwirren.“ Und dieser
177 2547 3293 2628 wieder ein besseres Geschlecht heranwächst — mehr Hal= das Haus. Der Sohn aber, den sie in seinem Haus Hausarzt hat, scheint mir, viel Haltung und Geist.
699 2516 3296 2648 Schade, daß Schnitzler in geboren, ist Julians Sohn, nicht der seine... Sie Dafür verliert er auch das Mädchen, das er heimlich
174 2595 715 2674 tung, weniger Geist!“ ...
181 2572 3291 2709 seinen letzten Stücken sich immer mehr als nicht zu schweigt, heuchelt, leidet. Eine Tochter Johanna folgt liebt, erst an den ironischen Weltmann, dann an den
186 2658 3297 2752 diesem Zukunftsgeschlecht gehörig entpuppt. Er will zul und das Geschwisterpaar wächst in herzlicher Liebe auf.]Tod. Und dafür spielt er in dieser Welt nur die be¬
2230 2652 3297 2739 scheidene kleine Rolle, daß er den Tod aller früher kommen
1207 2689 2250 2760 Schon ist Felix ein frischer Bursch von 23 Jahren, Leut¬
2232 2708 3221 2794 sieht und so wenig aufhalten kann, als die anderen.
172 2715 1223 2802 geistreich sein; und so verdunkelt er künstlich das Klare
1206 2736 2249 2804 nant und voller Pläne für die Zukunft, da stirbt die
2271 2725 3295 2812 Am selben Abend, da Schnitzler mit seinem Drama,
181 2751 1222 2833 und Einfache. Sein Herr von Sala rühmt selbst als
2245 2788 3304 2872 feiner an Geist als stark in der Haltung, den Mißerfolg
179 2778 2245 2887 Wesen seiner Freundschaft, daß er stets die Stichworte Mutter. Nur Johanna, die den visionären Zug des
1214 2824 2245 2894 Leidens trägt, hat es geahnt, wie nah ihr Tod war. Zu
2236 2830 3293 2908 vor dem kritischen Publikum des deutschen Theaters er¬
182 2852 1229 2933 zu geben weiß. Mehr Geist als Haltung .. . Was an
1219 2862 2243 2942 derselben Zeit hat sich das ernste Mädchen — der Dichter
2241 2871 3296 2960 lebe, erfocht die Frische und die forzierte Betonung der
177 2889 1221 2965 der Handlung des Stückes interessant ist, liegt in der
1220 2909 2240 2985 bleibt uns die Erklärung schuldig und legt das seltsame
2240 2915 3303 2997 „Haltung", vor dem bequemeren Publikum des „Ber¬
190 2946 1225 3015 Vergangenheit. Da war ein hübsches, frisches Mädel,
1222 2962 2253 3027 Aufblühen ihrer Leidenschaft in die stets wohltätige große
2237 2951 3323 3045 sliner Theaters“ den hübschen Sieg für Richard
176 2991 1227 3057 Gabriele hieß sie, und sie hatte einen Bräutigam, in dem
1226 3003 2249 3072 Pause — jenem Herrn von Sala heimlich geschenkt. In
2242 3002 3301 3102 Stomnennel=Metant" Da ich im
179 3032 1226 3096 damals schon der Akademieprofessor, der Kunstbeamte
1214 3044 2245 3118 seiner verschwiegenen Villa träumt sie ihr kurzes Liebes¬
2253 3036 3304 3130 „Deutschen Theater“ darüber nachsinnen mußte, ob
192 3073 1227 3146 steckte. Dieser brave und anständige Wegrath, der auch
1217 3072 2252 3161 glück. Er rüstet sich, teilzunehmen an einer Expedition
2247 3084 3310 3172 Schnitzler mit seiner immer größeren Vorliebe für Ge¬
194 3121 1232 3188 in seiner Kunst nie mehr war als eben brav und an¬
1230 3134 2258 3207 nach toten Städten Asiens; sic weiß es. Sie weiß mehr;
2246 3129 3302 3224 heimnis und Ahnung und Untertöne des Bewußtseins
191 3152 1238 3238 ständig — und man ist verflucht wenig, wenn man nur
1228 3175 2259 3251 weiß, daß er das Ziel nie erreichen wird, weil sein Leben
194 3201 1229 3281 das ist, sagen die Menschen, die mehr Geist als Hal¬
1218 3182 3306 3296 nur noch nach Tagen rechnet. Und das wunderliche als Dramatiker ganz dem Okkultismus verfallen wird.
2251 3216 3310 3308 kann ich in Konstatierung des Skowronneck'schen Erfolges
183 3251 1234 3343 tung haben — hat einen Freund, einen genialen Durch¬
1224 3254 2267 3337 Mädchen ertränkt sich im Teich seiner Villa just an dem
2255 3253 3302 3350 nur meinem Gewährsmann folgen. Aber er erscheint mir
189 3282 1240 3366 gänger, voller Keckheit und Zuversicht, einen lachenden
1226 3311 2258 3379 Abend, da der Ahnungslose ihr seine Hand angetragen..
2255 3312 3311 3392 erklärlich. Schnitzler kennt das Leben besser, Skow¬
190 3336 1230 3420 Egoisten, der sich die Blume seines Augenblicksglückes
1223 3324 2262 3428 In denselben Tagen hat Felix die Gewißheit seiner Ab¬
2257 3351 3304 3436 ronneck das Theater. Schnitzler denkt, wenn er Dramen
196 3380 1239 3458 pflückt, und sollte diese Blume — die Braut des Freundes
1224 3389 2264 3466 stammung bekommen. Die Andeutungen der Mutter in
2253 3410 3316 3481 schreibt, an wunderliche Menschen, die er auf einsamen
200 3419 1234 3500 sein. Seine Liebe bringt ihr das Wunder, den Taumel,
2267 3442 3310 3523 Wegen getroffen, Skowronneck denkt an die lieben Leute
190 3435 2259 3539 den Rausch. Sie gehört ihm ganz und will ihm für der Sterbestunde haben im Anblick ihres Jugendbildes
2265 3474 3314 3568 im Parkett, die gern ihr behagliches Lachen hören lassen
198 3472 2275 3593 simmer gehören. In der Nacht vor der Flucht kommt im einsamen Heim seines wahren Vaters ihre besondere
198 3524 2262 3624 er zur Besinnung. Er ist der Kerl, solch schönes Men= Sprache gesprochen; Ahnungen sind heraufgestiegen und
198 3522 3319 3682 schenkind für Stunden selig zu machen in seinen Armen. haben sich zur Gewißhit verdichtet; und Julian, müde, und dann wieder gern rasch ein Tränchen aus dem
195 3608 3317 3713 Aber er braucht Sorglosigkeit und Freiheit. Er weiß,iden einsamen Weg des Alters allein zu gehen ohne die Augenwinkel wischen, eh's wieder hell im Saal wird.
197 3607 3320 3775 daß er nur dieses eine Leben hat; daß dieses Leben stolze Freude an seinem Blut, hält die Stunde für gee Schnitzler tgstet behutsam nach Seelen, die sich hinter
