3484 4256
1080 211 1168 283 W
259 195 1884 323 18. Der einsane deg box 23//3
160 1460 3261 1554 varen und unbezweifelbaren Einheit und wahrscheinlich wieder wählen werden, so werden sie Gott danken, daß ihm sein Privileg
954 1414 3256 1620 Setet ene Kene  e
2099 1599 3256 1659 Kinder Wegraths, Felix (Kurt Stieler) und Johanna
949 1612 2105 1670 weilen so nebenher. Wir Menschen kennen einander nicht. Es ist
175 1580 668 1709 etilleton.
2102 1652 3258 1710 (Irene Triesch), sind sozusagen erst auf dem Wege zur Ein¬
637 1577 939 1740 60
952 1661 2101 1719 vielleicht einer der quälendsten Gedanken für den denkenden
2101 1688 3257 1761 samkeit. Die exzentrische Johanna kürzt ihn auf energische Weise
949 1715 2098 1765 Menschen, daß wir ni in die Seele des anderen schauen können,
176 1710 762 1808 Berliner Gastspiel.
2101 1748 3262 1815 ab. Nur wer dieses Stück in seinem offenbar tiefsten Sinne ganz
951 1754 2104 1812 daß zwischen uns einzelnen undurchdringlich der Schleier der
176 1782 961 1863 ppenspieler": „Der einsame Weg“ Gerhart
2097 1797 3253 1858 erfaßt, fühlt die in ihm ausgedrückte erschütternde Tragik in
958 1802 2095 1859 Maja steht. Aber wenn er auf die Dauer fiele? Wäre das nicht
179 1821 807 1901 „Elga.“ Ibsen: „Rosmersholm.“)
2108 1828 3261 1908 ihrem vollen Umfang. Es ist eines der besten Stücke Schnitzlers.
951 1847 2103 1910 noch schrecklicher? Als nach dem Selbstmord der Johanna ihr
183 1865 953 1944 des Berliner Lessing=Theaters hat uns vor
2098 1894 3255 1943 Aber wie so vieles von ihm, wirkt es mehr bedrückend als be¬
958 1893 2107 1951 Bruder fragt: „Wer hat sie denn gekannt von uns allen? Wer
2106 1927 3251 1996 freiend. Es lastet auf uns. Es vermindert unseren Lebensmut.
170 1922 955 1998 acht. Man sollte annehmen, daß eigentlich
949 1941 2106 1995 kümmert sich denn überhaupt um die anderen?“, antwortet Doktor
2108 1982 3253 2040 Es ist dekadent. Wie schade um diesen feinen Kopf, der bisweilen
164 1982 957 2043 in erster Linie die Pflicht haben sollten,
947 1981 2108 2050 Reumann: „Es ist wahrscheinlich gut so, sonst würden wir alle toll
2107 2035 3256 2089 in blassen Schattenrissen, bisweilen in scharfen Konturen uns
184 2031 958 2091 vorzuführen. Daß wir einige von ihnen
959 2035 2104 2094 vor Mitleid oder Ekel oder Angst.“ Ein weises und gutes Wort. Wir
179 2074 964 2147 eg über Berlin kennen lernen, ist wenig
2100 2063 3264 2139 immer die Lebensphilosophie der Müdigkeit, der Ergebung in
949 2079 2110 2133 erkennen: Was uns ein Fluch scheint, wird uns zum Segen. Die
2097 2103 3258 2188 das unabwendbare Schicksal predigt. Die Erkenntnis der tiefsten
188 2119 954 2185 . Zwar haben wir vor kurzem im Lustspiel¬
945 2123 2110 2182 Grenzen unseres Wesens ermöglichen uns erst das Leben. Aber
2107 2169 3252 2238 Tragik alles Lebens hat für uns keinen Wert, wenn sie uns
183 2174 957 2235 en Einakter „Zum großen Wurstl“ sehen
958 2173 2107 2234 dieses Leben ist bei allem äußeren Getriebe furchtbar einsam, um so
2103 2212 3267 2285 nicht zuletzt, wenn auch auf einem Umweg, wieder ins tätige
186 2219 967 2277 den „Puppenspieler“ noch den „Tapferen
964 2218 2105 2280 einsamer, je weniger wir von unserem Selbst an andere abgeben.
2107 2261 2349 2344 Leben führt.
182 2265 960 2323 ener Bühne bisher aufgeführt. Wohl ist der
959 2269 2112 2327 Das gilt von allen Menschen und das Stück gibt uns eine Reihe
168 2299 954 2365 entlich einer Wohltätigkeitsvorstellung auf¬
2200 2294 3257 2374 Gespielt wurde das Stück im allgemeinen sehr gut. Wo
954 2317 2115 2376 von Spezialfällen. Es gilt natürlich in erster Linie von den
2096 2357 3264 2414 keine große schauspielerische Persönlichkeit stand, da ersetzte ge¬
178 2360 955 2425 das zählt nicht. Gerade der „Puppenspieler“.
949 2365 2101 2419 Egoisten, die sich und die Auslebung ihres Ichs als die Haupt¬
171 2399 964 2472 chwächste Stück der Sammlung.*) Wohl
2112 2383 3265 2467 fällige und ausreichende Routine den Mangel. In erster Linie
966 2407 2107 2467 sache und den wesentlichen Inhalt ihres Lebens anfehen. Julian
2098 2438 3262 2512 steht Frau Else Lehmann, die den liebenswürdigen Frauen¬
181 2453 966 2530 es Georg Merklin interessant. Er
962 2456 2107 2515 Fichtner (Reicher) und Stephan von Sala (Bassermann)
2103 2488 3260 2556 charakter der Irene Herms in ihren wechselnden Stimmungen mit
202 2502 968 2571 anderer Menschen zu leiten, mit ihnen
958 2502 2111 2575 sind solche „Lebenskünstler“. Aber am Ende sagt dieser zu jenem
2107 2532 2801 2619 der ihr eigenen Meisterschaft darstellte.
179 2550 964 2622 en, und muß erkennen, daß er selber auch
958 2548 2114 2622 mit vollem Rechte: „Es graut Ihnen vor der Einsamkeit ... Und
2202 2576 3267 2657 Von G. Hauptmanns „Elga“ möchte ich am liebsten gar
196 2597 966 2655 der Hand des Schicksals ist. Der feine
952 2601 2112 2658 wenn uns ein Zug von Bacchanten begleitet — den Weg hinab
2100 2637 3264 2718 nicht reden. Ich habe nieszu den Hauptmann=Schwärmern gehört,
199 2633 969 2713 dramat Auführung nicht lebendig
953 2637 2102 2703 gehen wir alle allein ... wir die selbst niemandem gehört haben.“
184 2690 965 2760 wirkt die „Studie“ auf der Bühne etwas
2107 2680 3268 2754 aber ich habe immer Freude gehabt an jenen seiner Produktionen,
962 2682 2111 2749 Aber auch die anderen, gewöhnlichen, braven Menschen, sie sind
2103 2736 3271 2805 wo er, ganz innerhalb der Schranken seiner Begabung, etwas
181 2732 963 2801 r. Merklin Bassermanns in seiner
953 2737 2106 2801 alle auf ihre Art einsam, der biedere Professor Wegrath, der, be¬
2096 2777 3256 2842 Gutes gemacht hat. „Elga“ aber ist als Ganzes ein Effektstück.
179 2779 964 2844 keit und Enttäuschung vorzüglich zur Er¬
957 2788 2114 2846 trogen von feinem Freunde, aus dem Munde seines Sohnes, der
2109 2822 3276 2879 Es lehnt sich fast genau an die Erzählung Grillparzers „Das
187 2833 964 2895 dem wurde der „Puppenspieler“ freundlich
963 2832 2115 2902 doch das Kind jenes Fichtners ist, erst jetzt nach zwanzig Jahren
2106 2871 3262 2940 Klosier bei Sendomir“ und verarbeitet sie ziemlich roh zu einigen,
233 2882 968 2939 einsame Weg“ aber rief stürmischen
960 2882 2117 2945 aus dem Munde dieses Sohnes das Wort Vater
2109 2921 3269 2977 fast wäre man versucht, zu sagen: lebenden Bildern. Sie sind
175 2921 967 2990 Dichter mußte immer und immer wieder
966 2918 2119 2989 so hört, als erklänge es zum erstenmal. Seine Frau
2105 2964 3269 3026 zweifellos theatralisch wirksam. Aber ihre Wirksamkeit ist von
182 2974 967 3029 diente die Ehrung vollauf, denn dieses
965 2973 2117 3035 Gabriele, die mehr als zwanzig Jahre an der Seite
2099 3011 3267 3086 jener Art, die dem gebildeteren Geschmack weh tut. Ein Anfangs¬
180 3020 965 3081 Meihe von scharf gezeichneten Charakteren
958 3013 2115 3082 ihres Mannes lebt in einsamen Gedanken der Erinnerung. Irene
2109 3056 3288 3140 und Endbild umrahmen die eigentliche Geschichte, die der im #
959 3071 2115 3134 Herms (Else Lehmann), das nicht mehr junge und doch so jugend¬
187 3068 965 3146 alten, längstbewährten Gedanken in an¬
2108 3114 3272 3183 Kloster übernachtende Ritter träumt. Die Einheit des Traumes
963 3114 2116 3179 frische Wesen, das so zärtlich zu lieben weiß und doch keinen ge¬
187 3135 907 3196 Einakter sind in einem Buche: „Mari
2101 3152 3265 3224 wird hergestellt durch den nächtlichen Chorgesang der Mönche,
960 3155 2109 3222 liebten Mann und kein Kind hat und darin den Schmerz ihrer Ein¬
201 3180 970 3246 e in Berlin enthalten. Auch alle übrigen
959 3206 3268 3279 samkeit fühlt. Selbst bei der Nebenfigur des Arztes (Hans Marr)] der anhebt, wie der Ritter einschläft, und aufhört, wie er aufwacht,
184 3213 855 3296 ufe sind in diesem Verlag erschienen.
