3392 4256
1081 258 1164 333 W
827 252 1070 335 Isüne
1424 262 1900 355 box 2375
261 272 1283 379 18. Der eiag
179 1522 815 1596 présenté deux pièces de John
799 1525 2580 1602 solument des recherches publiques et lui aussi, à son neparition, déter¬
214 1588 822 1646 l'un des auteurs les plus
826 1586 1697 1639 minutieuses. Cette figüre de Lewis don¬
1713 1594 2573 1652 mina chez le public anglais un
186 1614 827 1690 nos voisins, mais dont les
837 1638 1702 1700 nait à l’époque une änimation particu¬
1711 1634 2576 1700 mouvement d’opinion analogue à ce¬
174 1669 824 1720 Fres importées, Loyauté et
836 1674 1695 1733 lière à un spectacle éffleurant des pro¬
1718 1677 2580 1734 lui que Brieux souleva avec la Robe
199 1715 820 1784 sont peut-étre pas les meil¬
817 1717 1691 1767 blèmes antisémites bien éteints depuis.
1705 1714 2576 1783 Rouge. On se souvient que c’est à la
824 1761 1701 1819 Comme la société réunie chez Windsor
1718 1762 2574 1830 suite de cette forte pièce, que certains
822 1802 1696 1864 est extrémement distinguée et hors de
1713 1809 2579 1867 points de la procédure criminelle fran¬
222 1791 824 1877 Loyauté n’était plus une
821 1851 1698 1907 tous soupçons, il est bien embarrassant
1704 1856 2587 1915 çaise furent modifiés de méme, aprés
202 1837 822 1916 pour nous; déja, en fé¬
819 1897 1696 1951 de chercher le coupable. Mais l’enquéte
1714 1894 2576 1956 Juslice, on procéda à des remaniements
188 1885 826 1953 le Théätre Fémina en arnit
1717 1940 2580 2004 dans les formalités des tribunaux bri¬
175 1939 819 1998 adaptation par Mme Léonie¬
824 1939 1698 1995 haineusement pousséé par Lewis révele
1703 1985 2574 2038 tanniqucs. La mème réflexion que pour
194 1988 817 2047 reçue honorablement, sans
826 1990 1703 2055 des circonstances fort graves au sujet
174 2014 824 2088 les erreurs de ces troupes qui
1709 2026 2583 2076 Loyaufé s’impose pour Justice. Clest
815 2018 1710 2098 d’un officier qui est là, le capitaine
1701 2066 2575 2135 une piece qui, visiblement, date déja
183 2067 824 2133 lisités, je parle aussi et sur¬
822 2080 1704 2136 Dancy, et tout le mönde serait d’avis
179 2118 818 2173 les Allemands, aura été de
1712 2116 2578 2180 d’une vingtaine d’années. Ces qua¬
817 2125 1702 2160 de passer sous silencé une affaire tou¬
171 2159 818 2215 ter des ouvrages comme ce¬
1702 2159 2585 2228 tre actes offrent cependant un pit¬
833 2165 1705 2220 chant l’honneur d’un officier anglais
175 2200 813 2259 nt déjà trop et dont le dé¬
1707 2197 2582 2270 toresque assez dramatique, non seule¬
829 2203 1706 2276 sur la plainte d’un juif antipathique.
179 2237 820 2306 ose dire, nous apparaft en¬
1706 2242 2583 2313 ment, nous y voyons fonctionner le tri¬
822 2256 1699 2302 Mais celui-ci quitte le chäteau en cla¬
178 2281 822 2346 nettement à cette heure ou
1703 2292 2580 2356 bunal criminel anglais, mais tout le
822 2293 1696 2349 quant les portes et en menaçant d’un
188 2327 813 2383 rançais s’aiguille incontesta¬
1707 2328 2575 2391 troisième acte, compose d’une série de
830 2341 1704 2397 scandale. Naturellement, ses amis vont
182 2376 820 2447 rs les ouvrages de l’avant¬
1714 2380 2580 2433 tableaux rapides, est un tableau sai¬
832 2382 1703 2438 obliger Pancy à porter plainte contre son
1700 2427 2580 2479 sissant des meeurs pénitenciaires chez
828 2425 1702 2493 calomniateur et, en effet, nous retrou¬
1700 2462 1990 2536 nos voisins.
819 2466 1693 2542 vons tout le monde au troisième acte
183 2448 818 2543 que Loyauté est une sorte
186 2506 824 2580 policier, et l’une des raisons
822 2517 1702 2583 chez le sollicitor qui pousse l’enquéte
1746 2513 2570 2594 Un pauvre diable employé chez un
177 2561 812 2619 eur relative des spectateurs,
824 2558 1701 2625 fort activement; on finit par trouver
1709 2565 2581 2639 sollicitor, se laisse entrainer à falsifier
174 2606 815 2650 Ee genre est également fort
826 2599 1701 2667 la preuve irréfutable de la culpabilité
1700 2624 2575 2691 un cheque, pour s’enfuir en Amérique
170 2648 808 2713 hnez nous. On se sonvient qu'il
816 2642 1702 2706 du capitaine qui se fait sauter la cer¬
1706 2666 2581 2741 avec une femme; mais arrété à
183 2685 815 2747 vol commis chez un riche
822 2694 1528 2764 velle dans une chambre voisine.
1706 2710 1878 2774 temps,
1870 2709 2567 2772 il passe en jugement. Tout
176 2736 820 2783 alors qu'il reçoit dans son cot¬
1700 2742 2580 2815 un acte, comme dans la Fille Elisa, est
872 2747 1690 2821 Tout cela est assez dramatique, mais
172 2778 810 2842 upe d’amis venus pour suivre
1709 2797 2569 2856 consacré aux plaidoiries et au réquisi¬
815 2807 1689 2867 fort mélodramatique, et comme, presque
186 2822 809 2884 de Newmarket. Un soir, en
1704 2833 2578 2907 toire,et le coupable obtenant les circons¬
823 2838 1691 2898 des le début de la pièce, le spectateur
186 2849 809 2927 dans sa chamhre, l’un des
1697 2883 2569 2954 tances atténuantes, n’encaisse que quel¬
832 2891 1689 2947 est déjà perzuadé de la culpabilité de
171 2887 821 2970 rnand de Lewis, constate
1711 2939 2576 2989 ques années de fravaux forcés. Nous
820 2938 1688 3000 T’officier, l’intérêt au lien d’augmenter va
194 2954 272 3008 a
253 2946 814 3005 dérobé un portefeuille
1703 2971 2568 3039 le suivons dans sa prison, et c’est la par¬
823 2984 1688 3035 en diminuant. Blanchar obtint autre¬
190 2999 807 3063 garni, car justement, dans
1695 3019 2575 3075 tie du spectacle certes la plus émou¬
822 3022 1690 3100 fois un vif succès dans le personnage
204 3031 812 3094 il avait touché le prix
1699 3068 2565 3131 vante. Mais, qui a bu boira, et, après sa
829 3077 1355 3145 périlleux du capitaine.
195 3084 815 3142 d’un cheval. Le maitre de
1703 3101 2571 3176 libération, avant réussi à retrouver sa
181 3116 822 3174 fort ennuvé, hésite à faire
1192 3134 1320 3215 4
1700 3152 2560 3216 place, le malheureux récidive et se sui¬
178 3166 822 3221 police,mais le volé, Lewis,
856 3187 1686 3266 La täche était moins aisée deux ou
202 3204 823 3273 depuis longtemps. souléve
823 3239 1700 3322 trois jours après pour suivre l’autre
1731 3239 2558 3324 Je vous conte ce que j'ai pu saisir par
185 3247 820 3307 de la haute société dans la¬
179 3292 2571 3372 réussi à se glisser. exige ab- 1 ouvrage de Galsworthy, Justice, qui,  le jen des acteurs, car à l’Odéon
2593 1532 3358 1602 comme au Gymnase, on s’est peu pi
2589 1598 3348 1651 cupé de fournir aux spectateurs f
2582 1639 3326 1695 çais un résumé qui leur ent été s
2578 1689 3343 1731 cessaire; d’ailleurs, les program
2582 1722 3306 1784 manquaient absolument Tautre
2582 1779 3289 1826 il me fut impossible d’en trou#
2582 1819 3309 1869 Ces représentations éträngères
2585 1861 3303 1911 raient besoin d’étre préparées äve
2592 1905 3293 1960 de soin, et c’est à cette apparenté
2580 1942 3309 2004 gence qulil faut certainement ätt
2593 1992 3323 2042 une partie de l’insuccès matériel de
2592 2033 3306 2089 lemands et des Anglais. Les R
2586 2077 3313 2127 eux, s’adressaient specialement à
2589 2116 3324 2179 pulation juive, qui est considéra
2585 2157 3332 2214 Paris, et ils cft tout de méme tait
2585 2201 3343 2272 ques belles recettes boulevard Sä
2589 2233 3360 2316 Martin. L’interprétation Justien
2588 2282 3335 2340 paru en somme assez „dible.
2575 2327 3352 2389 M. Lion, le dévoyé, dans le röle pri
2581 2380 3361 2435 pal, qui a montré du métier et de
2585 2428 3353 2485 périence, surtout aux tableaux de la
2588 2454 3362 2538 son. je ne vois pas grand'chose à##
2638 2515 2703 2561 r.
2620 2529 3338 2606 Les décors, comme d’habitude,
2581 2582 3346 2653 taient point fameux, et cette gra
2583 2638 3354 2691 salle de l’Odéon, lorsqu'elle est, con
2586 2679 3306 2732 ce soir-Ià, aux trois quarts vide,
2574 2726 3350 2785 un ennui redoutable. Je continue à
2583 2768 3360 2826 ser qu'à part les représentations de
2573 2811 3356 2866 sermann, cette saison exotique ne#n
2586 2854 3353 2911 aura rien apporté de bien intéressan
3147 2901 3360 2974 ANTOIN
2597 2960 3359 3026 P.-S. — Tavais incidemment conté,
2576 3016 3347 3075 T'affirmation de personnes que j’avais
2567 3063 3355 3117 lien de considérer comme bien inform
2576 3104 3323 3154 que Fresnay insista fort jadis peur
2572 3135 3328 3197 engager à la Comédie-Française une
2578 3174 3355 3223 comédienne qui lui tenait de près. L'art
2579 3219 3353 3267 me prie de démentir ce racontar ei
2571 3248 3356 3322 fais volontiers. Son affirmation catég
2561 3304 2995 3372 que clôt l’ineident.
