3484 4320
1414 309 1940 420 box 23/2
330 322 1344 413 18. Der einsane eg
994 1232 1356 1336 Lobetheater.
925 1272 1778 1394 „Der einsame Weg.“M0, %
611 1385 1813 1450 Bei der Uraufführung im Berliner Lessinatheater am 13. Fe¬
514 1437 1817 1500 bruar 1904 wurde Arthur Schnitzlers neueste. Schauspiel von
515 1475 1823 1543 den Zuschauern mit verständnisloser Kühle ausgenommen. Unsere
523 1541 1825 1603 Theaterleitung verdient Dank, daß sie trotz dieses Mißerfolges die
531 1575 1818 1648 Verpflichtung fühlte und erfüllte, welche unseren Bühnen gegen
520 1633 1823 1693 einen Dichter vom Werte Schnitzlers obliegt. Und erfreulicherweise
514 1660 1812 1723 war die Aufnahme von Seiten des Breslauer Publikums eine der¬
523 1721 1819 1782 artige, daß, wenn zunächst auch vorsichtiger Weise zuerst nur zwei
515 1775 1821 1822 Vorstellungen angesetzt waren, zweifellos noch weitere erfolgen werden.
522 1810 1821 1878 Einen großen äußeren Erfolg wie „Liebelei“ und „Freiwild“ kann ja
516 1869 1821 1920 das neue Werk des besten der zeitgenössischen Wiener und vielleicht aller
516 1918 1809 1968 lebenden deutschen Dramatiker nicht erzielen. Die starke Gedanken¬
513 1962 1820 2017 befrachtung und die äußere Handlung stehen bei diesem Stücke
521 2010 1817 2072 nicht in so glücklichem Gleichgewicht, daß das Schiff die stürmische
524 2060 1817 2100 Brandung, die an dem Hafen der Theatererfolge so vielen Fahr¬
527 2092 1819 2165 zeugen verderblich wird, ohne ernstliche Schädigung durchbrechen
516 2137 1818 2199 könnte. Andererseits hat Schnitzler seine starke Begabung für die
525 2191 1820 2264 Bühne auch diesmal nicht verleugnet. Die alte Erfahrung, daß
511 2245 1819 2309 die Aufführung dem bloßen Lesen gegenüber in so vielen Fällen
518 2291 1809 2359 eine Überraschung bereitet, sei es nun eine, welche die Wage zum
511 2346 1813 2390 Steigen oder Sinken bringt, hat sich auch diesmal wieder bewährt.
517 2395 1806 2451 Obwohl „Der einsame Weg“ in den beiden letzten, besonders im
514 2437 1805 2499 vorletzten Akte tote Stellen aufweist, hat doch die Verkörperung
514 2486 1809 2544 des Dramas auf der Bühne manche bei der Lesung!) aufsteigende
520 2518 1809 2590 Bedenken beseitigt und die Verwandtschaft des neuen Dramas mit
511 2579 1810 2640 Schnitzlers vorangehenden Werken wie seine Beziehungen zu anderen
523 2619 1557 2686 Dichtungen in anziehender Weise hervortieten lassen.
616 2673 1808 2737 Hatte Schnitzler nach den übermütigen psychologischen Liebes¬
512 2721 1808 2773 szenen des „Anatol“ in „Liebelei" und „Freiwild“ den Leicht¬
512 2764 1801 2821 sinn in Anknüpfung von zarten Verhältnissen und die Frivolität
519 2813 1807 2873 in Behandlung schutzloser armer Mädchen in realistischen Auf¬
509 2870 1800 2928 tritten zweier sozialer Schauspiele packend geschildert, so schritt er
510 2916 1809 2958 in seinen zwei Einakterreihen dazu fort, gewisse sich ihm auf¬
511 2953 1807 3005 drängende Probleme ernster Lebensphilosophie nach den ver¬
522 3006 1800 3059 schiedensten Seiten hin in bunten Bildern zu beleuchten. In der
507 3058 1805 3117 nach dem Schlußstücke des „Grünen Kakadu“ benannten Einakter¬
501 3104 1803 3163 trilogie haben wir das in dem einleitenden „Paracelsus“ scharf hervor¬
515 3150 1811 3210 gehobene Thema des wunderbar verwirrenden Ineinanderspielens von
512 3200 1797 3244 Schein und Sein. Stand einstens über der Eintrittstüre von Shake¬
508 3244 1804 3311 speares Bühne die Aufschrift: „Totus mundus agit bistrionem“
503 3295 1807 3347 so gelangt der ernstforschende Paracelsus zu der Einsicht: „Wir
640 3370 1801 3449 Die Buchausgabe (166 S. 8°) erschien im Verlage von S. Fischer,
508 3398 1004 3475 Berlin 1904. Preis 2 Mk.
1838 1208 3132 1291 spielen alle, wer es weiß, ist klug.“ In der zweiten Einakter¬
1836 1287 3127 1349 tetralogie, den „Lebendigen Stunden“ erhält die Betrachtung von
1840 1326 3125 1402 Sein und Schein die besondere Anwendung auf das Verhältnis
1836 1369 3134 1429 von Kunst und Leben. Dort treten in dem erfolglos ringenden
1830 1429 3125 1486 Journalisten Rademacher und dem ruhmgekrönten, innerlich ge¬
1835 1469 3121 1525 beugten Dichter Weihgast der „Letzten Masken“ schon zwei
1835 1522 3120 1574 solche Personen entgegen, die für ihr Fühlen und Leiden nirgends
1845 1574 3125 1635 auf ihrer ganzen Lebensbahn verständnisvolle Teilnahme gefunden
1831 1614 3126 1687 haben. Und wieder begegnen wir einem solchen Einsamen, der
1832 1664 3111 1716 sich aber absichtlich allein hält, um seinem Stolze nicht das Ein¬
1838 1706 3126 1780 geständnis des Schiffbruchs großer Hoffnungen und Pläne ab¬
1828 1758 3127 1815 ringen zu müssen, in der einaktigen Studie „Der Puppenspieler“.
1835 1807 3127 1869 Schon im „Puppenspieler“ ist auf die äußere Handlung wenig
1833 1851 2112 1915 Wert gelegt,
2165 1852 3123 1928 es dem Dichter nur auf die Darlegung des
1836 1891 3119 1971 Seelenzustand, des herabgekommenen Dichters ankommt. In
1832 1950 3115 2014 seinem Schaus #'e hat Schnitzler die traurige Wahrheit, wie wenig
1840 2000 3108 2053 ein Mensch dem andern sein könne, wie einsam und unverstanden
1832 2033 3120 2111 jeder sein innerstes Seelenleben dahinl##e, nun zum dritten Male
1826 2097 3110 2150 in dramatischen Gestalten zu verkört#rn gesucht. Aber die er¬
1828 2147 3111 2201 neute Gestaltung der den Dichter ief ergreifenden Idee und
1828 2189 3084 2255 Empfindung hat doch ein völlig ab ichendes Gepräge erhalten.
1912 2243 3114 2309 Man könnte den „Einsamen beg“ ein Thesenstück nennen.
1827 2283 3119 2340 Wie in den beiden Einakterreih handelt es sich dem Dichter
1825 2338 3114 2386 darum, eine herbe Erfahrung in hren verschiedenen Spiegelungen
1828 2393 3117 2438 darzustellen. Aber er will diese verschiedenen Spiegelungen nur
1833 2437 3118 2494 innerhalb eines einzigen Dramas vorführen. Statt der drei oder
1829 2485 3106 2548 vier selbständigen Einakter versucht er ein Schauspiel in fünf
1825 2531 3104 2598 Aufzügen. Die Lösung der dadurch bedeutend schwieriger gewordenen
1829 2576 3108 2643 Aufgabe ist, das läßt sich schwerlich leugnen, dabei keineswegs so
1824 2623 3108 2679 restlos wie bei den Einakterreihen geglückt. Aber wenn man das
1829 2670 3116 2738 von Schnitzler gestellte Problem näher ins Auge faßt, so erscheint
1818 2711 3114 2779 sein Schauspiel doch sehr beachtenswert. Ein so guter Kenner der
1817 2771 3105 2824 neueren Bühne wie Heinrich Stümcke hat in der Sammlung seiner
1823 2823 3105 2881 Theaterkritiken?) von dem „Einsamen Weg“ gerühmt, er sei ohne
1822 2861 3108 2932 unmittelbare Nachahmung „der bislang wohl bedeutendste Versuch,
1818 2915 3114 2979 nach Ibsens mikrokosmischer Methode Menschen und Menschen¬
1826 2950 3111 3030 schicksale miteinander in Beziehung zu setzen, die feinen und leisen
1826 3009 3107 3061 Übergänge und Zusammenhänge aufzudecken und ein Lebensbild
1821 3053 3098 3117 vor uns aufzurollen, das wie bei Ibsen nur der letzte Akt einer
1825 3102 3104 3170 langen und komplizierten Vorgeschichte ist". Das Vorbild Ibsens
1823 3154 3091 3217 und seiner analytischen Technik ist allerdings im „Einsamen Weg“
1821 3202 3106 3260 ebenso unverkennbar, wie bei Stefan von Salas Schilderung der
1823 3245 3100 3305 Ausgrabung von Ekbatanas versunkenen Herrlichkeiten Töne aus
1834 3284 3103 3356 Gabriele d'Annunzios Tragödie „Die tote Stadt“ vernehmlich
1878 3382 3110 3442 2) Die vierte Wand. Theatralische Eindrücke und Studien. Leipzig,
1816 3414 2887 3497 Verlag von Georg Wigand 1904. 408 S. 80. Preis 6 Mk.
3140 1226 3423 1302 antlingen. A
3136 1290 3425 1345 doch in mehr
3135 1330 3434 1398 Meisterschaft z
3145 1381 3419 1446 den Personen
3136 1423 3421 1496 welcher stets
3137 1474 3433 1537 erreichen verm
3131 1521 3426 1591 Band von Jo
3138 1567 3423 1629 Herr Bernau
3133 1617 3424 1680 hüllungsgeschick
3136 1663 3429 1736 leidenschaftliche
3136 1709 3423 1772 Arme und in
3132 1758 3438 1840 liegt in der I
3146 1801 3402 1870 Erzwungenes
3131 1853 3428 1919 Wegen vorzufü
3212 1903 3430 1968 Zwei Ty
3133 1944 3420 2012 einige verwan
3141 1997 3413 2062 „Schleier der
3123 2045 3420 2106 versprechenden,
3128 2093 3430 2153 Julian Fichtne
3129 2138 3433 2213 und raffinierte
3122 2183 3436 2260 nur Mittel zur
3126 2235 3412 2303 sind. Er hat
3128 2275 3430 2348 gegeben, wie er
3126 2330 3401 2401 werden kann;
3127 2377 3391 2441 wie die jetzt
3122 2424 3426 2496 egoistischen Fa
3121 2471 3411 2537 Gefühle seiner
3130 2516 3423 2581 die Vermutung
3124 2560 3418 2631 aber endlich Il
3129 2617 3426 2683 diese verzweifel
3123 2665 3426 2721 einsam sterben
3127 2710 3428 2770 Fichtner in üb
3119 2757 3425 2823 leichtsinnig hat
3122 2805 3419 2867 verlassen, wie
3130 2855 3425 2925 Schauspielerin
3129 2901 3420 2963 hinwegscheuchte.
3117 2952 3422 3012 wandeln. Nun
3120 2997 3430 3067 im herannahend
3118 3044 3416 3107 ihn gekommen.
3125 3092 3421 3157 von ihm empfa
3112 3128 3411 3202 Wegrath (Herr
3122 3182 3429 3250 und Stütze für
3127 3235 3419 3299 sich von ihm a
3120 3284 3422 3342 und seine Mut
3125 3328 3412 3391 seiner Mutter 2
3112 3376 3417 3440 Vater verehren.
3118 3424 3418 3508 künftig seinen
