3484 4352
-8 2689 73 2749 itt
1080 385 1138 448 W
815 386 974 454 1S a
255 360 1901 480 18. Der ej. ne Leg box 23/5
988 1550 1103 1630 B
958 1609 2117 1677 auch sprechen muß, so mit dem Geist dieser Stimmung zu
966 1655 2115 1706 füllen, daß sie die harten Konturen verlieren und sich dem
215 1630 813 1729 einsame Weg. %
963 1690 2120 1743 Schleierbilde mühelos anbequemen. Er sagt es ohne den Unter¬
211 1696 582 1774 Mlen von Arthur
720 1696 841 1756 kler.
958 1724 2124 1781 ton großer Leidenschaft, er singt kein Lied wilder Verzweif¬
254 1738 943 1819 Abend des=urschei= Wraters.
968 1761 2123 1824 lung, nicht einmal ein bewegliches Klagelied, nur ein graues
962 1808 2123 1855 Gedicht, von dem man meint, es könne nie ein Ende finden.
246 1802 942 1871 Das Wort, das du frisch und lebens¬
1045 1846 2106 1907 Es hat auch keines gefunden. Willkürlich ist der Rahmen,
193 1843 956 1907 Endest, ist schon im nächsten Augenblick
966 1881 2118 1931 in den es Schnitzler gespannt hat. Die Töne des Liedes
205 1888 957 1941 ngenheit versunken. Das Glück, der
970 1912 2118 1982 schwingen üer ihn hinaus. Ein Drama ist das Werk nicht
222 1929 950 1986 ans Herz greift, ruht morgen schon im
964 1959 2121 2007 #u nennen, und die Dramentechnik ist aufs sträflichste verletzt.
198 1967 950 2030 iewillst du die Stunde halten? Sie
955 1991 2123 2050 Die Komposition läßt so gut wie alles zu wünschen übrig, und
207 2008 958 2066 oder unbarmherzig hart, aus den Hän¬
962 2029 2127 2085 es fehlt vor allem an einem festen Standpunkt, den der Autor
224 2052 953 2108 eh du ihren letzten, ihren tiefsten Sinn
973 2062 2118 2132 seinen Personen gegenüber einnimmt, an einem sichern
221 2081 959 2146 über alles! Und nur eins bleibt dir:
967 2116 2117 2165 Augenpunkt, unter dem er die Gesamtheit der Dinge sieht.
229 2134 953 2180 ie stehen dir vor dem Auge, im Wachen
969 2150 2113 2206 Ich weiß natürlich sehr wohl, daß eine tiefere Absicht hierin
209 2172 952 2227 llen dir die Seele mit Wünschen, mit
967 2189 2127 2254 liegt. Eine Gesamtheit der Dinge soll es eben für Schnitzler über¬
212 2207 953 2258 r von Glückseligkeit und einem tieferen
963 2227 2124 2298 haupt nicht geben, keine auch noch so versteckte Polyphonie,
216 2252 954 2308 Schwermut. Sie sind wie gute Schau¬
973 2267 2123 2325 kein Ineinanderwachsen, Sichumeinanderranken r Töne.
219 2287 952 2343 unden, aus denen sie sich Kraft genug
972 2297 2126 2359 Nebeneinander, nicht miteinander ziehen die Menschen seines
215 2330 955 2380 ben, dir als die Wahrheit zu erscheinen.
970 2337 2126 2408 Dramas ihren Weg; diesem Inhalt soll die Form entsprechen.
220 2371 953 2422 nderes, als Trug und Schein, Schemen,
976 2378 2128 2444 Ich verstehe wohl; aber ich bin verpflichtet, zu konstatieren,
210 2410 955 2460 test die Arme nach ihnen aus, sehn¬
973 2417 2130 2478 daß Schnitzler hier die Grenzen, die sich unsere heutige Büh¬
232 2444 949 2493 und narrend, dich äffend, weichen sie
975 2457 2125 2525 nenkunst gesteckt hat, zu rasch entschlossen überschritten hat.
217 2472 955 2553 in das Meer des Nebels, aus dem sie
1060 2495 2119 2561 Es führen so wenige und so gebrechliche Brücken von der
240 2527 503 2588 über alles!
976 2533 2132 2596 Stimmung dieser Sichtung hinüber zu den rohen Tatsächlich¬
237 2548 954 2629 du diese Qual ertragen. Es führen
975 2576 2116 2647 keiten des Lebens, daß Schnitzler den Weg nur selten ohne
215 2612 953 2663 Leben, einsam aber sind sie alle. Wir
968 2612 2123 2674 allerlei kleine Unfälle und Zufälle gefundn hat. So sei es
224 2647 960 2710 hander, Worte, die ein Verstehen vor¬
981 2653 2122 2718 auch mir erspart, ihn zu gehen, und durch den sehr wenig
233 2686 961 2753 Zusammengehörigkeit, Worte der Herz¬
967 2694 2129 2767 rentablen Versuch, einzelne Vorgänge aus dem Ganzen her¬
227 2727 957 2789 it. Aber sit gehen am Ziele vorbei.
979 2736 2119 2806 auszulösen, den Eindruck der Stimmung, die ich anzudeuten
218 2769 967 2825 und ein hohles Echo gibt uns zurück,
983 2780 2127 2837 suchte, herabzubrücken. Man begnüge sich damit, zu wissen,
233 2809 956 2861 hend in die Welt hinaussandten. Wir
981 2819 2129 2887 daß in blassen Tönen eine Reihe von Lebensschicksalen ge¬
240 2848 962 2899 ; du nicht mich, ich nicht dich. Und
968 2853 2117 2924 zeichnet werden. Sie sind sehr verschieden, und gleichen sich
238 2883 964 2941 die Leidenschaft an deine Türe klopft,
972 2891 2126 2954 doch in dem einen Punkte, daß sie alle auf jene schlimme
228 2929 961 2981 ist eine Betrügerin, eine schlimme Zau¬
972 2943 2131 2999 Weisheit hinauslaufen, zu deren Verkünder sich Schnitzler
232 2968 965 3022 finste und Kniffe der Lüge, sie jagt dich
982 2973 2136 3032 machen möchte. Eina dieser Seelen ist um einen Grad lei¬
231 3001 969 3058 h der Seligkeit, aus dem du dann zu
970 3019 2130 3080 denschaftlicher, tiefer gefärbt. Sie trägt dies hoffnungslose
227 3044 963 3096 Wahrheit erwachen mußt. Glaube ihr
982 3064 2132 3126 Dasein nicht, verfällt der Liebe und verfällt dem Tode. Die
240 3091 969 3132 deiner Pforte! Lächelnd vertreibe sie,
974 3099 2079 3182 anderen ziehen, ein unfröhlicher Zug, ihre Straße weiter.
226 3121 971 3177 erzbrechenden Glück deiner Einsamkeit!
1061 3154 2127 3204 Schnitzlers Drama sand gestern eine sehr kühle Auf¬
242 3162 975 3221 uns Schnitzler mit seinem Werke zu
981 3180 2133 3245 nahme. Der erste Akt fiel ganz ab, nach dem zweiten und
239 3200 968 3253 it einem müden, lässigen Achselzucken,
978 3217 2144 3286 auch noch nach dem britten gab es einigen freundlichen Beifall,
242 3233 978 3288 gewordener Resignation. Sagt es in
983 3262 2140 3323 nach dem vierten und fünften rührten sich nur noch ein paar
237 3275 973 3326 klodie, die nicht viel Tiefe hat, aber
973 3303 2128 3360 einsame Hände. Auch der Teil des Publikums, der die Schön¬
238 3312 960 3369 önigkeit doch beinahe tief wirkt. Er sagt
977 3338 2129 3397 heiten der Dichtung wohl erkennen und würdigen konnte, war
235 3358 973 3407 geschickt, denn es ist ihm schwer, die
254 3403 2136 3456 ens, von denen ein Drama denn doch eher gequält und gepeinigt als erwärmt und interessiert. Da¬
2135 1599 3291 1662 Thema war bedeutsamer als sein Dichter, und wir murrten
2129 1646 3287 1698 ob des Mangels an großer schöpferischer Kraft, ob des völligen
2134 1697 3288 1743 Fehlens des Temperaments, das schließlich die hohe Kunft
2131 1727 3283 1781 niemals ganz entbehren kann. Die Wut oder die Verzweif¬
2129 1773 3288 1817 lung hätte statt der Resignation die Feder führen sollen. Das
2136 1802 3288 1855 Thema schreit nach dem großen elementaren Gewitter, dem
2139 1846 3295 1913 entweder die Klärung des Himmels oder der Untergung fol¬
2137 1891 2344 1960 gen muß.
2205 1905 3280 1994 Mit der Aufführung (Regie Karl Ludwig Schröder)
2138 1963 3294 2035 kann ich mich nicht einverstanden erklären. Sie brachte die
2130 2011 3288 2067 monotone Melodie, nach der Schnitzler schuf, viel zu wenig
2130 2050 3296 2110 zu ihrem Recht. Wie der Klang des Tropfenfalles in trost¬
2138 2099 3283 2144 losr Regenstunde, so hätte sie unaufhörlich an unser Ohr
2136 2133 3285 2185 dringen müssen. Immer wieder, ohne Hoffnung. immer wie¬
2126 2173 3287 2219 der. Das fehlte, und so kam es, daß die Dichtung in der
2129 2216 3286 2267 Aufführung noch viel mehr des inneren Halts und Zusam¬
2131 2253 3285 2309 menhalts entbehrte, als es bei der Lektüre des Buches der Fall
2135 2305 3282 2345 ist. Das ge#inge Verständnis, das die meisten Darsteller der
2134 2330 3284 2381 Art des Werkes entgegenbrachten, mußte in gleicher Richtung
2141 2362 3293 2428 wirken. Eine genaue Kritik der einzelnen Leistungen würde
2122 2420 3283 2478 hier zu weit führen. Es sei nur erwähnt, daß Franz Schöne¬
2134 2451 3295 2524 mann sich seiner Aufgabe, trotzdem er in den Mittelakten
2134 2488 3284 2542 einmal in ein böses, allerdings durch den etwas unnatürlich
2135 2526 3296 2598 gehaltenen Dialog leicht zu erklärendes Pathos verfiel, am
2128 2571 3285 2636 glücklichsten entledigte. Man hörte bei ihm des öfteren sehr
2139 2610 3289 2689 untime echte Töne. Gertrud de Lalsky hatte einzelne gute
2142 2653 3294 2725 Augenblicke, Angelina Gurlitt erschien interessanter, Paul
2141 2690 3286 2754 Paschen viel uninteressanter als bisher, und Richard
2150 2729 3297 2794 Schlaghamer und Julius Straßmann gaben sich
3104 2774 3246 2823 E. B.
2130 2785 2733 2831 mit ihren Rollen große Mühe.
