3484 4320
1120 310 1187 374 K
836 309 907 372 n
958 317 1044 372 6 M
1463 313 1932 408 box 23/5
324 304 1336 413 18. Der ejnsane deg
410 1394 1456 1522 München-Augsburger Abendzeitung
940 1501 1456 1672 9 9 Juni 1927
1621 1659 3420 1709 nichts ahnenden Gatten, der nicht der Vater ihres sie wissen mit dem Herrn von Sala des
895 1660 1482 1751 Arthur Schnitzler:
1644 1701 3412 1751 Sohnes ist, einer frühen Auflösung entgegensiecht; samen Wegs“, daß „Stunden wie diese ver
1654 1740 3402 1784 Felir, der Sohn zwischen zwei Vätern; die Toch= zu Worten, die am nächsten Tage nicht mehr
884 1658 1471 1819 „dereinsane wbeg¬
1645 1777 3414 1827 ter Johanna, die an der abgeschmackten Wirklich= sind“; aber sie leben von diesen Stunden fü
821 1790 1541 1868 Erstaufführung im Schauspielhause
1641 1820 3383 1870 keit des Lebens zerbricht und in den Tod aeht, Stunden, und immer wieder geben sie
1652 1858 3414 1905 weil der Dichter, den sie liebt, sterben muß; der Rausch der Stunden hin mit Helene von ##
755 1845 1649 1915 Die Melodie des Schlafliedes für Mirjam war
1653 1894 3375 1935 Dichter Stephan von Sala, dem Veranlagung, die den „Jungen Medardus“ liebte:
692 1898 1647 1955 im weiland jungen Wien sehr beliebt. Mit Ri¬
1650 1928 3415 1975 Erfahrung und ein krankes Herz die Fähigkeit, Stunde, losgelöste, einsame in der Zeit
705 1946 1646 1998 chard Beer=Hofmann, der die Klage um das
1657 1974 3413 2021 am Leben teilzunehmen, zerstört haben, und der bist mein!“ Wenn der Rausch verweht, der 1
692 1984 1648 2045 ewige Einsamsein im Refrain ienes Liedes
1650 2014 3412 2057 das schon geöffnete Tor ins Nichtmehrsein frei= verblüht ist, bleibt Erinnerung, das einzig
696 2026 1570 2085 zu lyrischer Vollkommenheit präzisierte
1646 2051 3385 2106 willig durchschreitet; der Maler Julian Fichtner, liche. Man kann an der Erinnerung
697 2052 1655 2110 „Blinde, so gehn wir und gehen allein; keiner
1651 2075 2605 2134 der die Geliebte einst verließ, sein Leben ver¬
2588 2086 3402 2131 man kann auch mit ihr weiterleben, alles
695 2104 1650 2151 kann keinem Gefährte hier sein“ —, im Verein
1651 2122 2609 2183 zettelte und vom Sohn, da er sich ihm zu erken¬
2595 2114 3426 2184 vergleichen, alles schal finden, um freiwill
697 2135 1659 2188 mit dem Dichter des Grafen von Charolais haben
1658 2165 2606 2215 nen gibt, verlassen wird; die Schauspielerin
2592 2170 3410 2214 Ende zu machen; denn sie wissen, die Ein
710 2182 1655 2230 Hugo von Hofmannsthal und Arthur Schnitzler
1656 2190 2614 2255 Irene Herms, die dem Künstler gleichfalls Ge¬
2595 2203 3420 2259 mit dem Geliebten Beatricens, daß nu
705 2222 1656 2270 oft und gern die schwermütige Weise gesungen,
1650 2233 2588 2293 liebte war und die nicht Mutter werden durfte
2600 2241 3414 2304 Werk“ das große Werk, zu dem sie nicht un
707 2258 1655 2305 und nicht einmal Hermann Bahr und Peter
1649 2281 2604 2331 um ihres Berufes willen; der Arzt, der die Toch¬
2597 2267 3414 2330 mehr fähig sind, vom Fluch der ewigen
702 2297 1664 2351 Altenberg, die Temperamente eines erlauchten
2601 2325 3415 2366 gänglichkeit zu erlösen vermag. Der einsan
708 2315 2605 2374 Kreises, sind völlig taub gewesen für die füße ter liebt und aller Schicksal sich vollenden sieht,
2604 2350 3415 2417 führt in den Tod, so oder so: „Gibt es ein
697 2359 2610 2413 Trauer des Liedes. Schnitzler, Arzt und zwei= ohne helfen zu können; — sie alle gehen ihren
1651 2400 2612 2440 einsamen Weg. Sie wissen um ihre und der an¬
2602 2397 3413 2442 ständigen Menschen, der in irgendeiner
703 2407 1658 2476 fellos der an Geist Reichste unter den Ge¬
2587 2433 3411 2488 Stunde in tiefster Seele an etwas anderes
1649 2437 2597 2486 deren Einsamkeit, und dieses Wissen gibt ihnen
694 2457 1649 2514 nannten, die mit einigen Geringeren eine
2608 2477 3415 2518 Denen, „die über den Höhen des Lebens
1653 2474 2598 2528 Abstand zu den Dingen, zu den Menschen und
696 2484 1648 2550 „Schule" bildeten, hat die Psychologie des Ein¬
2596 2518 3416 2571 ist der Weg vorgezeichnet: dazumal, als S
1655 2516 2606 2563 zu sich selbst und schenkt die große, alles ver¬
695 2528 1660 2580 samkeitsgefühls dichterisch niedergelegt. Keines
2596 2549 3420 2599 für die Einsamen das Wort ergriff, wie
1657 2551 2598 2598 stehende Duldsamkeit und die große, alles durch¬
705 2567 1657 2626 seiner Werke, die jüngsten einbegriffen, entbehrt
2605 2589 3402 2636 wie stets. Wer das Schimmern seiner
1647 2584 2602 2641 schauende Resignation. Sie sind dem Leben nur
693 2597 1652 2662 eines Nachhalls jener Melodie: einigen ist sie
2601 2622 3422 2682 Seele in den Vorgängen des Schnitzler=T
1652 2630 2600 2673 durch ihre Vergangenheit, ihre Jugend verbun¬
700 2637 1648 2698 Thema oder einziger Inhalt. Zu vollerem Tö¬
2597 2662 3415 2726 erkennt, läßt sich noch immer gern von
1650 2669 2608 2722 den, und die Jungen, die keine Vergangenheit
703 2685 1655 2734 nen verbunden mit einer anderen, verwandten
2596 2705 3407 2768 sanften Hand den stillen Weg durch das
1657 2711 2599 2755 haben, träumen von dem Leben, das sie vor Zei¬
698 2713 1657 2774 Melodie — der von der Fülle des Daseins, dem
2595 2739 3405 2786 Land führen. Die Zeit=Stimmung freili
1660 2734 2612 2805 ten in fernem Land und in anderer Gestalt ge¬
703 2764 1655 2814 Grauen vor dem Tode und dem Wissen um
2595 2782 3403 2829 der die weiland jungen Wiener das Sch
1649 2782 2604 2826 lebt haben. Sie hungern nach Leben, die Ein¬
697 2802 1656 2855 aller menschlichen Dinge Vergänglichkeit —, ist sie
2601 2810 3415 2874 für Mirjam sangen, ist längst historisch gen
1651 2816 2606 2864 samen, nach Gegenwart, und diese Gegenwart
705 2843 1653 2888 Thema der dekorativ fesselnden Renaissance=Tra¬
2595 2863 3403 2907 Eine andere Generation führt das Wort, #
1633 2847 2612 2908 kann ihnen nichts sein, weil die an den Augenblick
699 2886 2606 2953 gödie „Der Schleier der Beatrice“ und dem hohl= gebundene Gegenwart in der nächsten Minute
2606 2892 3383 2959 Schnitzler am Ende dieses Schauspiels
695 2926 1660 2979 pathetisch=wirren Schauspiel „Der Ruf des Le¬
2599 2921 3410 2982 daß sie durch „mehr Haltung und weniger
1650 2936 2604 2987 schon Gegenwart gewesen, Vergangenheit ist.
696 2959 1665 3006 bens“; Inhalt (und nur leise begleitet von dieser
2594 2967 3409 3021 ausgezeichnet sein würde. Solche Hoffnu
1657 2978 2605 3029 So bleiben ihnen in einem Lebensspiel, in dem
705 2993 1657 3050 zweiten) ist die Melodie der ewigen Einsamkeit
1656 3007 3412 3061 Vergangenheit und Gegenwart ineinanderfließen, allerdings getrogen; die neue Generatio
712 3037 1664 3091 in dem Schauspiel „Der einsame Weg“, das
1661 3052 3403 3119 alles undeutlich wird und die Hoffnung auf eine ihren gewißlich nicht einsamen Weg ohne ##
710 3060 1656 3130 zwischen jenen beiden Dramen entstand. In ihm
2595 3088 2937 3145 und ohne Geist.
1654 3096 2603 3140 Zukunft lächerlich und ekelhaft erscheint, so blei¬
708 3112 1663 3188 sind Werden, Sein, Vergehen der ewig Einsamen
2649 3106 3410 3175 Von der Erstaufführung, die de
1656 3120 2614 3172 ben ihnen, den allzu fein Empfindenden, nur jene
711 3159 1424 3209 mit unerbittlicher Logik dargetan.
2607 3164 3401 3210 undzwanzig Jahre alten Schauspiel am
1655 3161 2600 3226 seltenen und kurzen Stunden, die vom Eros
748 3206 1663 3256 Der Kunstprofessor Wegrath, dem Frau, Sohn
2596 3207 3396 3260 tag im Schauspielhause zuteil wurde, läßt
1647 3197 2608 3257 übergoldet und gefüllt, allein ein Dasein erträg¬
705 3221 1670 3300 und Tochter fremd bleiben bis an ein Ende, über
1653 3245 2598 3292 lich werden lassen. Von diesen einsamen Stun¬
2601 3242 3372 3302 von einer angenehmen Ueberraschung
699 3279 1668 3337 dem ein grausames „Zu spät“ steht; seine Frau,
1660 3285 2605 3336 den leben die Schnitzler=Menschen (und die
2603 3274 3407 3335 Abermals wurde verzichtet auf die Beka
713 3316 3403 3371 die als Verlobte sich einem anderen, Geliebten Schnitzler=Werke); die Einsamen wissen mit dem einer Regie, die in jedem Fall durch d
699 3360 3412 3415 gab und, von ihm verlassen, an der Seite des Fritz der „Liebeleik, daß „diese Stunden lügen“; ßen Gast bestimmt sein würdes nun, läßt
