3436 4320
1075 299 1141 364 W
800 311 994 364 nSam
1334 300 1882 395 box 23/2
268 300 1267 397 18. Der 6
789 1079 1204 1163 Telephon 12801.
419 1150 1557 1241 Alex. Weigls Unternehmen für Zeitungs-Ausschnitio
600 1263 1368 1358 JUDSLAVER
414 1345 1558 1435 I. österr. behördl. konz, Bureau für Ze tungsberichte u. Personalnachrichten
612 1420 1392 1504 Wien, I., Concordiaplatz 4.
838 1487 1148 1550 Vertretungen
426 1516 1545 1620 in Berlin, Budapest, Chicago, Genf, London, New-York,
417 1581 1540 1668 Paris, Rom, Mailand, Stockholm, Christiania, St. Petersburg.
692 1633 1269 1699 (Quelienangabe ohne Gewähr.)
410 1714 1655 1805 Ausschnitt aus Burger Correspondent
414 1811 813 1893 vom: 29. 7.
917 1839 952 1890 „
551 1924 1587 1997 An demselben Abend brachte auch das Schauspielhaus
482 1950 1581 2026 ein neues Stück von Arthur Schnitzler, das Schauspiel
494 2023 1580 2074 „Der einsame Weg“, das, obschon, wie kurz gemeldet,
491 2062 1587 2110 unsere besten Darstellerkräfte dafür eingetreten waren, keine
493 2092 1581 2138 wärmere Aufnahme finden konnte. Die sehr gedankenvolle
490 2141 1581 2192 Konversation vermochte eben nicht völlig für die dramatischen
494 2162 1571 2224 Mängel aufzukommen. Der Inhalt des Stückes ist folgender:
493 2211 1585 2259 Nach einem bewegten Leben voll Ruhm und Genuß fühlt
479 2246 1573 2292 der alternde Maler Julian Fichtner sich leer und unbefrie¬
485 2293 1581 2346 digt, und es zieht ihn zu Felix. seinem Sohne, den ihm
483 2328 1573 2386 die Frau seines Freundes, des Akademiedirektors Wegrath,
491 2364 1568 2409 einst geboren hatte. Wegrath ist eine ehrliche, grundgütige,
491 2408 1568 2451 aber etwas nüchterne Natur, und als er damals den glän¬
478 2442 1566 2496 zenderen, hinreißenden Fichtner mit Gabriele, seiner Braut,
481 2490 1564 2542 bekannt machte, fingen die beiden jungen Seelen bald Feuer.
484 2531 1566 2567 Wohl wollten sie gemeinsam fliehen, aber Fichtner, der seine
478 2570 1565 2619 Zukunft durch einen allzu frühen Bund vernichtet glaubte,
479 2599 1571 2645 floh allein. Wegrath aber heiratete Gabriele und zog Felix,
490 2644 1564 2684 den er für seinen Sohn hielt, mit gleich liebevoller Sorgfalt auf
482 2685 1565 2724 wie seine Tochter Johanna, die ihm seine Frau später gebar.
477 2712 1567 2761 24 Jahre schwieg Gabriele, und erst kurz vor ihrem Tode
483 2763 1566 2796 macht sie ihrem Sohn, der inzwischen ein lebensfrischer
473 2804 1567 2839 Offizier geworden ist, einige Andeutungen. Fichtner, der dem
476 2835 1571 2891 Hause Wegrath seinem Sohn zuliebe nicht völlig fremd ge¬
481 2881 1562 2920 worden ist, gibt sich ihm als Vater zu erkennen, in der
475 2912 1565 2960 Hoffnung, kindliche Liebe für sein nahendes Alter zu er¬
486 2952 1572 2997 werben. Felix hat sich wohl immer zu dem eigenartigen
483 2998 1565 3042 Wesen Fichtners hingezogen gefühlt; doch als ihm die Wahr¬
486 3028 1562 3085 heit bekannt wird, denkt er mehr an den. der ihn in väter¬
486 3074 1567 3125 licher Fürsorge bisher geleitet hat: an Wegrath. Doch erst
484 3106 1563 3166 das tragische Geschick seiner Schwester Johanna weist ihm
482 3148 1562 3189 den Weg, den er zu gehen hat. Johanna hat die Hand
481 3190 1558 3236 eines um sie werbenden Arztes ausgeschlagen und ihre
479 3226 1558 3280 eigenartig träumerische Liebe einem allernden Schriftsteller
482 3274 1558 3316 geschenkt. Stephan von Saha hat wie Julian Fichtner ein
480 3303 1560 3359 wechselvolles Leben hinter sich. Aber nicht wie dieser
478 3344 1560 3385 führte es ihn zur Leere sondern zur Reife. Kaum hat er
472 3383 1564 3436 die Zuneigung Johannas erworben, als es ihn weiter treibt
476 3421 1556 3479 zu einer gefährlichen, aber hohen künstlerischen Genuß ver¬
478 3467 1553 3519 sprechenden Expedition nach Indien, zu der er auch Feliz
479 3506 1558 3545 als militärischen Begleiter anwirbt. Doch Saha weiß nicht,
482 3538 1555 3593 daß seine eignen Tage gezählt sind. Wohl aber weiß es
468 3578 1566 3620 der junge Arzt und durch ihn Felix und Johanna. Al¬
471 3614 1562 3658 Saha nun seiner Geliebten die Hand zur Ehe reichen will,
479 3656 1561 3699 um sie mitzunehmen auf die „weite Reise“ geht sie ihm im
475 3692 1564 3736 Tode voran. Felix will den schwer getroffenen Wegrath
465 3741 1568 3791 nicht verlassen und auf die Expedition verzichten. Doch
471 3778 1564 3815 Wegrath nimmt das Opfer nicht an, er will nicht die Zu¬
464 3816 1560 3871 kunft des jungen, tatlustigen Offiziers in ihrer Entwicklung
476 3850 1558 3908 hemmen, während der wirkliche Valer den Sohn für sich
474 3895 1567 3944 zurückzuhalten wünscht. Da bekennt sich Felix nunmehr
469 3930 1569 3980 ganz zum alten Wegrath, und Julian Fichtner geht seinen
467 3964 816 4031 einsamen Weg“.
2215 495 3011 608 Dr. Max Goldschmidt
2369 605 2774 679 # Bureau für
2343 667 2874 759 Zeitungsausschnitte
2120 746 2541 825 Berlin N. 24.
2627 761 3069 838 Telephon: III. 3051.
2379 874 2836 955 Ausschnitt aus
2138 1079 2885 1188 Hamburgischer Cerresponder
2428 1162 2780 1256 20 SEL 184
2101 1268 3095 1343 P Frankfurter Theater. Aus Frankfurt a. M.,
2018 1326 3100 1383 den 18. September, wird uns geschrieben: Unser Opernhaus,
2030 1371 3098 1423 in das während der Ferienzeit die elektrische Beleuchtung
2037 1403 3113 1459 eingeführt worden ist, hat seit drei Wochen seine Pforten
2032 1440 3107 1502 wfeder geöffnet und gestern auch wieder eine Novität ge¬
2017 1488 3110 1531 bfacht: die Operette „Das Veilchenmädel“, wozu Jos.
2050 1516 3102 1580 Hellmesberger die Musik und die Herren Krenn und C.
2048 1560 3107 1602 gindau den Text geschrieben haben. Das Werk brachte es
2049 1601 3108 1656 gei einer wohlstudierten, temperamentvollen Aufführung zu
2051 1640 3112 1698 kner recht beifälligen Aufnahme, wie sehr sich auch der nur
2038 1672 3101 1718 finigermaßen künstlerische Geschmack und der gesunde
2033 1714 3107 1760 Menschenverstand gegen die Annahme dieses Librettos sträuben
2026 1756 3093 1803 Rüßte. Von der Musik kann man schon besser denken, sie ist
2011 1794 3102 1834 von schmeichelndem Wiener Schlag. Aber ihre Stärke ist
2014 1837 3109 1892 gleichzeitig ihre Schwäche: es ist allzu viel nachempfundener
2009 1872 3106 1913 Johann Strauß darin. Wir meinen den Komponisten der
2022 1921 3092 1966 „Schönen Blauen“. In dieser Hinsicht könnte Hellmesberger
2020 1950 3096 2015 von sich singen wie seine Soubrette Flora, wenn sie sich schon
2022 1998 2979 2059 als Gräfiu träumt: „Ob ich links, ob ich rechts
2018 2023 3108 2095 die Straßen flanier' — Der Johann, der Johann — Ist
2028 2074 2420 2121 immer hinter mir!“
2105 2105 3137 2183 An demselben Abend brachte auch das Schauspielhaus
2029 2143 3114 2209 ein neues Stück von Arthur Schnitzlex, das Schauspiel¬
2032 2195 3112 2253 „Der einsame Weg“, das —#öschon, Wie kurz gemeldet,
2022 2229 3109 2286 unsere besten Darstellerkräfte dafür eingetreten waren, keine
2019 2259 3105 2317 wärmere Aufnahme finden konnte. Die sehr gedankenvolle
2027 2294 3114 2368 Konversation vermochte eben nicht völlig für die dramatischen
2019 2339 3104 2402 Mängel aufzukommen. Der Inhalt des Stückes ist folgender:
2015 2400 3105 2446 Nach einem bewegten Leben voll Ruhm und Genuß fühlt
2016 2425 3117 2481 der alternde Maler Julian Fichtner sich leer und unbefrie¬
2024 2454 3103 2527 digt, und es zieht ihn zu Felix, seinem Sohne, den ihm
2014 2504 3106 2555 die Frau seines Freundes, des Akademiedirektors Wegrath,
2022 2531 3101 2590 einst geboren hatte. Wegrath ist eine ehrliche, grundgütige,
2018 2586 3104 2637 aber etwas nüchterne Natur, und als er damals den glän.
2010 2620 3100 2683 zenderen, hinreißenden Fichtner mit Gabriele, seiner Braut,
2019 2664 3104 2715 bekannt machte, fingen die beiden jungen Seelen bald Feuer.
2018 2692 3090 2739 Wohl wollten sie gemeinsam fliehen, aber Fichtner, der seine
2019 2735 3100 2794 Zukunft durch einen allzu frühen Bund vernichtet glaubte,
2021 2769 3100 2833 floh allein. Wegrath aber heiratete Gabriele und zog Felix,
2018 2813 3095 2881 den er für seinen Sohn hielt, mit gleich liebevoller Sorgfalt auf
2017 2845 3088 2903 wie seine Tochter Johanna, die ihm seine Frau später gebar.
2011 2885 3101 2946 24 Jahre schwieg Gabriele, und erst kurz vor ihrem Tode
2014 2923 3108 2990 macht sie ihrem Sohn, der inzwischen ein lebensfrischer
2015 2968 3103 3030 Offizier geworden ist, einige Andeutungen. Fichtner, der dem
2007 3004 3107 3055 Hause Wegrath seinem Sohn zuliebe nicht völlig fremd ge¬
2016 3045 3094 3107 worden ist, gibt sich ihm als Vater zu erkennen, in der
2001 3094 3102 3142 Hoffnung, kindliche Liebe für sein nahendes Alter zu er¬
2015 3128 3100 3170 werben. Felix hat sich wohl immer zu dem eigenartigen
1995 3169 3097 3219 Wesen Fichtners hingezogen gefühlt; doch als ihm die Wahr¬
2004 3195 3106 3267 heit bekannt wird, denkt er mehr an den. der ihn in väter¬
2004 3232 3092 3310 licher Fürsorge bisher geleitet hat: an Wegrath. Doch erst
2007 3279 3095 3338 das tragische Geschick seiner Schwester Johanna weist ihm
1999 3316 3099 3379 den Weg, den er zu gehen hat. Johanna hat die Hand
1997 3353 3086 3418 eines um sie werbenden Arztes ausgeschlagen und ihre
1996 3397 3102 3447 eigenartig träumerische Liebe einem allernden Schriftsteller
1998 3446 3088 3492 geschenkt. Stephan von Saha hat wie Julian Fichtner ein
2006 3481 3096 3532 wechselvolles Leben hinter sich. Aber nicht wie dieser
2006 3516 3099 3557 führte es ihn zur Leere sondern zur Reife. Kaum hat ei
2000 3548 3105 3611 die Zuneigung Johannas erworben, als es ihn weiter treibt#
2005 3591 3092 3648 zu einer gefährlichen, aber hohen künstlerischen Genuß ver¬
2008 3632 3093 3693 sprechenden Expedition nach Indien, zu der er auch Feliz
2004 3675 3088 3727 als militärischen Begleiter anwirbt. Doch Saha weiß nicht,
2014 3709 3088 3758 daß seine eignen Tage gezählt sind. Wohl aber weiß es
2008 3741 3092 3803 der junge Arzt und durch ihn Felix und Johanna. Als
2011 3794 3093 3841 Saha nun seiner Geliebten die Hand zur Ehe reichen will,
1999 3830 3090 3893 um sie mitzunehmen auf die „weite Reise“, geht sie ihm im
2004 3858 3094 3929 Tode voran. Felix will den schwer getroffenen Wegrath
2004 3913 3098 3963 nicht verlassen und auf die Expedition verzichten. Doch
2013 3944 3093 3993 Wegrath nimmt das Opfer nicht an, er will nicht die Zu¬
2011 3984 3094 4045 kunft des jungen, tatlustigen Offiziers in ihrer Entwicklung
2002 4024 3093 4075 hemmen, während der wirkliche Vater den Sohn für sich
2004 4062 3098 4122 zurückzuhalten wünscht. Da bekennt sich Felix nunmehr
2014 4107 3115 4185 ganz zum alten Wegrath, und Julian Fichtner geht seinen
2010 4132 2347 4197 einsamen Weg“.
