3484 4320
930 269 1024 341 d
1390 268 1948 377 box 23/2
321 275 1335 387 18. Der einsene Neg
614 1607 2797 1683 vorher gelesen hal, wird un Theater kaum dahinter gekom= gutem Ersoig is Aenschtn Düsser¬
619 1649 1709 1720 nien sein, was die Leute da droben eigentlich wollten. Es
1697 1668 2175 1740 [dorfer Stadttheater.
605 1707 1721 1777 war ein seltener Glückszufall, wenn man einmal eine Folge
1718 1713 2799 1812 * Das Denkmal für Robert Zelle in Berlin
614 1742 2809 1818 von Sätzen wirklich verstand. Die Schauspieler sollten doch ist am Donnerstag im Viktorio=Park östlich vom Wasserfall,
610 1801 2779 1897 eigentlich wissen, daß es nicht genug ist, wenn sie einander unweit der Kreuzbergstraße aufgestellt worden. Auf
606 1838 2794 1958 verstehen, sondern daß es ihre erste Aufgabe ist, so zu spre= einem sehr hohen, aus weißem Marmor bestehenden Posta¬
601 1886 1695 1969 chen, daß sie vom Publikum verstanden werden. Von Zu¬
1696 1926 2786 2018 mente, das fast 2¼ Meter mißt, erhebt sich die von Pro¬
604 1944 1694 2010 sammenspiel konnte, im ersten Akt wenigstens, gar keine
1693 1967 2794 2046 fessor Otto Lessing modellierte überlebensgroße Büste!
613 1989 1693 2068 Rede sein. Herr Bauer war als der alte Wegrath
1693 2019 2795 2101 des Verewigten aus gleichem Malerial. An der Vorderseite!
600 2034 1705 2104 wohl die sympathischste Figur. Er, sowie Fräulein
1695 2069 2781 2154 des Postaments liest man die Worte: „Robert Zelle, Ober=
594 2086 2789 2198 Lange (als die Schauspielerin und ehemalige Flamme bürgermeister von Berlin 1892 bis 1896“. Um das Denk¬L
608 2134 1699 2205 Fichtners), sowie Herr Kirch (als Fichiner) verdienen in¬
1690 2163 2780 2229 mal, dessen Enthüllung am 19. d. Mts. stattfindet, wird ein
608 2169 1688 2257 sofern schon Dank und Anerkennung, als sie meistens ver¬
1691 2213 2785 2290 kleiner Schmuckplatz angelegt — Die Wettbewerbes
608 2232 1709 2308 ständlich sprachen. Auch sonst boten sie Ansprechendes, was
1689 2266 2794 2361 um den großen Staatspreis auf dem Gebiete der#
602 2282 1692 2370 sich von den übrigen Mitwirkenden nicht so ohne jede Ein¬
1676 2302 2777 2384 Malerei bezw. der Bildhauerei für das Jahr
602 2328 1138 2410 schränkung behaupten neße.
1663 2346 2789 2426 1905 schreibt der Senat der lönigl. Akademie der Künstes.
708 2392 1697 2463 Kleine Nachrichtn. In Schneiders
1676 2400 2777 2484 in Berlin aus. Die für diese Wettbewerbe bestimmten Ar¬
589 2417 1697 2509 Kunstsalon sind Rollektiv=Ausstellungen in Landschaften,
1678 2451 2779 2543 beiten nebst schriftlichem Bewerbungsgesuche sind nach der
586 2479 2781 2581 Figuren, Stilleben von Sophie Lazarur, hier, Sophus Wahl der Bewerber entweder bei der Akademie der Künste!
601 2529 1681 2593 Hansen=Hamburg, M. Nachtigal=Weimar. Trübner=Karls¬
1683 2551 2802 2622 in Berlin W. 35, Potsdamerstraße 120, oder den Kuns#k
585 2570 1686 2638 ruhe, ferner Einzelwerle von U Hoeffler, Max Vautier,
1685 2603 3404 2700 akademien zu Düsseldorf, Königsberg und Kassel, sowi. Fem Romane „Der Sülfmeister“ und „D
587 2625 1674 2682 Max Frey, hier, v. Schowingen=München, sowie ein Bild¬
597 2652 1680 2723 nis von Marie Pischon=Berlin. — Im Kunstverein
1680 2649 3405 2748 Staedelschen Kun'stinstitut zu Frank=lins Wolff wurde zu seinem Gebur#
585 2693 1676 2765 wurden neu ausgestellt: Gemälde von Prof. Chr. Kröner,
1682 2698 3400 2801 furt a. M. bis zum 18. Februar 1905, mittags 12 Uhr, beglückwünscht. Das Tuskulum des
586 2736 1684 2815 Karl Haver, Georg Macco=Düsseldorf. Für Oktober be¬
1672 2747 3414 2841 einzuliefern. Alle näheren Bestimmungen enthalten die Fasanenstraße war in einen Hain ##
580 2793 3411 2904 reitet der Kunstverein eine Sonder=Ausstellung von Prof. vom Bureau der kgl. Akademie zu erfragenden „Nachrich= wandelt. Um die Mittagsstunde#
583 2830 3405 2900 I. Olbrich=Darmstadt, sowie Gedächtnis=Ausstellungen für ten für die Gewinnung des großen Staatspreises“. — Der des Vereins Berliner Presse in der
585 2875 2760 2971 die in diesem Jahre verstorbenen Frankfurter Künstler Pros.] Wettbewerb um den Preis der Ersten
2741 2916 3415 2986 tagseiernden Mitglieds unter Führu
590 2906 2750 3013 Peter Becker, Prof. Heinr Hasselhorst und Hugo Elkan vor.] Michael Beerschen Stiftung für Maler und
601 2961 1674 3027 — Im Kunstsalon Goldschmidt kamen neu zur
2741 2963 3412 3045 Vollrath, der dem Jubilar in herz#
1676 2987 3380 3047 Bildhauer jüdischer Religion ist für das Jahr 1905 für wünsche des Vereins überbrachte.
579 3003 1677 3075 Ausstellung: je ein Gemälde von Wilh. v. Diez „Marodcure
1672 3034 2746 3106 Bildhauer eröffnet. Als Preisaufgabe ist gestellt worden:
590 3038 1680 3100 mit ihrer Beute davonziehend“, von Ludwig Knaus „Halb¬
2743 3061 3399 3129 sellschaft, deren Vorsitzender Julius
587 3085 1681 3162 figur eines jungen Mädchens“ und ein „Studienkopf“
1669 3085 3407 3170 „Ankunft einer Handeskarawane.“ Die Gestaltung des Re- ihre Wünsche zum Jubeltage. Vom
583 3143 1677 3198 ven Ed. 5. Gebhardt, ferner von Max Gaißer „Der Ge¬
1668 3135 3397 3225 liefs, Halbkreis oder Rechteck, bleibt dem Ermessen des Be- nister wurde der Jubilar zum #
573 3167 3409 3223 lehrte“, sowie zwei fein ausgeführte Aquarelle von Peter werbers überlassen, nur muß es ganze Figuren enthalten! — Der in der gesamtenTheaterwelt
564 3218 3400 3337 Krämer. — Fräulein Marie Blum debütierte mit und in der Höhe mindestens 0.70 Meter, in der Breite nicht [Ludwig Crelinger in Ber
