3436 4352
1036 337 1125 414 W
1393 339 1841 435 box 23/1
756 361 822 415 n
860 351 939 415 a
219 342 1258 455 18. Der einsaneneg
503 1989 635 2052 Tog.
1601 1983 2819 2076 und Telegraphenverwaltung eine eingehende Nachweisung ver¬
398 2009 1604 2100 stellten Antrag, wonach dem Landtage noch in dieser Session
1598 2045 2808 2114 öffentlicht wird über die tägliche Dienstzeit, die Sonntagsruhe, ins¬
408 2076 1606 2144 ein Gesetzentwurf vorgelegt werden soll, der die veralteten
2791 2133 3339 2218 eine, die einmal eins hätte
1598 2151 2805 2233 aufregen möchte, und der vereinsamte Maler, der sich nach
399 2189 1616 2255 fahren und sich um keinen Menschen zu kümmern — das wäre
2803 2187 3342 2255 und die — nicht Mutter g
1604 2193 2806 2280 seinem Kinde sehnt, durften sich in der Tat die Hände reichen,
391 2223 1612 2289 ihre Sache. Als Kind wollte sie Tänzerin werden und liebte
2786 2238 3337 2300 Aber das kann kein Mann
1599 2254 2688 2334 denn beide haben den Wert des Lebens verschleudert.
401 2254 1596 2328 es, auf der Wiese als Elfe im Mondschein einherzuschweben.
2797 2277 3349 2344 stehen! Der beste von Euch
1686 2280 2805 2352 Uns fröstelt bei dieser freudlosen Wanderung. Wir
395 2313 1620 2379 Sie glaubt fest an Seelenwanderung und ihr untrügliches
2799 2328 3343 2387 eine Art von Schuft!“ Fraß
1600 2331 2796 2416 schlagen den Rockkragen auf, weil die nasse neblige Luft uns
399 2352 1613 2426 Ahnungsvermögen. Sie will in die weite Welt, nicht nur um
2804 2359 3344 2427 schauspielerisch mit so viel
1615 2377 2800 2450 unangenehm über die Haut rieselt. Was in aller Welt geht
398 2401 1619 2460 Freuden zu genießen, sondern auch der Schmerzen willen, die
1603 2406 3341 2489 uns eine solche Versammlung verlebter, knochenloser, gelang= Humor so voll aus und lic
403 2437 1617 2501 sie als freie Menschenseele gern erdulden möchte. Im dritten
397 2503 3322 2551 Akt finden wir sie auf der Gartenterrasse des Herrn von Sala, weilter und überflüssiger Menschen an? Ein einziges Exem- überzeugenden Ausdruck,
2794 2499 3345 2575 wurde. Aber die Uebrig
405 2546 2813 2594 mit ihm allein, voll seligen Gefühls nach einer durchrasten plar von ihnen hätte genügt, das auszudrücken, was der
2806 2547 3339 2608 Jammerharfe zu spielen,
1603 2552 2813 2634 Dichter mit dem „einsamen Wege“ sagen wollte. Aber gleich
400 2573 1625 2630 Liebesstunde. Sie möchte dem Freunde so gern alles sein, ihn
2808 2586 3336 2646 rissen waren. Frau Pa¬
1618 2593 2806 2671 ein halbes Dutzend von ihnen anzutreffen, wie sie sich und
405 2618 1615 2679 für immer behalten und er wird von ihren zärtlichen Worten
2802 2631 3342 2685 der Rolle der Frau des D
1611 2642 2806 2708 andere quälen, fortwährend grübeln und philosophieren,
410 2661 1627 2726 so bewegt, daß er sich mit dem Gedanken trägt, sie auf seine
2802 2668 3345 2741 Herr Sauer gab diesem
1616 2681 2804 2749 nichts Vernünftiges wollen und vollbringen, ist eine harte
394 2710 1611 2770 Expedition nach Asien mitzunehmen. Freilich alle ihre
2798 2701 3345 2794 Menschen, der seine Pflich
1605 2708 2812 2802 Zumutung an den Leser und Zuschauer dieser Dichtung. Das
408 2746 1610 2808 Träume kann er ihr nicht erfüllen und sie braucht nicht auf
2809 2764 3349 2816 Ketten. Das vertrauens#
1604 2764 2807 2850 Zwiegespräch wechselt zwischen langen phantastischen Perioden
401 2796 1625 2853 ewig an ihn gebunden zu sein. Man soll in solchen Stunden
2799 2796 3350 2866 Stieler anziehend gesta
1611 2809 2807 2883 und kurzen herausgequälten Sätzen. Es gleicht abwechselnd
404 2835 1614 2905 nicht zu viel sagen, denn sie verleiten, meint er, leicht zu
1623 2843 3346 2922 einem rollenden Gießbach und dem Regen, der langsam vom kenntnissen seines natürlich
405 2876 1623 2960 Worten, die am nächsten Tage nicht mehr wahr sind. Johanna
1612 2883 3358 2960 Dach tröpfelt. Schnitzler hat sein Stück viel zu breit ange= konnte als Maler Julian
400 2914 1628 2995 glaubt dabei ihm bis ins Herz zu schauen, dem von Krankheit
1615 2932 3353 3008 legt. Ihm haftet etwas Dickflüssiges und Oeliges an, bei! Grau mischen, während Fr#¬
404 2945 1625 3031 und Lebensübersättigung erschöpften Mann und scheidet von
405 2961 3345 3057 ihm mit einem langen bedeutungsvollen Abschiedsblick. Als dem sich uns die Kehle zuschnurt. Man möchte die derbstel sich nach ihrem Liebesrauß
399 3057 3339 3133 es Abend geworden ist, schleicht sie sich wieder in seinen Garten! Gesundheit um Hilfe rufen, ja sie mit Gewalt herbeizerren, verwertete, sich aber mit #
405 3062 3356 3148 und setzt sich am Rand des Teiches nieder, von dem sie vor¬ damit sie diese stickige muffige Atmosphäre des Lebensüber=der hohen Tragödie zu ver#
2815 3097 3348 3171 wies sich bei seiner Darstell
405 3116 2820 3202 her sagte, er werde ebenso wenig in seinem Spiegel ihr Bild drusses vertreibe, diese verfaulte Gesellschaft vom Halse schaffe.
2810 3155 3353 3217 Sala wieder als selbständig
1612 3155 2810 3230 In einzelnen Szenen wird man an Hauptmanns, Einsame
409 3180 1619 3249 behalten, wie sie beide das genossene Glück zu bannen ver¬
2821 3195 3353 3257 der aber gerade an diesen
1621 3202 2820 3273 Menschen“ an Sardous „Alte Junggesellen“ und d'Annun¬
405 3217 1633 3304 mögen. Am nächsten Morgen wird das ertrunkene Mädchen
2821 3243 3353 3301 Dialekt arg gehänselt wur
407 3234 2826 3348 zu Hause vermißt und überall gesucht. Herr von Sala er=zios „Tote Stadt“ erinnert, nur daß bei Schnitzler kein frischer
2812 3278 3359 3350 Singen, und sprach von ei
409 3285 2816 3387 scheint und legt ein volles Geständnis ab. Es war ihm bei Zug von Empfindung und Leidenschaft die Monotonie der
2812 3323 3359 3384 gemeint war. Die ewige
1618 3325 2825 3418 Seelenverödung unterbricht, die das ganze Stück beherrscht.
415 3357 1629 3417 seinem Spaziergang durch den Garten zu Mute, als ob der
2813 3369 3345 3429 weder an dem Dichter n
1700 3374 2822 3434 Selbst die frühere Schauspielerin, welche die Bühne mit
400 3393 1636 3483 Teich das Bild des Mädchens doch behalten hätte. Während
2814 3405 3358 3477 irre machen können. Ab
1623 3410 2818 3489 dem Kuhstall vertauscht hat und über deren drollige Einfälle
414 3434 1638 3501 #er sich in jeder Beziehung zur Verfügung stellt, verwirren sich
2814 3449 3361 3518 schweren Schatten, die sich
1631 3450 2830 3527 man ein paar mal lächeln kann, leidet an dem bitteren Ge¬
409 3476 1634 3551 seine Gedanken wie bei jemandem, der mit sich ein Ende
2823 3492 3360 3555 haben, die geradezu krank
415 3548 2826 3588 machen will. Mit all dem Lustigen und Verlogenen, Zärt= schmack ihres Lebens und ihre Heiterkeit ist stark mit Galle
1627 3542 3346 3615 vermischt. Mit heftig ausbrechender Wehmut klagt sie ihren in die Psychologie des Le
408 3562 1640 3618 lichen und Gemeinen seines Lebens ist es nun vorbei. Nie
2811 3570 3358 3645 das Breite und Bröckelnde
416 3573 2831 3682 hat ein Strahl von Liebe und Selbstvergessenheit seinen Weg früheren Liebhaber an, daß es ihr nicht vergönnt war, ein
414 3658 3351 3727 erhellt, und was er jetzt freiwillig dahingibt, hat für die Kind in ihren Armen zu halten, und führt darauf ihre späte= hin und wir hoffen, daß
416 3712 3356 3763 Welt keinen Wert gehabt. Der Mann der verwöhnten Lebens=ren Dummheiten zurück. „Eine Frau, die kein Kind hat“, Nebel zerstreuen und die S
406 3763 3350 3829 stellung, der sich in den Grüften der Erde an dem Todesgeruch ruft sie empört aus, „ist gar nie eine Frau gewesen. Aber Lebensanschauung ihm wi
