3484 4320
811 308 1017 352 nSam
1447 285 1904 387 box 23/5
279 289 1288 395 18. Dereg
196 795 1010 869 krmann auch wieder der Herr von Sala.
1041 812 2253 876 Tadelswort vom himmelblauen Idealismus als Lob und als Motto
195 837 1020 903 in Reichtum, in Eindruckskraft von innen und
1041 866 2252 933 akzeptieren und fortfahren, denen Mut zu machen, die den Karren
190 893 1013 952 es Außen übertreibt er, er bringt Konfektio¬
1044 907 2262 979 aus dem Dreck holen wollen, und Unmut den anderen, die ihn tiefer
195 933 1006 990 nnstler=Imposantes. Das hat er nicht nötig,
1049 947 1302 1014 hin inziehen.
1929 970 2234 1040 Fritz Engel.
206 971 1017 1035 Höflich ist auch hier Else Lehmanns Nach¬
212 1018 1021 1072 Schauspielerin mit der Muttersehnsucht, diese
225 1056 1012 1125 Freiluft und Hausluft umspielen sie, sie gibt
204 1094 1022 1162 säthe Haack kommt diesmal düster, begabt
196 1133 1013 1211 anz ohne Zwang. Neben Winterstein,
207 1186 1025 1258 und Paul Biensfeldt stellt sich ein
200 1220 1007 1311 Perner Schott in dieses gefährlich gute
220 1267 497 1340 es mit Ehren.
359 1326 447 1379 *
187 1336 1011 1427 ine“, wenn sie Schnitzler spielt, eine „Kunst¬
202 1413 1014 1471 ststheater“? Herr Stefan Großmaul hat sich
203 1458 1008 1515 gst mit dieser Begriffsbestimmung befaßt und
190 1499 1013 1552 mütern“ gesprochen, die zwischen Kunst= und
192 1535 1007 1602 scheiden. Was er da schreibt, braucht man
1495 1526 2556 1627 Kiyonaga, das von einem Amerikaner erworben wurde.
1445 1561 1497 1624 18
191 1571 1013 1647 imen, denn vor vier Wochen hat er vielleicht
177 1635 1005 1691 #oder er wird es in den nächsten vier Wochen
193 1674 1005 1725 “, wie und wovon er kann. Herr Großmaul
1718 1656 2541 1778 Theater und Kunst.
190 1702 1011 1776 gibt, vom Widerspruch auch gegen sich selbst.
2608 1704 2862 1813 70l
204 1756 1003 1820 bst ist gar nicht spaßig. Es ist nur ganz
2859 1726 2932 1861 2
182 1781 1017 1869 immer nur zweierlei Theater gegeben habe.
1434 1811 1507 1894 ge
1500 1813 2762 1913 Eine Erklärung Artur Schnitzlers.
182 1848 1011 1915 lbventionierte Theater. Auch die subventio¬
182 1867 1012 1953 unz am Geschäft vorbeigehen, und die Ge¬
1682 1877 2556 1941 Die Dichterkollegen als Publikum.
1421 1911 1499 1968 gie
184 1929 999 1996 icht an ernsten Kunstverpflichtungen vorüber.
1599 1943 2755 2013 Die Premiere von Artur Schnitzlers „Der einsame
2816 1887 2950 2050 7
189 1977 1009 2036 en, sie waren hier und da ne „giebig, doch
1422 2002 2745 2066 ib-] Weg“ in der Berliner „Tribüne“ gestaltete sich dank der voll¬
197 2026 995 2074 sin erhalten. Otto Brahm steht als Gesamt¬
1432 2030 1512 2093 nd
1507 2053 2760 2117 endeten Darstellung unter der Regie Eugen Roberts zu einem
194 2067 1007 2117 ratergeschichte voll hoher Sauberkeit, vor ihm
1438 2074 1498 2125 in
1415 2115 2746 2163 Iso großen Erfolg. Bassermann, Lucie Höflich, Winter¬
181 2106 1004 2170 1diesem noch andere. Sie hatten ein Kunst¬
1420 2149 1495 2201 Iro
1504 2139 2755 2202 stein, Biensfeldt, Käthe Haak, Klemens Schütt
183 2139 1001 2209 Ener Idee, sie suchten sich die rechten Helfer, sie
199 2194 1004 2251 Mittel. Das ist die Hauptsache. Neben¬
1502 2185 2761 2257 boten hervorragende Leistungen und der Abend war wohl einer
2773 2149 2925 2301 7
204 2237 1004 2286 Existenz suchten und fanden. Ihre Bühnen
1499 2222 2749 2296 der künstlerischesten, die man seit Jahr und Tag in Berlin erlebte.
196 2275 1001 2338 ine keine Geschäftstheater und gewiß kein
1510 2277 2756 2340 Seither ist „Der einsame Weg“ ein Zugstück geworden. Ein
193 2325 998 2381 fist das Theater eine Branche geworden, mit
1422 2347 1499 2412 #de
1515 2329 2744 2402 Wiener Montagblatt wußte nun zu berichten, daß es anläßlich
223 2373 998 2429 Ist es ein harmloser Zufall oder ist es
1504 2379 2743 2455 der Première zu einem Vorfall gekommen sei, der allerdings nur
187 2380 1015 2468 benn der Widerstand gegen die Männer der
1505 2428 2748 2506 von wenigen bemerkt wurde. Die jungen Dichter Brecht und
188 2440 996 2506 so allgemein geworden ist? Wenn sich in
1415 2455 1493 2542 in
1509 2471 2747 2552 Bronnen hätten sich darnach im Theater selbst in lautem
190 2492 1001 2555 jestens zwölf Schauspiel= und Opern¬
1431 2534 2754 2582 st. Tone sehr absällig über das Stück geäußert. Weiter hieß es, daß
198 2544 991 2597 fen „Betrieo" auflehnen? Die Kräfte mögen
207 2582 919 2630 sein, der Wille ist gut und not### dig.
1413 2592 2753 2650 on Artur Schnitzler die Absicht habe, sich wegen dieses Vorgehens
189 2626 989 2690 gul, Wechsel der Ueberzeugung vorbehalten,
1409 2635 2747 2677 im= der beiden Berliner Autoren an „das kompetente Forum“ zu
191 2668 991 2731 e alles bleiben, wie es — vorgeblich — immer
1410 2668 2750 2750 auf wenden. Demge##über erklärt Artur Schnitzler in einer an
208 2707 998 2767 edarauf. Wir werden nicht die Daumen
1387 2718 2006 2785 ichs= uns gerichteten Zuschrift:
191 2756 1082 2826 beschauen. Die Kritik wird das hochnäsige 1 1
1373 2769 1496 2826 traf¬
1681 2784 2742 2844 „Verehrter Herr Redakteur! In der heutigen „Sonn= und
1391 2820 1501 2875 walt
1556 2816 2749 2898 Montagszeitung" lese ich zu meiner Verwunderung, daß ich gegen
1570 2878 2747 2942 zwei jüngere Berliner Autoren, die sich während einer Aufführung
1572 2920 2739 2970 meines Schauspiels „Der einsame Weg“ unmanierlich benommen
1561 2964 2731 3038 haben sollen, irgend welche „Schritte“ zu unternehmen gedächte.
269 2948 1044 3059 We10041 40.A
1550 3029 2737 3086 Nichts auf der Welt lag oder liegt mir ferner. Das Urteil der
826 3043 1026 3115 2#.
1554 3066 2749 3127 beiden Herren und die Form, in der sie sich zu äußern für richtig
1557 3114 2732 3183 hielten, ist einzig und allein ihre Sache; Ruhestörer zu entfernen,
1557 3179 2743 3226 ob sie sich durch ein Dichtwerk in ihren literarischen oder in ihren
1567 3214 2737 3269 politischen Ueberzeugungen verletzt fühlen und ob sie ihrem Mißfallen
1555 3268 2729 3329 durch überlaute Aeußerungen oder durch das Werfen von Stink¬
1557 3317 2741 3380 bomben Ausdruck zu geben belieben, obliegt den Ordnungsorganen
1555 3367 2745 3433 des betreffenden Theaters. Der Autor soll und will mit dergleichen
1555 3405 2742 3487 nichts zu schaffen haben. Durch die Aufnahme dieser Zeilen
1565 3443 2162 3529 würden Sie mich sehr verbinden.
2249 3491 2689 3577 Artur Schnitzler.“
1781 3579 2442 3677 Berliner Theaterbrief.
1423 3607 2678 3710 er Jm September ist's alle Jahre die gleiche (aschi#l..
