3484 4320
1374 197 1938 317 box 23/3
294 205 1324 321 18. Der einsane Neg
3242 1669 3353 1757 —
2577 1734 3379 1820 lichen Vater, der die letzte Hoffnung
1502 1750 2575 1816 vielmehr etwas Ueberspitztes, das kalte Räsonnement
2581 1772 3387 1846 auf ihn setzt, weist der Sohn ab und
1493 1800 2571 1877 im Einsamen Weg auch moch einen starken symbo¬
418 1759 1227 1929 0ue Jeuilleton.
2580 1827 3394 1910 dem anderen mit dem ihn bisher kein
1502 1844 2576 1914 listischen und mystischen Zug nach Ibsen freilich ohne
2571 1874 3392 1940 verknüpfte, in tiefster Neigung zu. Di
1499 1893 2572 1952 dessen zwingende Schärfe und Kraft. Ebenso wie bei
669 1898 1226 1993 Der einsame Weg.
2577 1926 3387 2007 liche Zusammengehörigkeit zweier Wesen
1507 1946 2573 2005 diesem spielt auch die eigentliche Handlung weit vor
410 1946 1498 2033 (Schauspiel in 5 Akten von Arthur Schnitzler Zum
2574 1972 3370 2043 cendenz wird übertrumpft von der d
1491 1986 2576 2050 der Zeit des Stücks und rollt nun in ihren Folgen
404 2001 1504 2098 erstenmal aufgeführt am 15. Mai, vonefämgastspiel des
2578 2028 3391 2110 langsam erobernden Erfüllung der Pfli
1508 2034 2582 2104 vor uns ab. Unter ziemlich hoher Spannung schweben
564 2050 1345 2108 Lessingtheaters im Theater an der Wien.)
2670 2076 3378 2156 In Schnitzlers Stück überqueren
1495 2097 2579 2145 Gewitterwolken herein, aber sie entladen sich auf einem
511 2083 1493 2164 Schnitzler strebt nach dem Ruhme, ein schwer
2573 2118 3388 2184 nicht immer klar erkennbare Grundme
1506 2135 2583 2203 dramatischen Nebenpfade und das gespenstische Rößlein
415 2151 1495 2228 verständlicher zu sein. Nicht weil er es von Natur
2579 2175 3393 2245 Fichtner und sein Erlebnis mit Gabriel
1498 2186 2582 2266 von Rosmersholm, das auch in diesem Stücke spielt,
413 2205 1501 2261 aus ist, sondern weil er es sein will. Im Ein¬
2584 2224 3398 2278 Wegraths, schielt deutlich nach Goethe un
1509 2234 2022 2320 gelangt nicht aus Ziel.
410 2241 1498 2317 samen Weg“ finden die halben Worte kein Ende;
2578 2268 3380 2334 Tagen zu Sesenheim. Hier wie dort d
1585 2258 2585 2345 Freilich dieses Ziel mit Fingern zu deuten und
410 2301 1509 2370 man hört sie wohl, aber sie rauschen vorüber, wie
2573 2311 3394 2375 lische Schwung, der über ein gebrochen
1505 2320 2582 2392 klar zu erkennen, ist schwer. Schon daraus mag man
410 2346 1506 2411 leerer Schall. Die kurzen Sätze verschlingen und
2577 2361 3398 2442 allen Schauern eines süßen Schmerze
1493 2388 2581 2439 erraten, auf wie schwachen Beinen das Werk als
413 2386 1509 2456 verstricken sich und hinter ihrem leuchtenden Körper
2570 2413 3373 2492 jenes Schauers vor der Kreatur, den
1496 2425 2591 2502 Drama steht. Sein natürlicher Fortschritt verstrickt
418 2445 1495 2501 lauert ein unsichtbarer Gehalt, der uns beinahe zu ent¬
2573 2450 3387 2531 man Mut genug haben muß, um sich
1500 2476 2585 2538 sich nur zu oft in dialektischen Schlingen. Ueberall
421 2484 1502 2541 schlüpfen droht. Verschlungen und einander durchkreuzend
2575 2506 3385 2583 Freiheit zu wahren und die goldene
1505 2527 2582 2596 zeigt sich der Hang des Dichters, statt unmittelbar
431 2536 1508 2598 sind auch die Motive. Schnitzler wird kompliziert und
2583 2556 3390 2625 Lebens zu pflücken. Und noch nach
1508 2562 2585 2638 zu wirken, in die Tiefe zu bohren, eine Eigenschaft,
411 2585 1503 2655 tief, um ja nicht einfach zu erscheinen. Eine Fülle
2577 2599 3366 2670 Reihe von Jahren, die verflossen
1503 2613 2580 2684 1 die in hervorragendem Maße auf die Novelle weist,
417 2631 1513 2711 von Lebenserfahrung und schwer errungener Weisheit
2590 2626 3396 2711 Gabriele, die nunmehr der kühle Rasch
1502 2662 2591 2741 worin auch das Problem dieses Werkes eindring¬
414 2674 1498 2753 ruht in diesem Stück. Doch zuweilen sind ihre Orakel¬
2582 2695 3373 2766 Genie Juliaus geblendet, ihm zuflog
1509 2708 2579 2777 lichere Gestaltung gefunden hätte. Was sich so auf
412 2731 1497 2793 sprüche wie Steine der Cyklopen, die uns den Zu¬
2577 2753 3354 2822 dem Licht, findet der Verführer für
1507 2773 2581 2830 den ersten Blick als Kern der Handlung darstellt,
411 2766 1511 2838 gang zum Tempel sperren, in dem tief verschleiert
2582 2797 3366 2872 Mann nur die Worte: „Leute von
1509 2803 2601 2876 ist nicht viel. Ein junger Mann erfährt, daß nicht
421 2830 1410 2907 das Bild zu Sais, die ewige Wahrheit, tront.
2576 2830 3383 2933 raths sind nicht dazu geschaffen, wirk
1507 2838 2592 2919 der sein Vat ist, den er bisher dafür hielt, sondern
506 2862 1510 2931 Von dem Wiener Boden, aus dem Schnitzler
2653 2888 3386 2967 weder Frau noch Kinder. Sie mö
1515 2917 2585 2974 ein anderer, an dem er mit Begeisterung hing. Wie
415 2901 1507 2979 seine fruchtbarsten Anregungen sog und die ihn in
2593 2928 3396 3009 Aufenthalt bedeuten — Heimat nie
1507 2951 2584 3025 ihm dieser selbst bekennt, hatte er die Mutter knapp
419 2966 1504 3029 der Literatur zu dem gemacht haben, was er ist, hat
2591 2979 3387 3050 sicht sich Julian selbst getäuscht. Die
1505 3007 2582 3070 vor der Hochzeit zu Fall gebracht und dann schnöde
429 2999 1502 3080 er sich innerlich seit geraumer Zeit entfernt, ebenso
2589 3028 3395 3113 Rechnungen der Vergangenheit werd
1510 3042 2602 3111 verlassen, während der hintergangene Freund, ohne
419 3064 1507 3130 hier, wie im „Zwischenspiel.“ Es handelt sich dabei
2591 3081 3383 3151 eine nach der andern, vom Sch
1506 3093 2587 3174 den Sachverhalt zu kennen, das Mädchen heiratete,
424 3112 1505 3180 nicht um die Schicksale der Personen und deren dra¬
2583 3131 3390 3203 Hand gespielt. Irene Herms erschein
1511 3125 2588 3210 recht und schlecht durchs Leben trottete und seine
412 3155 1503 3225 matische Fassung, sondern um ihre Farbe, um den
2587 3179 3397 3238 selben Zeit geliebt, als er das Herz Gal
1515 3187 2596 3265 Pflichten für den unterschobenen Sohn und für ein
420 3202 1515 3264 Geist, der sie belebt. Diese Gestalten haben keine
1511 3227 3386 3319 zweites Kind, ein Mädchen tat. Aus dem Mitleid] Er, der durchs Leben ging, immer nur
423 3245 1519 3322 wienerische Note. Ihr Element ist nicht der bewegte
430 3270 3397 3386 Pulsschlag eines lebensfrohen Völkleins, sie haben erwächst, wie so oft, auch hier die Liebe. Den natür= Liebe fordernd, ohne zu geben, kanng
