3436 4384
1427 392 1875 480 box 23/4
780 414 986 476 nsam
259 406 1268 513 18. Der Feg
641 1575 1679 1671 Husschnitt aus: Hamburgr Nachrichten
854 1668 1479 1757 A4FEB.1914 Hamburg.
654 1721 817 1774 vom:
822 1749 868 1809 1
923 1822 1450 1910 wiener Theater.
730 1888 1651 1982 (Von unserem Dr. H.=Mitarbeiter.)
659 1958 1801 2030 Das Burgtheater mußte sich jüngst vom Verband deutscher Büh¬
588 2007 1797 2069 nenschriftsteller sagen lassen, daß es deutsche Dramatik zu Gunsten
587 2041 1803 2123 fremdländischer vernachlässige; das ist dieselbe Feststellung, die schon
600 2072 1808 2148 an dieser Stelle als vorläufige Frucht der den Höhenunkt bereits
592 2115 1815 2188 überschritten habenden diesjährigen Spielzeit gemacht wurde. Wie
586 2162 1811 2231 um ihr Versäumnis wieder gut zu machen, das leider aus den
595 2195 1820 2275 Kassenerfolgen der bisherigen leichten, wertlosen Theaterware er¬
604 2239 1804 2312 klärt werden muß, brachte die Hofbühne Arthur Schnitz¬
588 2271 1809 2345 lers Schauspiel „Der einsame Weg“ heraus. Das
601 2310 1824 2389 Werk ist für die Wiener Bühne eine Neuheit; es wurde bei seiner
599 2355 1827 2438 Erstaufführung in Berlin vor zehn Jahren unter Gelächter abge¬
595 2394 1819 2474 lehnt, wurde dann von Brahm in Wien ein paar Mal mit Berliner
592 2436 1817 2509 Künstlern aufgeführt und verschwand dann völlig aus dem Gesichts¬
597 2474 1829 2550 kreis. Warum das Burgtheater das Stück zu neuem Leben erweckte,
608 2507 1829 2596 ist nicht recht einzusehen; es ist wohl Schnitzlerscher Geist, der dar¬
611 2554 1832 2632 innen umgeht, es ist aber keineswegs gut. Die verschiedenen Hand¬
596 2593 1838 2670 lungen, die nebeneinander herlaufen, bleiben im äußerlichen hän¬
601 2633 1836 2711 gen, sie bilden nur Paraphrasen zu dem eigentlichen Thema, das¬
601 2672 1829 2742 nach dem Titel die Richtung weisend, Menschen darstellt, die ihre
611 2718 1829 2802 eigenen Wege gehen, dunkel und abseitsführend von sich selber und
602 2751 1832 2827 den anderen. Und so leben diese Menschen, die uns Schnitzser in
603 2795 1837 2880 recht buntem Reigen vorführt, im Grund ihrer Seele aneinander
617 2831 1848 2909 vorbei und reden sich doch wieder unendlich viel gegen einander aus.
622 2868 1846 2958 Man weiß nicht, sind ihre Schicksale, die sie bewußt oder unbewußt
625 2911 1856 2992 mit sich schleppen, erlebt oder sind sie Vorstellungen einer selbst¬
624 2945 1864 3036 quälerischen Psychose, sind sie wahr, echt und darum wahrhaft tra¬
629 2980 1842 3066 gisch, oder spielen ihre Träger Theater im Theater. An diesem
636 3027 1850 3108 Zwiespalt, der trotz langatmigen Erörterungen, Selbstkritiken und
624 3053 1861 3146 Diskussionen immer wieder hervorbricht, scheitert Anlage und Ver¬
639 3115 1847 3188 lauf der Handlung; diese Menschen haben uns sämtlich viel zu
643 3142 1866 3229 sagen, ein jeder erleichtert seine Seele oder hofft wenigstens, sich die
627 3186 1854 3259 Last von seinem inneren Menschen herunterzusprechen, aber wir
631 3249 1856 3305 verstehen nicht, was sie drückt, die psychologische Hypertrophie über¬
635 3265 1855 3354 wuchert den Verstand und die sinnliche Anschauung von den gegebe¬
637 3300 1861 3378 nen Tatsachen; es ist, als wenn ein Psychiater uns die seelische
635 3342 1849 3418 Verfassung eines Menschen unter einem Schwall fachmännischer
636 3389 1855 3458 Gelehrsamkeit, deren Kern wir aus dem Konversationslexikon her¬
642 3417 1860 3503 ausschälen müssen, schildern wollte, anstatt uns menschlich einfach
642 3480 1859 3536 Grund und Ursach zu nennen, aus der wir dann allein, rein nach¬
634 3499 1856 3586 fühlend, zur Erkenntnis des Leidens gelangen. — Also alle Men¬
637 3537 1866 3616 schen des Schnitzlerschen Schauspiels gehen ihren einsamen Weg:
642 3573 1862 3668 der biedere Akademiedirektor Wegrath, der, ganz Pflichtmensch,
633 3616 1863 3706 ahnungslos gegenüber Weib und Kindern seinen idealen Beruf
645 3673 1873 3750 handwerksmäßig erfüllt sein Weib ist mit einer Lüge in die Ehe
638 3703 1873 3775 getreten, denn ihr Erstgeborener hat den Maler Julian Fichtner zum
648 3761 1876 3817 Vater, ihr Geheimnis macht sie einsam in ihrer Schuld, und so
643 3778 1871 3845 wankt sie dem Grabe zu, das sie schon nach dem ersten Akt aufge¬
651 3816 1878 3903 nommen hat. Julian Fichtner ist Junggeselle geblieben, im Rausche
643 3885 1880 3945 seines forcierten Künstlertums hat er sich nicht um seinen Sohn
653 3923 1876 3995 gekümmert, er sah ihn wohl untergebracht und glaubte, sich selbst
653 3929 1867 4016 genügen zu können. Aber als er im einsamen Alter sich dem Sohn
647 3976 1875 4048 offenbart, da wendei sich dieser von ihm und Fichtner geht in die
641 4040 1886 4129 Lebensöde, die ihn schon langsam umklammert hat. Und wiederum,
1806 1703 3044 1812 wie ohne Zusammenhang, wandelt die Schwester des jungen Weg¬
1819 1761 3038 1843 raths ihre Bahn, in ihrem Seelenleben verbildet, fällt sie einem
1824 1802 3036 1890 schon ergrauten Verführer mit Bewußtsein zum Opfer, ertränkt sich,
1828 1869 3034 1923 und er miß ihr, ein Todeskandidat an sich schon, folgen. So ent¬
1825 1886 3029 1974 schwinden alle diese Gestalten; wir wissen nicht, wohin sie sich
1824 1918 3031 2002 wenden, wir wissen aber auch nicht, woher sie gekommen, vor ihren
1825 1966 3037 2044 Seelen breiten sich düstere Schleier; sie blieben uns fremd und
1822 2004 3040 2088 wir gefühllos mit ihnen. Das Drama erhebt nicht und versöhnt
1825 2052 3039 2114 nicht, in ihm waltet der körperliche und feelische Tod. Die Auf¬
1836 2081 3050 2162 führung war nicht schlecht; Herr Walden spielte den Sala, dem
1825 2119 3051 2206 Johanna, Wegraths Tochter, verfällt, wie alle seine Rollen sehr sau¬
1825 2151 3042 2238 ber und mit redlichem Bemühen; ebenso Devrient, Paulsen und
1826 2220 3043 2275 Gerasch. Fräulein Wohlgemut war für die Tochter Johanna zu
1836 2226 3043 2323 schwer und heroinenhaft; ein Lichtblick war Frau Bleibtreu in der
1835 2266 3051 2351 Rolle der Irene Herms, die einzige Gestalt, die Leben und Gesund¬
1832 2314 3067 2400 heit verbreitet. Die Aufnahme war matt; das Publikum zeigte
1839 2337 3061 2447 sich literarisch wohl erzogen und rief Schnitzler vom dritten Akt anz
1834 2386 3079 2468 aber auch aller Lokalpatriotismus kann nicht darüber hinwegtäll¬
1846 2431 2933 2527 schen, daß „Der einsame Weg“ kein lebensfähiges Stück ist.“
