3436 4352
1037 309 1121 381 W
1393 309 1846 402 box 23/1
217 313 1273 418 18. Der einsane-neg
895 1029 1412 1126 Selaschmidt
671 1108 1304 1206 „ „ . Bureau für
708 1177 1248 1275 Zeitungsausschnitte
465 1230 1485 1347 verbunden mit direktem Nachrichtendienst durch
703 1309 1258 1386 eigene Korrespondenten.
1000 1345 1443 1435 Telephon: III, 3051.
511 1365 902 1449 Berlin N. 24.
454 1379 1515 1477 1—
749 1474 1215 1572 Ausschnitt aus
689 1589 1336 1751 Nabonalzeitung, Bertin
759 1720 1161 1852 45 FEB. 1904
1489 2082 3348 2163 mit den ausgefurchten Zügen im Gesicht, die auf ein bewegtes ihn ganz zu sich hinüber zu zieh
1519 2121 3355 2222 Leben voll Genuß und Leidenschaft schließen lassen. Er hat entfernt, ihm gerührt in die Ar¬
589 2145 1282 2247 Kleines Feuilleton.
2713 2167 3346 2236 ernst läßt er sich die Geschichte
1524 2188 2729 2262 den Namen, aber längst nicht mehr die Kraft eines großen
2718 2206 3354 2277 dem er sein Dasein zu verda#
723 2216 1159 2302 Deutsches Theater.
409 2232 2720 2340 Trübe Herbststimmung mit vertrochnetem Laub, das, von Künstlers. Im Wiener Museum hängt ein vielbewundertes
2712 2264 3345 2331 Fichtner ihm dabei fremder all
1520 2271 2733 2358 Porträt von ihm. Es stellt eine junge Schauspielerin im
1529 2314 3343 2396 Harkelinkostüm mit einer griechischen Toga und einem Gewirr weit mehr dem Manne gehört,
317 2309 1541 2407 kaltem Wind getrieben, über die Straßen raschelt, das nieder¬
1532 2349 3339 2436 von Masken zu ihren Füßen dar. Fichtner hat ihm die Züge pflegt, behütet und erzogen h
318 2350 1542 2437 drückende Gefühl einer Schuld, die sich nicht wieder gutmachen
1528 2388 3346 2491 seiner Geliebten, einer namhaften Darstellerin gegeben, von fortan beide weiter auf getrei
325 2398 1534 2467 läßt, die Ahnung von Vergänglichkeit und Tod durchziehen
2725 2434 3350 2495 handelt diesen Teil seiner Han
321 2431 1534 2527 das fünfaktige Schauspiel „Der einsame Weg“ von
333 2445 2736 2562 Arthur Schnitzler. Eine sterbende Frau erscheint in der er sich wegen ihrer leichtsinnigen Streiche trennte. Sie
2720 2479 3331 2534 Sentimentalität, mit der ein
1527 2486 2739 2571 finden sich nun wieder als gute Freunde, die nichts mehr von
2719 2508 3348 2585 zosen gern verquickt wird. Er
334 2532 1543 2604 einem kleinen Gärtchen, das ganz von Häusern umschlossen
1538 2536 2731 2607 einander wollen. Die Schauspielerin hat ein behagliches
1531 2559 3345 2646 Unterkommen auf dem Lande bei ihrer verheirateten Schwester und häuft kleine Charakterzüge
328 2573 1548 2649 ist, so daß jeder Ausblick ins Freie fehlt. Ein Künstler,
1542 2612 3344 2703 gefunden und denkt nur noch mit Grauen an die Demüti= dung der beiden Männer vollz
334 2613 1554 2679 dessen Haar ergraut und dessen Talent gebrochen ist, reißt sich
2724 2650 3319 2719 deutung für uns verlieren.
333 2645 1542 2738 von seinen Erinnerungen los und steht im Begriff, seine schöne
1545 2660 2735 2742 gungen und die Schmach, denen sie während ihrer Theater¬
2801 2698 3348 2762 Wir schreiten durch den #
333 2686 1545 2783 Einrichtung zum Trödler zu schicken. Ein vornehmer Mann
345 2694 2749 2822 wandert zwischen den Sträuchern und Bäumen seiner Be¬ laufbahn ausgesetzt war. Sie fühlt sich jetzt als Naturkind,
2735 2748 3350 2811 Menschen, die sich ebenfalls auf
342 2747 2732 2871 sitzung mit trüben Gedanken einher, denn er weiß, daß seine dem die Dichter auf den Proben wie Narren vorkommen und
2738 2792 3361 2851 gebrochene Naturen darstellen.
1544 2793 2744 2869 das sich nicht scheut, das törichte Gerücht auszustreuen, einer
2736 2838 3350 2902 sieben Jahren seine Frau unl
337 2814 1550 2906 Lebensuhr bald still stehen wird. Als matten Trost läßt die
1541 2834 2746 2917 ihrer Bekannten habe seine Frau umgebracht. Als Fichtner
2730 2856 3355 2937 spinnt sich nun immer tiefer in
334 2875 1553 2947 Abendsonne ihren roten Schein durch die Fenster seiner Villa
1544 2871 2746 2964 sie in ihrer reizenden Frische wiedersieht, kommt ihm das Oede
2746 2917 3349 2983 seiner eben bezogenen Villa zei
337 2907 1554 2991 und auf den Teich fallen, wo die Marmorbüften von römischen
1550 2920 2736 2998 und Leere seiner Existenz erst voll zum Bewußtsein. Er be¬
2738 2961 3355 3023 er sich als Dichter, de manch
337 2960 1560 3051 Kaisern stehen und seine Geliebte alsbald ein kaltes nasses
343 3008 2751 3075 Grab finden wird. Auch wenn die Menschen Freundschaft sitzt nicht mehr die Fähigkeit, sich zu sammeln, sondern irrt
2738 2994 3359 3066 ein Stück zur Aufführung brch
350 3006 2747 3131 und Liebe für einander zu empfinden scheinen, sind sie doch planlos in der Welt umher. Das Alter klopft vernehmlich
2733 3051 3344 3111 um ihn geworden und er legt)
340 3051 2755 3154 nur mit ihren traurigen Gedanken, ihrer Selbstquälerei und an seine Tür und er hat als Junggeselle keine Seele, an die
2742 3086 3352 3155 1„Freunde habe ich im allgen
3291 3119 3352 3188 Er
351 3118 2380 3212 Verzweiflung beschäftigt. „Wer kümmert sich denn überhaupts er sich vertrauensvoll anschließen kann.
2746 3131 3267 3203 habe, verleugne ich sie.“
1629 3129 2755 3214 Doch nein! Jemand lebt, dem er sich offenbaren möchte,
346 3174 1585 3269 um die andern?“ fragt in einer bangen Stunde ein junger
1557 3168 3359 3267 von dem er neue Belebung und Verjüngung seines trostlosen einem Arzt in die Hände gefal
340 3212 1578 3303 Mann, der durch das Verschwinden seiner Schwester be¬
352 3212 3361 3356 unruhigt ist, und der Arzt des Hauses antwortet ihm viel= Innern erwartet. Das ist ein flotter Ulan, der aber manch= daß es nicht mehr lange mit ihn
2751 3264 3354 3334 er sich aber doch noch aufraffen
1559 3271 2771 3354 mal daran zweifelt, ob er zur rechten Zeit geboren sei und
2742 3305 3357 3375 nehmen. Ein Graf will eine
359 3305 1571 3384 sagend: „Es ist wahrscheinlich gut so, sonst würden wir alle
1561 3310 2770 3401 sich nach einem Leben ohne die moderne Ordnungsfexerei
2753 3348 3349 3418 Durchforschung Bactriens un
354 3351 1571 3425 toll vor Mitleid oder Ekel oder Angst.“ Wo ist das Lachende,
1562 3358 2763 3440 sehnt. Seine dahinsiechende Muttter hat einen seelenguten
360 3378 1568 3477 Leuchtende und Leidenschaftliche in der Begabung Schnitzlers
350 3445 3346 3530 geblieben, der eben erst im „Schleier der Beatrice“ einen sol Mann, der sich bei der Leitung der Kunstakademie an die Tret= Eebatana ausrüsten. Sala si
2744 3424 3362 3509 bläulich schimmernden Marm
1569 3462 2766 3529 mühle gewöhnt hat, einen sogenannten Kunstbeamten, der!
359 3475 1578 3562 schönen Aufschwung zu den goldenen Höhen der Renaissance
365 3525 3353 3608 genommen hat? Er ist in dem neuen Stück wieder zu seinen sein Glück darin findet, sich für andere zu opfern. Er weiß Erde führen, die prächtigen!
2743 3519 3350 3589 vor sich, um den Genuß dies
354 3578 2766 3644 Wienern zurückgekehrt, aber wie sehr haben sie sich ins Trüb=nicht, daß sein Felix, den die Uniform so schmuck kleidet, der
2749 3560 3345 3643 betäubenden Trunk noch vor s
359 3618 2771 3696 selige verändert! Sie hocken wie Gespenster auf Gräbern und Sohn des Malers Fichtner ist und daß seine Frau in der!
2829 3607 3358 3674 Eine tragisch ausgehend
356 3618 2771 3734 scheuchen alles Lebendige von sich. Was ehemals in den Sterbestunde mehr an diesen als an ihn gedacht hat. Der
1561 3642 3341 3747 Maler betrachtet den jungen Mann mit schwärmerischen vonr Ausführung dieses
1571 3695 3354 3783 Augen. Er will ihn sich nicht nur als Freund erhalten, Tochter des Akademiedirektor
360 3692 1580 3796 Herzen glühte, ist kalt und die Welt ein Aschenhaufen ge¬
370 3766 572 3834 worden.
455 3741 3360 3853 Versuchen wir uns in dem Nebel dieser verschwimmenden sondern auch seine Liebe als Sohn erringen. Zögernd und Wesen voll unterdrückter Lebe
362 3826 3361 3916 handlung zu den Hauptpersonen hindurchzutappen! Da er= bang gibt er sich ihm, während er ein Jugendbild der Frau aus dem Elternhause hinaus
374 3815 3357 3964 blicken wir zunächst den graubärtigen Maler Julian Fichtner in den Händen hält, als Vater zu erkennen in der Erwartung, ihr dabei wie eine Last ersch
