3484 4384
1380 386 1848 485 box 23/5
221 396 1256 503 18. Der einsane Neg
1969 458 3190 553 Ein lockender Drang in die Ferne treibt den vom Tode Ge¬
1964 537 3186 596 zeichneten, sich einer wissenschaftlichen Expedition nach Bak¬
1980 573 3196 643 trien anzuschließen. Aber das Schicksal, an das der Fatalist
1974 624 3198 687 Schnitzler mit fast dogmatischer Überzeugung glaubt, läßt
1976 677 3194 735 ihn diese Sehnsucht nicht mehr befriedigen. Johanna, eine
1977 717 3199 795 seltsame, romantische Mädchenfigur, wird seine Geliebte und
1969 762 3202 851 erfährt dann von seinem Todesgeschick. Ihrer eigentümlichen
1979 817 3197 892 Naturveranlagung nach muß sie jeden Menschen, der auf ihr
1974 860 3202 940 Mitleid angewiesen ist, hassen. Damit nun die Erinnerung
1973 921 3198 984 an die herrlichen Zeiten ihrer Liebeserfüllung nicht in Häß¬
1974 980 3199 1031 lichkeit ausartet, ertränkt sie sich im Parkweiher Salas.
1982 1022 3204 1076 Sala stellt sich ihrem Bruder Felix zur Verfügung und
1977 1054 3205 1135 dieser offenbart ihm in augenblicklicher Grausamkeit sein
1981 1112 3196 1177 nahes Ende. Sala wird es nicht erwarten, sondern im Laufe
1980 1157 3199 1226 der nächsten Stunde selbst herbeiführen. Johannas Gestalt
1978 1206 3200 1272 ist Schnitzler am wenigstens gelungen. Er stellt den Hörer
1978 1250 3209 1331 in ihren Szenen bereits vor vollendete seelische Prozesse und
1973 1299 3200 1372 erschwert ihm so das Verständnis ihres Handels. Sala ist
1984 1348 3200 1423 der Räsoneur Schnitzlers. Ihm legt er die geistreichsten und
1984 1397 3200 1476 tiefsten Sentenzen in den Mund. Sala ist eine tragische
1983 1452 3202 1528 Erscheinung. Er durchschaut die egoischen Triebfedern seines
1978 1500 3209 1569 Lebens, kann sich ihn.n jeboch nicht entziehen. „Lieben heißt,
1974 1547 3214 1619 für jemand andern auf der Welt sein ... Was hat das,
1971 1594 3202 1670 was unsereiner auf die Welt bringt, mit Liebe zu tun?
1975 1644 3212 1731 Haben wir jemals ein Opfer gebracht, von dem nicht un¬
1603 1654 1981 1757 AerdvoLpel
1980 1688 3217 1783 sere Sinnlichkeit oder unsere Eitelkeit ihren Vorteil gehabt
1979 1743 3207 1821 hätte? Haben wir je gezögert, anständige Menschen zu be¬
1021 1729 1752 1842 Theater und Kunst.
1985 1785 3210 1878 trügen oder zu belügen, wenn wir dadurch um eine Stunde
847 1799 1980 1886 J. G. Brunner Städttheater. Ibsens Bekenntnis „Dich¬
1974 1845 3210 1935 des Glücks oder der Lust reicher werden konnten?" Das
758 1874 1977 1946 ten heißt Gerichtstagthälten Über sich selbst“ klingt als weh¬
1992 1898 3213 1968 Gegenstück Salas ist der Hausarzt Wegrats, Dr. Reumann.
761 1910 1988 1982 mütiges Leitmotiv aus dem „Einsamen Weg“, Artur
1980 1933 3210 2017 Dessen Sehnsucht ist es, ein Schurte zu sein, ein Kerl, der
767 1982 1985 2033 S##tester und ergreifendster Dichtung, die uns
1984 1988 3212 2055 heuchelt, verführt, hohnlacht, über Leichen schreitet. Aber er
774 2012 1978 2094 gestern, elf Jahre nach ihrer Entstehung, zum erstenmal die
1985 2045 3207 2126 ist durch Mängel des Temperaments dazu verurteilt, ein
763 2068 1982 2123 wehen Rhythmen ihrer verklingenden Sehnsuchtsmelodien zu
1981 2079 3218 2156 anständiger Mensch zu sein. — „Der einsame We.“ ist wohl
763 2114 1985 2183 offenbaren suchte. In keinem anderen Werk ist der Wiener
1977 2136 3217 2234 Schnitzlers tiefste Dichtung, doch nicht sein bestes Drama.
762 2170 1987 2246 in Technik, logischer Dialogverklammerung und Tiefgrün¬
1986 2178 3211 2259 Zwei, ja drei Handlungen laufen parallel, sie lösen einander
764 2215 1980 2277 digkeit der ethischen Probleme dem großen Skandinavier
1979 2236 3210 2323 ab, statt miteinander zu verschmelzen. Breite epische Stellen
778 2276 1979 2337 so nahe gekommen. Ohne die „Wildente“, die „Frau vom
1988 2302 3216 2351 erdrücken den dritten Akt und man muß den Weg durch
774 2310 1990 2379 Meer“ und den Epilog „Wenn wir Toten erwachen“ sind
1979 2330 3216 2418 das Buch gemacht haben, um den seinen, überzarten Fäden
773 2353 1985 2435 viele Szenen der fünf Akte kaum zu denken, womit jedoch
1979 2383 3210 2479 der seelischen Verschlingungen folgen zu können. Kommt
768 2410 1987 2473 nicht gesagt sein soll, daß Schnitzlers Schauspiel dadurch
1987 2421 3217 2514 überdies wie gestern eine Aufführung zustande, die mit
776 2464 1986 2535 irgend etwas an geistiger Selbständigkeit eingebüßt habe.
1988 2494 3221 2559 Ausnahme Harry Waldens und Frau Brandts dem
774 2503 1993 2576 Im Gegenteil: Es ist ja das persönlichste Werk des Dichters.
1983 2531 3214 2601 Geiste des Dichters nicht einmal Annäherungswerte zu bie¬
786 2556 1987 2616 Schnitzler war vierzig Jahre alt, als er den „Einsamen
1985 2595 3204 2660 ten vermag, so darf man sich nicht wundern, daß der Ein¬
785 2601 1983 2671 Weg“ schrieb. Er stand an der wichtigsten Wegwende des
1993 2622 3203 2711 druck des „Einsamen Weges“ nicht sonderlich günstig war.
772 2653 1990 2731 Mannes. Prüsend überblickt man die Zeit des Aufstiegs;
1983 2685 3217 2742 ! Wer als junger Mensch etwas Faszinierendes, Blendendes,
787 2710 1988 2768 was bisher im Schein des Lebenswichtigen geglänzt hat,
1990 2723 3216 2801 Geniales hat, kann mit laum fünfzig Jahren nicht zu einem
785 2767 2001 2810 überschätzte Eintagsherrlichkeiten verwehen gespenstisch vor
1989 2772 3217 2856 gänzlich unbedeutenden, jedes Interesse ausschließenden
790 2799 1994 2878 den gereiften Blicken des Vierzigjährigen, er bekommt den
1989 2823 3217 2892 Spießbürger herabsinken. Und den hat Herr Rubel aus
790 2847 1991 2911 Sinn für das Wesentliche, diesen erprobten Führer im Reich
1988 2866 3213 2969 dem Künstler Julian Fichtner gemacht. Frau Graf (Jo¬
783 2895 1987 2982 des herandämmernden Alters. Der Tod erhebt langsam und
1994 2922 3223 2995 hanna) spielte ein verraunztes Bürgermädchen, das einges
792 2941 1987 3009 mahnend die Sanduhr und der Männlichste wird im Augen¬
1994 2973 3213 3049 lernte Worte aussagt, und mit dem geistig reifen Felix
776 2998 1992 3058 blicke jäher Beklemmung bebend nach einer ermutigenden
1994 3021 3213 3091 wußte Herr Rehberger gar nichts anzufangen. Die bei¬
779 3024 2010 3110 und stützenden Hand tasten. Weh dem, dessen Schaffens¬
797 3116 3203 3159 und Liebesegoismus verstehende Mitgeschöpfe endgültig aus bden Auftritte zwischen Julian und Felix, die schönsten des
1992 3121 3217 3196 Dramas, verloren vollständig ihre dichterische Physiognomie.
789 3144 1993 3210 seinem Bereich verbannt hat. „Und wenn uns ein Zug von
2001 3170 3204 3254 Herr Recke (Wegrat) und Fri. Birnbaum (Gabriele)
781 3190 1994 3275 Bacchanten begleitet — den Weg hinab gehen wir alle
2002 3218 3214 3303 blieben bereits in den ersten Parkettreihen unverständlich,
779 3234 1998 3315 allein .. . wir, die selbst niemandem gehört haben.“ Schnitz¬
1995 3274 3211 3358 wie überhaupt das unhörbare Geflüster seit einiger Zeit
782 3293 2000 3353 ter hat während der ersten zehn Jahre seines Wirkens eine
1993 3309 3218 3405 ßzum allgemein beklagten Übel geworden ist. Herr Strauß
787 3337 1997 3414 Reihe solcher Genüßtinge und leichtsinniger Individualisten
1999 3360 3221 3454 (Dr. Neumann) wählte nicht mil Unrecht die Maske Schnitz¬
791 3386 1995 3446 oft mit verstehendem Entgegenkommen gezeichnet und nur
1993 3432 3221 3496 lers und verstand wenigstens, was er zu sagen hatte. Blei¬
795 3433 1990 3519 sehr selten den Stab über sie gebrochen. Jetzt ruft er sie
1999 3461 3221 3532 ben Herr Walden und Frau Brandt. Walden gibt dem
797 3503 2001 3559 und sich vors Gericht und zieht die letzten Konsequenzen.
1993 3506 3212 3609 Emamrierten Schöngeist Salu eine unwiderstehliche, raffi¬
798 3531 2005 3606 (Geethe tat Ahnliches im „Götz“ und „Clavigo“.) Und so
1998 3547 3214 3643 Pnierte Kultur der Gebarde, der Kleidung und des Wortes.
794 3595 2001 3645 verschlingen sich im „Einsamen Weg“ die Grundakkorde
2000 3600 3210 3700 Doch bleibt der Künstler nicht an diesen Außerlichkeiten haf¬
809 3632 1989 3707 seiner gesamten Tichtung: Leben, Liebe, Selbstsucht, Schick¬
1988 3657 3213 3757 #ten, sondern erschließt auch restlos das komplizierte Seelen¬
808 3675 1965 3756 sal und Tod zu einen herzerschütternden Parzenlied. —
1995 3707 3211 3780 tbild des bis zum Grabesrand ästheteinden Selbstsüchtlings,
789 3728 2007 3808 Julian Fichtner, ein seinerzeit berühmer Maler, hat in der
2004 3768 3211 3849 ja am Schlusse, als der Wunsch, das verschüttete Ekbatana
805 3777 1997 3854 Jugend die Braut seines Freundes Begrat verführt und
2003 3791 3221 3900 zu betreten, durch die jählings niedersausende Todessense
803 3827 2004 3902 war auch entschlossen, sie am nächsten Tage mit sich in die
2003 3839 3216 3947 zunichte gemacht wird, da ergriff und durchzitterte wohl
786 3871 1999 3967 Welt zu nehmen, doch im letzten Augenblick überwältigt ihn
2007 3901 3216 4000 jeden Zuhörer die Stimmungsgewalt seiner auserlesenen
790 3939 1997 3996 die Furcht, sein Leben ewig an ein Wesen gekettet zu sehen,
2007 3949 3223 4029 Kunst. In der großen Szene mit Julian feierte Frau
793 3981 2006 4056 das seinem bisherigen pflichtenlosen Hinstürmen durch die
1997 3999 3215 4108 [BBraudts ungezwungene und in der Gefühlsreihe von
793 4020 2003 4101 Genußmöglichkeiten der Welt unbedingt Fesseln anlegen
2003 4044 3207 4136 Scherz zum Schmerz völlig ausgeglichene Dialogbeherrschung
768 4061 2005 4161 wirg und so flicbt er allein, ohne Reue, im berauschenden
2010 4100 3223 4194 einen berechtigten Triumph. Das ausverkaufte Haus dankte
798 4122 1998 4202 Gfuhl von Jugend und Unbeschranktheit. Er hätte sich so¬
2009 4116 3252 4232 Herrn Walden durch Beifallsstürme, namentlich nach den
769 4164 2003 4245 Mar des eventnellen Selbstmordes der Geliebten für wert
807 4227 2010 4296 gehalten. Als er Gabriele nach zehn Jahren wieder ent¬
2092 4274 2242 4312 e
801 4220 2366 4312 segentritt ermaprt er, naß sie damals ihren Verlohlen so Mrten Art.—
