3436 4320
790 225 993 294 nSam
1432 227 1892 317 box 23/5
278 223 1281 325 18 ef
1308 688 1955 777 Dr. Max Goldschmidt
1295 762 1945 847 Büre für Zeitungsausschnitte
1018 754 1107 893 4
1675 818 2139 899 Teleion Norden 3031
1118 839 1417 915 BERLIN N4
1458 935 1796 1008 Ausschnitt aus:
998 995 2125 1075 " Königsberger Allgemeine Zeitung
2112 1161 2310 1248 -gave
1491 1150 1924 1255 19. Apr. 1926
1356 1312 2038 1407 Neues Schauspielhaus.
1166 1386 2197 1461 Arthur Schnitzler: „Der einsame Weg.“
1147 1447 2362 1517 „Schleier senken“ sich auch auf dieses Werk Schnitzlers herab, um
1033 1477 2351 1555 kmit Worten des Dramas zu sprechen. Wir hören die milde und stille,
1042 1564 2362 1601 traurige Melodie seiner Sprache, wir erleben das dunkle Schicksal seiner
1042 1588 2355 1643 Menschen, atmen die Melancholie der Schwäche und der Unzulänglichkeit,
1041 1637 2339 1687 des Alt= und Müde=geworden=Seins wie ein zartes Rauschgift ein —
1034 1669 2379 1730 und wir spüren dennoch eine Wand zwischen uns und der Bühne. Dien
1037 1719 2348 1772 Menschen, die dort oben stehen, sind nicht mehr wir; ihre Art, Leben und
1043 1764 2350 1815 Dasein zu empfinden, ihr Schicksalsgefühl ist nicht mehr das unsrige. Was
1039 1805 2356 1847 sollen uns diese matten Wesen, deren Blut blaß ist, deren Atem keine
1050 1844 2350 1902 Wärme und deren Herzschlag keine Kraft hat? Zwar zwingt uns der
1038 1884 2353 1950 beredte Zauber Schnitzlerscher Kunstform noch in die Suggestion vors
1032 1923 2347 1972 Hinsterben und Verwesen hinein, wir können uns der abendlichen Todes¬
1040 1978 2347 2044 stimmung nicht entziehen, die aus Park und Teich uns entgegenschauert
1036 2026 2289 2074 Das Frösteln der Sterbenden überträgt sich auch auf unsere Nerven.
1160 2054 2352 2116 Aber die magische Wirkung dieser düsteren Szenen vollzieht sic
1051 2097 2343 2155 gegen unseren Willen, gegen unsere Neigung. Unsere Sympathie wende
1039 2145 2354 2205 sich jener Frau zu, die voller Leben ist, die fähig gewesen wäre, ihr
1037 2187 2354 2253 Dasein mit Mütterlichkeit zu erfüllen und deren Tragik es war, an dieseh
1040 2239 2355 2285 ohnmächtigen, schwachen Männer zu geraten. Sie leben ohne Leidenschaft
1046 2280 2341 2327 die Frau, die sich ihnen gibt, verlassen sie sofort, jung schon die Alters¬
1042 2322 2349 2376 weisheit empfindend, daß alles, was beginnt auch endet. Sie haben
1046 2368 2347 2413 keinen Glauben an ihr Gefühl, kein Zutrauen zu dem Leben. Und die
1045 2403 2363 2458 dennoch — wozu sie kein inneres Recht haben — Ansprüche machen aufs
1049 2447 2363 2510 das Kind, das solcher flackernden Zuneigung entspringt, die den einsamen
1044 2499 2364 2553 Weg des Alleinlebenden wehmütig klagend gehen. Die Frau, deren Wesen
1050 2541 2357 2597 überreich an Wärme, Herzlichkeit und Liebe ist, weisen sie von ihrer Tür,
1053 2587 2370 2634 weil sie — als Symptom verstanden — die Verse ihrer Dramen nichts
1046 2621 1324 2693 sprechen kann.
1157 2669 2364 2741 Es ist die Sehnsucht nach Jugend, die aus jedem
1046 2690 2349 2756 Wort dieser Dichtung klingt, die Sehnsucht alt geborener, alt empfinden¬
1044 2752 2348 2818 der Menschen nach der Fülle und Ungebrochenheit des frischen Menschen.
1052 2805 2345 2853 Befangen in das deutliche Bewußtsein der Unzulänglichkeit des müden Da¬
1049 2847 2364 2903 seins, wünschen sie sich die Naivität zurück. Schnitzler kennt die Leiden dieser
1057 2882 2357 2952 Menschen, er spürt das Notwendige in ihnen, das Unausweichliche ehres
1052 2934 2339 2999 Schicksals. Und er weiß diese Stimmung wie so mancher seiner Gene¬
1048 2977 2362 3035 ration in bestrickende Schönheit zu hüllen, ihr den Edelglanz zu geben,
1051 3015 2356 3067 der diese Leiden ins Ehrfürchtige erhöht. Deshalb, weil seine Dichtung
1050 3065 2363 3105 echt, ein Symptom ihrer Zeit ist, gilt sie auch heute noch, wenn auch der
1054 3102 2352 3169 Mensch der Gegenwart weg will von dieser Atmosphäre des Kranken und
1049 3141 1919 3196 Schwachen, des im tiefsten Grunde Ungesunden.
1150 3187 2368 3233 Fritz Richard Werkhäuser hatte die Stimmungswerte des
1037 3232 2350 3305 Dramas sorgfältig herausgearbeitet. Den Schatten, in dem seine Vor¬
1056 3279 2361 3333 gänge sich entwickeln, hatte er fast zu dunkel sichtbar gemacht. Diese
1046 3321 2358 3365 Menschen sprachen nicht mehr, sie flüsterten nur noch. Sie unterhielten
1060 3357 2358 3413 sich, aber kaum noch zugleich das Publikum. Die erste Forderung an den
1047 3403 2349 3458 Schauspieler, daß sein Wort verständlich sei, blieb unerfüllt; man hörte
1051 3453 2348 3505 nur, daß auf der Bühne gesprochen wurde, nicht aber, was gesprochen
1053 3495 2352 3540 wurde. Die Dämpfungen des Sprachtons waren zu stark für Schauspieler,
1053 3539 2350 3589 die nicht mehr fähig sind, leise und dennoch vernehmlich zu sprechen.
1045 3584 2343 3629 Dadurch verlor sich viel von der an sich doch packenden Wirkung des
1043 3621 2353 3673 Dramas. Und er hatte die Tragödie viel zu sehr in die Länge gezogen.
1045 3668 2353 3709 Drei Stunden und eine halbe währte die erste Vorstellung. Durch
1049 3707 2349 3783 energische Striche ließe sich sicher eine größere Konzentration der
1046 3755 1453 3812 Stimmung erreichen.
1154 3774 2349 3859 Die Schauspieler gestalteten zumeist ihre Rollen mit sicherem Ge¬
1048 3834 2351 3893 fühl für ihre seelische Bedeutung. Viktoria Strauß gab der Johanna
1040 3880 2340 3935 die gläserne Zartheit, die ihre hellsichtigen Fähigkeiten nicht mehr wunder¬
1041 3920 2341 3978 bar erscheinen ließ. Sie war von Anfang an bestimmt, still zu vergehen.
