3392 4256
1392 234 1868 320 box 23/5
885 250 945 312 10
235 244 1253 346 18. Der einsage Nen
652 761 848 852 S
615 845 940 933 rheaer.
597 891 1098 986 Kinchene u 1341
574 941 1233 1029 es=Ceneve — Tel. Stund 4885
535 1041 1239 1122 dal de coupures de journanx;
204 1061 310 1147 Drr.
549 1095 1092 1164 ## de ei en toutes langues
174 1096 1241 1212 mawsanssunn
211 1206 1204 1297 Correspondants dans toules les grandes villes
2901 1268 3118 1364 2 put Tasie
3123 1287 3319 1371 aura lie
2214 1307 2910 1391 Gepreclation au rouble tsariste.
3115 1342 3308 1402 figurent¬
180 1349 636 1434 Eatrait du Journal:
2256 1373 3074 1436 Si le traité est conclu, il réservera, er
3109 1377 3320 1450 conrentic
2229 1395 3113 1482 tout cas, de grands avantages aux deux
3115 1432 3326 1504 Les döpug
2220 1451 2500 1528 signataires.
191 1441 410 1535 Adresse:
2249 1519 3319 1589 Les rapports avec la Grande-Bretagne 4 Zagreb 5
874 1480 1095 1600 19265
189 1544 360 1632 Date:
3136 1571 3316 1633 On ma
2263 1556 3109 1625 Le ministre déclara, d’autre part, ques
490 1548 948 1676 ORG-6U-
3114 1605 3300 1671 comité
2226 1591 3111 1671 les opérations militaires de la Grande-Bre¬
2225 1650 3109 1728 tagne à la frontière afghane ont surpris et
3109 1649 3312 1712 la ville p
2233 1691 2718 1761 inquiété I’Afghanistan.
3117 1683 3320 1764 rant des
2235 1802 3119 1881 fout à fait comblé les vceux des admi¬
3110 1800 3320 1884 Jeures, au
2237 1863 3111 1930 rateurs du Maitre. Cenfut une assez
3120 1853 3309 1927 la saison
2236 1907 3120 1964 grosse déception qui, säns doute, dut
3112 1912 3312 1961 dans de
1463 1803 2221 1996 TIEATRALE
601 1900 1475 1993 K SENTAINE
2233 1945 3124 2008 assombrir les derniers jours de l’au¬
3111 1947 3259 2007 une fi
1612 1977 1699 2038 R
2238 1986 3119 2041 teur que nous allions perdre si brus¬
3110 1998 3191 2063 pri
803 1989 1925 2096 Par ANTÖINZ
2233 2031 3121 2094 quement. On a rendu un bel hommage
1701 2063 1819 2133 6
929 2069 1107 2137 —
193 2069 304 2141 lim
2236 2077 3110 2133 àrce grand écrivain, T’une des plus hau¬
2234 2113 3112 2183 tes gloires du Théätre contemporain
2240 2164 3106 2238 dont la perte marque cruellement l’an¬
517 2118 2174 2237 Résumé de la Saison Thédtrale 1927-1928 (suite)
2244 2202 2583 2272 née théätrale.
1230 2220 1419 2283 —.—
2284 2260 3113 2323 Fort heureusement pour Darzens, Lu¬
3124 2268 3182 2327 pr
1360 2256 2224 2337 borateurs aujourd'hui, tout le monde
535 2262 1325 2360 LES THEATRES DU BOULEVARD
2238 2305 3115 2380 cien Descaves luj apportait une pièce
3117 2321 3193 2375 Pu
1364 2320 2227 2380 parait calme, mais c’est une paix armée
513 2329 1367 2422 II nous reste à voir, après les Subven¬
2239 2360 3124 2419 nouvelle écrite au lendemain du Ceur
3109 2364 3191 2417 un
1365 2368 2232 2444 que le moindre incident pourrait rom¬
493 2393 1361 2449 tionnés et le groupe des Quatre, les
2245 2398 3109 2450 Ebloui, et les Fruits de l’Amour, com¬
3107 2403 3189 2463 all
1362 2409 1494 2491 pre.
480 2432 1361 2510 autres théätres parisiens, et surtout
2239 2449 3113 2515 portant un succès non moins grand, ter¬
3118 2452 3184 2515 au
1414 2431 2225 2519 Des le début de la saison prochaine,
474 2472 1372 2550 ceux du Boulevard. Pour simplifier,
2236 2487 2963 2549 minèrent brillamment la saison.
1362 2493 2243 2562 le Théätre-Antoine va passer en d’au¬
485 2525 1174 2592 adoptons T’ordre alphabétique.
1369 2545 2232 2590 tres mains. Les nombreuses sous-loca¬
2281 2535 3172 2607 A l’Athénée, la formule à peu pres für
520 2552 1362 2632 Au Théätre-Antoine, la saison qui
1373 2577 2243 2646 tions que la Société exploitant cette
2226 2578 3117 2645 infaillible de M. Rozenberg obtint par
475 2608 1370 2678 avaii débuté sans éclat par une comédie
1377 2630 2240 2693 scène avait consenties durant ces an¬
2243 2631 3121 2701 deux fois la plus heureuse réussite. On
486 2665 1364 2724 de M. Päul Gavault, les Feua dn
1374 2675 2238 2728 nées dernières étant parvenucs à expira¬
2244 2657 3209 2738 vit enfin cette Nicole et sa Vertu de Fet,
481 2707 1366 2767 Ceeur, s’est poursuivie avec le Salan de
1373 2712 2240 2782 tion, René Rocher, quittant la Comédie
2223 2713 3173 2765 M. Gandera dont les aventures furent e
485 2751 1370 2818 M. Louis Verneuil et achevée sur une
1378 2762 2235 2813 Caumartin, a obtenu le bail du théätre
2233 2752 3177 2805 si retentissantes et qui se dénouèrent füfe
479 2794 1360 2869 fructueuse reprise d’Amanis et quel¬
1376 2803 2240 2863 pour une assez longue période. Le passé
2231 2802 3171 2871 par une fort belle centième. Et tout de EV
492 2832 1112 2910 ques autres combinaisons.
1372 2829 2242 2899 du jeune directeur, son activité et son
2234 2851 3174 2911 suite après, MM. Louis Verneuil et #o
1373 2890 2244 2949 élan, sont garants que le Théätre-An¬
2243 2885 3176 2948 Georges Berr donhèrent Ma Seur et
515 2881 1365 2952 L’incident marquant de Thiver. bou¬
1378 2930 2238 2984 toine va enfin sortir de la période des
2236 2926 3187 2993 Mot, l'une de ces agréables et faciles co¬pl
483 2941 1360 2998 levard de Strasbourg, fut une querelle
1368 2974 2241 3034 combinaisons, et que Rocher travail¬
2237 2974 3121 3044 médies dont la fortune est assurée rue
3100 2980 3181 3036 Su
483 2986 1363 3046 de M. Louis Verneuil, de plus en plus
1371 3003 2248 3073 lant avec un programme conduit avec
2248 3022 3111 3089 Boudreau avec l’excellent trio: Mile
3112 3026 3191 3077 ICe
479 3029 1366 3085 belliquenx, avec la Critique, que l’on
1379 3061 2242 3114 suite et unité, va rendre à cette Maison
2234 3057 3192 3124 Madeleine Soria, Rozenberg et Ar- Stra
493 3077 1370 3130 vit, peut-étre pour la première fois sur
2233 3103 2443 3169 naudy.
1380 3106 2244 3166 son röle de scène hautement littéraire
489 3119 1363 3176 un mot d’ordre de son Président, s’abs¬
1376 3143 2243 3206 sur laquelle beaucoup d’ceuvres origi¬
3102 3145 3191 3211 n
2275 3138 3110 3227 Le Théätre des Bouffes-Parisiens con¬
486 3156 1370 3223 tenir de tous comptes rendus. Nouvel
1372 3182 2235 3263 nales ou hardies seront dans leur cadre
3104 3190 3204 3256 Itain
485 3204 1369 3264 épisode des hostilités engagées depuis
2248 3200 3122 3267 sacré le plus souvent à Topérette, n’est
1372 3227 1548 3303 exäct.
481 3247 1369 3307 quelque temos et qui aurait pu mener
2237 3244 3247 3307 pas toujours de mon ressort car c’est Itoine.
493 3285 1374 3348 tout le monde assez loin sans le ferme
1408 3265 2236 3354 Aux Arts, chez Darzens, le Démon de
2236 3290 3284 3342 mon ami Louis Schneider qui a la AuT
488 3323 1373 3386 bon sens et l'autorité de M. Paul Gi¬
1370 3327 2234 3382 (a Chair, de MM. Pierre Sabatier et de
2245 3336 3126 3390 charge de la musique dansce journal;
3109 3332 3295 3391 Ivan N
490 3379 1371 3442 nisty, la mesure de M. Max Maurey,
2249 3388 3284 3454 aussi l’on ne sera guère surpris que je [Uemme
1367 3375 2241 3441 La, Fortelle ouvrit la campagne en atten¬
492 3421 1369 3469 directeur du théätre des Variélés et,
2236 3414 3289 3493 ne m’occupe pas ici des ouvrages de ce Denant
1382 3420 2249 3480 dant l'ceuvre nouvelle de François de
488 3458 1376 3524 surtout, l’appui que les grandes feuilles
1376 3461 3312 3518 Curel, attendue avec impatience. Mal-I genre. C’est uns revue de Rip, Au ##quiisem
486 3514 3314 3591 parisiennes apportèrent à leurs colla- heureusement, Orage Mystique n'a pas 1 Temps de Gaslounel. l'une de ses meil- I'cette elé
