3484 4352
1100 328 1152 386 W
1422 318 1874 407 box 23/1
265 325 1273 420 18. Derin
767 985 1207 1069 Ausschnitt aus
866 1103 1364 1196 Breslauer Zeitung
840 1246 1193 1374 15 FEB. 004
590 1546 1509 1623 Kunft, Wissenschaft und Literatur.
454 1587 1700 1658 * Berliner Premièren. Arthur Schnitzlers fünf¬
407 1648 1319 1719 aktiges Schauspiel „Der einsamMeg
1322 1657 1623 1721 wurde heute
400 1692 1695 1755 Deutschen Theater nach der breitlinigen Ex## des ersten
401 1737 1689 1796 Aktes mit abwartender Verblüffung, nach den beiden nächsten Akten, die,
408 1781 1693 1832 von besseren Schauspielern getragen, einen starken Erfolg hätten bedeuten
412 1820 1692 1865 können, mit leidlichem Beifall begrüßt, um dann nach den beiden Schluß¬
400 1857 1689 1907 akten unter Kämpfen zwischen Zischern und Applaudierenden begraben zu
402 1894 1689 1951 werden. Wer ehrlich ist und dem feinsten unter den sinnirenden Bühnen¬
414 1933 1703 1995 poeten der Gegenwart wahrhaft anhängt, wird sich dennoch — oder gerade
623 1982 1692 2040 in diesem Falle den Mißvergnügten anschließen
401 1974 618 2031 darum —
412 2021 1687 2068 müssen. Was in diesem Stücke von vornehmer, leicht zynischer und über¬
403 2052 1689 2106 legener Weltphilosophie, von guten Worten, die diese und eine Lebens¬
398 2098 1692 2150 auffassung von athenischer Kulturhöhe künden, enthalten ist, zerfließt und
400 2139 1699 2197 zerläuft im Meere einer ungeschickten Technik, die absichtlich alles Konkrete
402 2179 1699 2239 vermeidet und darum die Wirkung der Worte untergräbt. Ein Künstler
414 2221 1698 2277 von Ruf hat, um nicht an die Scholle der Monogamie gebunden zu sein,
414 2258 1687 2303 einst die Frau, die ihn liebte und — seinen Sohn unter dem Herzen trug,
411 2308 1696 2353 in die Ehe mit einem Gleichgültigen ziehen lassen. Später will er sich
452 2342 1695 2389 in seines Lebens alten Tagen — an das inzwischen zum jungen Manne
401 2389 1692 2431 gereifte Kind klammern, inuß indessen erfahren, daß der Jüngling, der
396 2428 1690 2477 alles weiß, sich von ihm ah= und dem Manne zu wendet, der, nicht sein
412 2465 1698 2527 wahrhaftiger Vater, dennoch bisher die Sorgen und Bürden dieses Amtes
410 2497 1692 2547 auf sich nahm. So werden die großen Egoisten, die stürmischen Lebens¬
411 2542 1714 2603 genießer endlich zu solchen, die einsam am Wege sterben. Eine Tendenz,
416 2584 1705 2643 die noch deutlicher durch eine zweite Hauptfigur des Dramas illustriert
424 2639 1718 2692 wird; durch einen Aestheten, der — kühl bis ans Herz hinan — gleichfalls
418 2670 1706 2720 die großen Eindrücke des Lebens, seinen Kummer und seine Freude nur
417 2712 1713 2752 spielerisch nimmt, bis ihn eine späte Liebelei, deren überspanntes Objekt
427 2749 1708 2801 in den Teich geht, zum Selbstmord treibt. Dieses Grundmotiv indessen
424 2782 1706 2843 ist nicht etwa in kluger Knappheit konzentriert, sondern durch Nebenmotive
420 2827 1707 2889 zersplittert und verschwindet schließlich ganz hinter den meinetwegen sehr
425 2873 1709 2940 feinen, aber den dramatischen Nerv des Stückes einfach betäubenden,
434 2911 1715 2961 verbalen Einschiebseln. Es mag sein — und ist sicher so —, daß diese,
426 2953 1693 3004 stillen, marmorschönen Sätze vor allem andern die Liebe und den Vor¬
421 3003 1708 3047 zug dieses kultivierten Wortbildners Schnitzler ausmachen. Aber, gerade
428 3032 1704 3083 er hat gezeigt daß er auch der Bühne ihr Recht zu geben weiß, ohne den
426 3067 1708 3112 Geschmack zu verletzen. — Die Darstellung war nicht auf der Höhe. Für
423 3112 1708 3174 den konsequenten Genußmenschen, der gleich dem Zyniker Oskar Wildes
428 3158 1708 3206 (in Eine Frau ohne Bedeutung“) sein Kind denjenigen lassen muß, die
418 3189 1707 3239 es ihm aufgezogen haben, war Rittner zu gesund und wiederum nicht
420 3232 1713 3283 imposant genug. Hier hätte man einen Hauch Sonnenthal verspüren
418 3281 1704 3331 müssen: oder einen Hauch Bassermann, der den zweilen der armen
419 3309 1709 3370 Lebenskünstler mit einer überwältigenden Feinheit und Zartheit darstellte.
424 3353 1717 3406 Nur „gesund“ war auch Kurt Stieler in der Partie seines von
419 3397 1706 3450 zwei Seiten beanspruchten Sohnes, der sensitiv, voll Duft und Nerven
427 3434 1710 3484 sein soll: nur gesund endlich Else Lehmann, die einzige, die es sein
417 3474 1708 3524 durfte, in einer Episode von gutem Humor. Aber jene Note, mit der
426 3508 1708 3567 der Wiener Poet seit je zu svielen liebt, die Note der Todessehnsucht oder
419 3559 1710 3609 besser, der ruhigen Todeserwurtung ist diesem Stücke zu deutlich auf¬
427 3593 1707 3649 geprägt. Nach zwei Szenen weiß der Hörer: Moriturum te
1118 3635 1673 3699 Walter Turszinsky.
416 3640 638 3707 saluto!
2036 1662 2869 1778 Dr. Max Goldschmidt
2191 1781 2625 1870 „ „ Bureau für
2200 1848 2711 1943 Zeitungsausschnitte
1943 1911 2951 2011 verbunden mit direktem Nachrichtendienst durch
2194 1970 2704 2050 eigene Korrespondenten.
2488 2022 2888 2105 Telephon: III, 3051.
2011 2045 2357 2114 Berlin N. 24.
1964 2078 2972 2149 —
2234 2140 2677 2222 Ausschnitt aus
2026 2349 2888 2436 Lübeckische Anzeigen u. Zeitung
2590 2606 2957 2718 45 FEB. 1904
2605 2745 2935 2837 „„
2036 2848 2901 2917 „Der einsame Weg“. Im Deutschen Theater
1946 2882 2697 2961 in Berlin fand am Sonnabend Arthur,
1967 2918 2902 2994 ers „Der einsame Weg“ nach langes Gedüld¬
1970 2984 2901 3038 roben des Publikums eine unzweideutige
1972 3021 2909 3076 [blehnung. Eine Art Recherche de la paternité
1984 3062 2949 3137 übertrieben sentimentaler Beleuchtung bildet dem
1952 3095 2151 3174 rriten
