3484 4256
1068 281 1146 348 W
781 299 845 356 N
265 250 1857 392 18. Der e ane g box 23/1
2039 132 2123 181 M
1998 159 3176 225 gestaltige Leben und die vielen oft bizarren Phänomene, die
2003 188 3169 269 sich im Menschenleben darbieten. Mit dem Schauspiele „Der
1981 242 3182 294 einsame Weg“, in welchem das idyllische Familienleben eines
1981 279 3173 351 ehrlichen Mannes und wackeren Künstlers, dessen Genie aller¬
1981 341 3177 382 dings im akademischen Beamtentum sich befriedigt sieht, durch
1985 364 3178 430 zwei Kunst=Kollegen von scharf ausgeprägtem Egoismus durch¬
1980 411 3178 471 krenzt und unterwühlt wird, tritt uns ein Bühnenwerk ent¬
1986 450 3183 517 gegen, in welchem die Vorzüge der Schnitzler'schen Muse durch
1982 508 3182 568 den Mangel an wirklich dramatischer Bewegung, an einem
1995 537 3193 611 starken Wellenschlag der Empfindungen bedeutend beeinträchtigt
2000 587 3190 650 werden. Es fallen einmal die Worte: „Mangel an Tem¬
2000 621 3186 693 perament machten aus mir einen anständigen Menschen“. Diese
1997 665 3197 735 Worte kann man auch auf Schnitzler's Schauspiel anwenden:
1998 706 3192 767 ein anständiges Stück, aber Mangel an Temperament. Selbst
1993 750 3186 805 der laute, schmerzliche Seelen=Erguß des einen der beiden
2007 793 3189 853 Haupthelden, eines gereiften Künstlers, dessen ehrgeiziges Mal¬
2002 841 3194 893 Gemie sich an niemanden ketten wollte, der die glühendste Liebe
2002 878 3204 938 eines verlobten Mädchens tänschte und das Vertrauen eines
2007 916 3219 987 redlichen Freundes verriet, muß schließlich stiller Resignation¬
2012 964 3196 1030 Platz machen. Dieser Maler, Julian Fichtner, von Rudolf
2010 1007 3200 1077 Rittner lebenswahr und warmblütig gespielt, ist auf seinem
2006 1052 3196 1123 Lebenswege vereinsamt. Er ist Junggeselle, gleichwohl aber
1997 1082 3205 1174 der legitime Vater des Sohnes, welchen Gabriele, jenes von
2007 1127 3209 1197 Julian einst verführte und dann für immer verlassene
2002 1173 3208 1236 Mädchen, in der Ehe ihrem Manne, dem akademischen Pro¬
2002 1222 3199 1281 fessor Wegrath, geboren hatte, ohne das Geheimnis des
2003 1249 3208 1340 Fehltritts zu verraten. Der Vorgang liegt 23 Jahre vor Be¬
2008 1320 3202 1376 ginn des Stückes, und der Sohn, Felix mit Namen, ein junger,
2012 1354 3211 1422 blühender Mann, der, von sanftem Wesen, seine
2741 1392 3214 1453 wie er ahnungslos
2003 1401 2727 1458 Mutter zärtlich verehrt, ebenso
2016 1436 3208 1503 mit zärtlicher Treue an dem Pfeudo=Vater hängt, bildet für
2005 1474 3205 1570 Julian, der im 2. Akt auf der Bildfläche erscheint und den
2018 1527 3207 1592 Tod Gabrielens niemals erfahren hatte, den Anlaß quälerischer
2022 1556 3211 1634 Sehnsucht, die keine Befriedigung findet. Felix erfährt von
2012 1625 3210 1695 Julian, nachdem dieser lange mit sich gekämpft, das Geheim¬
2012 1655 3210 1724 nis seiner Geburt, in edler Gesinnung erklärt er aber, ohne
2013 1707 3209 1769 den Erzeuger, den Verräter seiner Mutter, zu hassen, zu seinem
2014 1759 3210 1810 Pfendo=Vater halten zu müssen und zu wollen, dem er allen
2019 1787 3209 1859 Dank schulde. Die im 3. Akte von Herrn Rittner im Zu¬
2031 1828 3221 1913 sammentreffen mit Felix (Herrn Stieler) ganz meisterhaft
2024 1878 3221 1943 zum Ausdruck gebrachte Beichte von Gabrielens Liebe und von
2026 1930 3218 1986 seiner Vaterschaft führt wohl zur besten Szene des Stücks und
2026 1959 3222 2029 wird schon im zweiten durch eine rührend stimmungsvolle Erzäh¬
2021 2002 3213 2064 lung des Sohnes von den letzten Lebensmomenten der Mutter
2020 2058 3218 2111 vorbereitet. Aus dieser Erzählung wird offenbar, daß Gabriele
2029 2088 3227 2154 das Glück ihrer Jugendliebe niemals vergessen konnte, und der
2026 2131 3227 2189 Autor behandelt das alles mit feinstem und vornehmstem Takt,
2027 2173 3226 2235 und ein goldiger Reflex, wie von einer untergehenden Abendsonne,
2031 2222 3223 2283 der letzte Liebesgruß, verklärt diese wahrhaft schöne Schluß¬
2032 2260 3226 2325 Szene des 2. Aktes. Leider gestaltet sich eine andere Seite
2043 2301 3231 2377 des Schauspiels weniger interessant und fesselnd. Das Motiv
2036 2336 3236 2428 des illegitimen Kindes hat vielfache Vorbehandlung bei den
2040 2390 3238 2451 Pariser Realisten, am bedeutendsten bei Dumas und
2045 2435 3235 2510 Augier, gefunden. In der Konkurrenz mit Ibsen ver¬
2049 2484 3226 2546 fehlt es Schnitzler gänzlich. Felix hat eine jüngere Schwester,
2047 2522 3237 2603 Johanna mit Namen, und von Irene Triesch, eine so an¬
2044 2569 3235 2633 ziehende Darstellerin sie selbst ist, auch anziehend gespielt. Am
2047 2602 3246 2668 anziehendsten erscheint sie dem reichen Maler Stephan von Sala,
2836 2652 3245 2714 plaudern versteht
2039 2659 2713 2732 der mit ihr angelegentlichst
2046 2690 3244 2759 und dessen Schloß von dem phantastisch veranlagten
2041 2735 3229 2801 Mädchen sehnsuchtsvoll umkreist wird. Herr von Sala
2739 2772 3229 2843 der seinen einsamen
2144 2782 2745 2851 der andere große Egoist,
2041 2797 2145 2860 ist
2047 2834 3221 2887 Weg bisher gegangen ist, ohne das von ihm sehr wohl erkannte
2045 2870 3239 2954 Gesetz oder die Forderung der echten Liebe: nur für ein anderes
2076 2944 3258 2992 Wesen da zu sein, befolgt zu haben. Sein Herz liegt nur auf der
2075 2979 3277 3036 Zunge und er hat Geist und viel Lebenserfahrung. Leider ist
2081 3012 3310 3075 er herzkrank, und der Arzt weiß, daß Herr v. Sala nicht mehr
2078 3054 3289 3113 lange zu leben hat. Trotzdem ist er entschlossen, sich einer
2089 3102 3326 3167 archäologischen Expedition nach dem Orient anzuschließen. Der#
2084 3139 3279 3208 vierte Akt führt uns in das romantische Wald=Schloß des Herrn##
2084 3186 3279 3243 v. Sala, und es gibt eine schwärmerische Liebesszene zwischen
2083 3224 3287 3294 Johanna und Stephan v. Sala. Johanna nimmt von dem
2076 3258 3278 3337 Geliebten Abschied, der von ihr fordert, für immer die Seine
2077 3313 3274 3372 werden zu sollen. Johanna spricht dunkle Worte, kehrt aber
2088 3361 3275 3411 später heimlich wieder zum Schloß zurück und der Vorhang fällt
2081 3407 3278 3460 diskret. Beim Beginn des letzten Aktes ist Johanna tot. Sie
2086 3440 3277 3505 hat sich am Morgen, nachdem sie Stephan besucht hatte, im nahen
2078 3490 3277 3541 Teich ertränkt. Hiermit verirrt sich das Schauspiel in eine
2084 3533 3274 3597 rätselhafte Sphäre, und kopfschüttelnd muß der Zuschauer
2073 3566 3273 3635 schließlich das Haus verlassen. Johanna ist eine Sphinx, und
2084 3618 3284 3679 was ist die von Else Lehmann prächtig gespielte Episode
2074 3671 3285 3724 der Schauspielerin Irene Herms? Diese Episode hat Humor
2075 3707 3273 3776 und soll das vorwiegend bewegungslose, in Dialogen und in¬
2081 3745 3286 3809 timen Wechselreden verharrende Schauspiel beleben. Else
2072 3790 3272 3845 Lehmann versteht das sehr gut, aber schade, daß die
2079 3843 3267 3896 charakteristische Figur zu kurz kommt. An der Darstellung des
2085 3888 3275 3941 Herrn Bassermann als Stephan konnte man seine Freude
2082 3931 3285 3992 haben, die Klarheit des Organs ließ den Genuß an der
2078 3964 3275 4025 lebenswahren, naturechten Charakteristik völlig ungetrübt. Auf
2076 4015 3277 4075 der künstlerischen Höhe wundervoller Natürlichkeit hielt sich auch
2066 4061 2839 4133 Oskar Sauer als Professor Wearath.
