3436 4352
1360 338 1812 429 box 23/1
204 353 1196 439 18. Der einsane Neg
113 1270 758 1389 lax Goldschmidt
141 1382 545 1473 " Bureau für
124 1455 585 1543 eitungsausschnitte
132 1517 828 1581 direktem Nachrichtendienst durch
113 1572 600 1654 gene Korrespondenten.
365 1626 780 1706 Telephon: III, 3051.
127 1634 244 1711 24.
125 1678 860 1752 —
137 1747 554 1833 Ausschnitt aus
123 1859 744 1966 e Tageszeitung, Berlin
201 1960 564 2101 J5 FEB. 1004
870 2104 2036 2180 malt. Daß Felix, der Uanenleutnant, nicht sein Sohn ist,
890 2150 2041 2214 ahnt der Betrogene so wenig wie jener, obwohl Stephan von
124 2156 485 2246 Theater.
893 2192 2035 2259 Sala und der Arzt Doktor Franz Reumann, die beide im
121 2214 877 2285 Theater. Zum ersten Male: „Der
877 2224 2038 2283 Hause Wegraths tagtäglich verkehren, das Geheinmis der
114 2270 875 2333 Schauspiel in fünf Akten von Arthur
880 2272 2040 2333 Mutter kennen. Als Gabriele stirbt, wird die Wahrheit auch
645 2308 865 2364 hat seine
124 2309 654 2372 meue Schauspiel Schnitzlers
881 2304 2036 2377 Felix offenbar. Julian, dessen Leben wie in einem Rausch
885 2337 2043 2402 von Zärtlichkeit und Leidenschaft, ja von Macht, dahingeflossen
124 2345 863 2409 nabend nicht eben glücklich bestanden.
893 2384 2041 2444 ist fühlt sein Alter nahe. Er hofft, sich an Felix aufzu¬
125 2400 871 2442 lles ein Halberfolg, der auf Rechnung
121 2433 879 2486 terarischen Qualitäten zu setzen ist, die
890 2418 2048 2485 raffen, wieder zu finden zu neuer Arbeit. Felix aber fühlt
131 2471 879 2518 pfung des Wiener Autors wieder in
892 2456 2041 2526 das Unrecht, das an dem Gatten seiner Mutter verübt wor¬
1700 2498 2045 2558 Julian ist ihm
130 2499 867 2559 cht aber dem Stück als Drama galt.
879 2510 1703 2575 den ist, stärker als alles andere.
126 2538 877 2605 kem Schauspiel nach einander eine Reihe
887 2534 2041 2616 fremder geworden, seit er weiß, daß jener sein leiblicher Vater
122 2580 876 2643 cher Motive anklingen, aber ihre künst¬
968 2581 2037 2636 Was hilft es jetzt Julian, daß er die Leere des Alters
883 2600 978 2645 ist.
138 2615 872 2684 it dem Hauptthema iist ihm nicht mehr
886 2613 2045 2686 fürchtet und vor der Einsamkeit zurückschreckt. „Das Altern ist
150 2667 872 2729 hinzu, daß Schnitzler diesmal nach
883 2658 2046 2729 nun einmal eine einsame Beschäftigung für unsereinen“ meint
158 2700 788 2754 mit Andeutungen arbeitet. Aber
883 2698 1903 2773 tröstend Stephan von Sala, der ihm Geistesverwandte.
171 2731 872 2793 äußerlichen Nachahmung dieser Tech¬
947 2738 2045 2811 Man wird nicht fehl gehen, wenn man in den eben ge¬
132 2776 777 2841 lieferen scelischen Beziehungen, die
902 2790 2051 2854 schilderten Vorgängen den wesentlichsten Kern des Dramas
132 2809 866 2874 lfe dieses Kunstmittels so wunderbar
892 2828 2048 2894 sieht. Indessen hat sich Schnitzler mit diesem einen Motiv nicht
132 2853 876 2921 sie werden durch eine solche dramatische
887 2867 2047 2926 begnügt.: Es spinnen sich zwischen den Personen des Schau¬
134 2896 851 2949 nur noch dunkler und verschwonnnener.
886 2908 2049 2986 spiels noch andere Fäden, so vor allem zwischen Sala von
135 2927 872 2990 die beiden rücksichtslosen Genußmenschen,
882 2947 2057 3018 Stephan und Johanna der Tochter Wegraths: Mit Johanna
123 2972 883 3040 #kte der Schnitzlerschen Stückes stehen,
891 2986 2049 3047 hat es überhaupt ein seltsam Bewenden. Sie ist ein wunder¬
763 3009 880 3057 Vor
130 3009 749 3074 htgefühl gegen andere gekannt.
885 3021 2047 3091 lich krankhaftes Geschöpf das an Seelenwanderung und ähn¬
130 3048 874 3101 lian, der „geniale" Maler, mit Gabriele,
888 3060 2058 3125 liches glaubt. Sie empfindet etwas wie Feindschaft gegen
125 3099 881 3158 undes und Studiengenossen Wegrath zu¬
897 3103 2050 3175 Menschen, die auf ihr Mitleid angewiesen sind. Darum kann
137 3129 881 3177 leidenschaftlicher Liebe fanden sich die
894 3145 2013 3207 sie die Mutter nicht mehr so recht lieben, seit sie krank i
139 3171 881 3222 e wollten mit einander fliehen. Alle Vor¬
896 3175 2054 3247 und darum will sie auch nach deren Tode weg vom Vater,
128 3204 891 3259 hen Abreise waren getroffen. Da machte
898 3228 2053 3297 fort in die weite Welt. Daß sie Stephan liebt, gesteht sie ihm
129 3241 888 3312 peile aus dem Staube, weil er es als
896 3262 2063 3321 selbst in einem leidenschaftlichen Augenblick im Garten seiner
151 3277 881 3350 „Fülle seines Daseins“ die Undeküm¬
900 3304 2066 3355 Villa. Sala, der sich auch in der Liebe stels den kühlen
165 3306 880 3371 deiner flüchtigen Liebesneigung zu
1587 3334 2069 3399 für „gemessene Ent¬
889 3335 1592 3406 Kopf bewahrt hat und immer
126 3369 889 3414 cht Tage später heiratete Gabriele Weg¬
898 3371 2073 3450 fernungen“ gewesen, ist, kann sich doch ihrer nicht
159 3398 895 3455 eerkaufte sie in ihrer Ehe Ruhe und
890 3415 1956 3480 entziehen. Johanna soll ihm nach Bakterien
166 3422 887 3494 ist kein Genie wie Julian, immerhin,
905 3455 2071 3533 gleiten auf seiner archäologischen Expedition, an der auch
166 3477 886 3539 und auch als Künstler der gewissen¬
135 3492 2085 3600 edes Jahr sein braves Ausstellungsbild1 welix teilnehmen will. Sie soll es tun als seine angetraute
2052 2092 3222 2152 Frau. Nicht für immer soll darum Johanna an ihn gebunden
2047 2143 3229 2190 sein. Wenn sie wieder zurückkommen können sie einander Lebe¬
2061 2163 3217 2233 wohl sagen — ohne weiteres. „Es ist eine ganz einfache
2054 2221 3234 2272 Sache.“ Johanna aber weiß, wie es um Sala steht. Sie hat
2054 2250 3239 2319 es von Dr. Reumank erfahren daß die Lebenstage des Herz¬
2050 2291 3241 2345 kranken gezählt sind. Ueber Nacht ist sie aus dem elterlichen:
2060 2332 3225 2387 Hause verschwunden und man findet sie erlränkt im Teiche von
2066 2374 2451 2438 Stephans Garten
2128 2398 3226 2469 Noch eine dritte und vierte Herzensepisode spielt in die
2065 2446 3218 2504 Handlung hinein. Aber die dramatischen Beziehungen zu ihr
2053 2499 3211 2552 sind noch lockerer. Da ist vor allem Irene Herms, die Schau¬
2058 2529 3215 2583 spielerin, eine frisch und lebensvoll gezeichnete Gestalt. Auch
2065 2569 3228 2623 sie hat ihren Herzensroman mit Julian, dem Lebenskünstler,
2066 2609 3228 2665 gehabt. Ihre große Szene im zweiten Akt führt das Drama
2052 2651 3231 2699 zu einem seiner wirkungsvollsten Höhepunkte. Nicht zu über¬
2058 2688 3235 2740 sehen ist schließlich die Figur des Dr. Reumann, bei der Ibsen
2064 2730 3219 2773 besonders unverkennbar Pate gestanden hat. Auch er, der an¬
2062 2769 3222 2825 ständige Mensch aus Temperamentsmangel, birgt im Busen eine
2064 2799 3222 2869 stille Herzensneigung zu Johanna. Doch flüchtiger noch, als
2063 2834 3220 2901 manches sonstige Beiwerk, erscheint das im Drama angedeutet.
2054 2872 3224 2933 Was an Schnitzlers Stück vorzugsweise fesselt, das ist seine
2068 2922 3228 2981 scharfsinnige Dialektik und die Fülle seiner treffenden aus
2054 2953 3236 3012 reicher Lebenserfahrung erwachsenen Beobachtungen und Ge¬
2059 2991 3229 3063 danken. Diese unbestreitbaren rein literarischen Vorzüge drän¬
2055 3034 3223 3108 gen sich besonders deutlich bei einer Lektüre des Buchdramas
2071 3050 3246 3130 auf. Von der lebendigen Szene herab können sie für den be¬
2060 3110 3245 3184 fremdlichen Mangel an dramatischer Konzentration nicht ent¬
2077 3152 3235 3209 schädigen. Ihm vielleicht allein wird es Schnitzler zuzuschrei¬
2067 3202 3247 3260 ben haben, wenn seinem jüngsten Schauspiel ein längeres Bühr
2064 3249 2743 3308 nenleben nicht beschieden sein wird.
