3484 4384
538 262 1731 316 Sester und ergreifendster Dichtung, die uns
530 295 1723 350 gestern, elf Jahre nach ihrer Entstehung, zum erstenmal die
533 363 1726 410 wehen Rhythmen ihrer verklingenden Sehnsuchtsmelodien zu
519 394 1719 454 offenbaren suchte. In keinem anderen Werk ist der Wiener
526 443 1733 497 in Technik, logischer Dialogverklammerung und Tiefgrün¬
534 497 1736 549 digkeit der ethischen Probleme dem großen Skandinavier
538 548 1733 605 so nahe gekommen. Ohne die „Wildente“, die „Frau vom
529 591 1733 649 Meer“ und den Epilog „Wenn wir Toten erwachen" sind
539 634 1725 710 viele Szeuen der fünf Akte kaum zu denken, womit jedoch
530 700 1733 753 nicht gesagt sein soll, daß Schnitzlers Schauspiel dadurch
532 737 1722 794 irgend etwas an geistiger Selbständigkeit eingebüßt habe.
529 801 1735 846 Im Gegenteil: Es ist ja das persönlichste Wert des Tichters.
532 825 1728 890 Schnitzter war vierzig Jahre alt, als er den „Einsamnen
538 876 1726 945 Weg“ schrieb. Er stand an der wichtigsten Wegwende des
526 926 1737 995 Mannes. Prüfend überblickt man die Zeit des Aufstiegs;
530 973 1734 1028 was bisher im Schein des Lebenswichtigen geglänzt hat,
529 1025 1735 1086 überschätzte Eintagsherrlichkeiten verwehen gespenstisch vor
541 1083 1725 1138 den gereiften Blicken des Vierzigjährigen, er bekommt den
543 1118 1730 1181 Sinn für das Wesentliche, diesen erprobten Führer im Reich
534 1167 1740 1231 des herondämmernden Alters. Der Tod erhebt langsam und
535 1223 1728 1283 mahnend die Sanduhr und der Männlichst; wird im Augen¬
541 1275 1735 1329 blicke jäher Beklemmung bebend nach einer ermutigenden
533 1314 1730 1374 und stützenden Hand tasten. Weh dem, dessen Schaffens¬
538 1364 1730 1425 und Liebesegoismus verstehende Mitgeschöpfe endgültig aus
538 1411 1733 1475 seinem Bereich verbannt hat. „Und wenn uns ein Zug von
544 1459 1733 1516 Bacchanten begleitet — den Weg hinab gehen wir alle
534 1520 1737 1569 allein ... wir, die selbst memandem gehört haben.“ Schnitz¬
531 1559 1737 1627 ler hat während der ersten zehn Jahre seines Wirkens eine
532 1605 1735 1668 Reihe solcher Genüßtinge und leichtsiuniger Individualisten
534 1666 1737 1725 oft mit verstehendem Entgegenkommen gezeichnet und nur
552 1707 1737 1787 sehr selten den Stab über sie gebrochen. Jetzt ruft er sie
545 1767 1743 1823 und sich vors Gericht und zieht die letzten Konsequenzen.
545 1803 1740 1878 (Goethe tat Ahnliches im „Götz" und „Clavigo“.) Und so
553 1848 1736 1926 verschlingen sich im „Einsamen Weg“ die Grundakkorde
544 1902 1735 1979 seiner gesamten Dichtung: Leben, Liebe, Selbstsucht, Schick¬
551 1953 1700 2033 sal und Tod zu einem herzerschütternden Parzenlied. —
559 1997 1732 2068 Julian Fichtner, ein seinerzeit berühmter Maler, hat in der
553 2058 1734 2123 Jugend die Braut seines Freundes Wegrat verführt und
544 2092 1736 2165 war auch entschlossen, sie am nächsten Tage mit sich in die
556 2156 1741 2219 Welt zu nehmen, doch im letzten= Augenblick überwältigt ihn
552 2194 1733 2270 die Furcht, sein Leben ewig un ein Wesen gekettet zu sehen,
543 2240 1729 2319 das seinem bisherigen pflichtenlosen Hinstürmen durch die
553 2290 1737 2367 Genußmöglichkeiten der Welt unbedingt Fesseln anlegen
553 2334 1738 2416 wird und so klieht er allein, ohne Reue, im berauschenden
545 2405 1737 2453 Gefuhl von Jugend und Unbeschränktheit. Er hätte sich so¬
522 2437 1740 2521 par des eventuellen Selbstmordes der Geliebten für wert
550 2480 1742 2557 gehalter. Als er Gabriele nach zehn Jahren wieder ent¬
553 2535 1773 2616 gegentritt, erfährt er, daß sie damals ihren Verlobten so¬#
563 2583 1762 2666 fort geheiratet habe und daß ihr erstes Kind Felix sein
559 2633 1745 2700 Sohn sei. Seit dieser Zeit zieht es ihn mit magnetischer
556 2680 1758 2748 Gewalt in das Hous der Wegrats und nach Gabrielens
554 2739 1752 2811 Todebeschließt er, Felix das Geheimnis seiner Geburt zu
542 2787 1752 2858 ainen. Denn Felix ist für den alternden, einsamen
512 2828 1752 2902 Münstler, der nach allen Seilen ins Leere greist, die letzte
555 2884 1745 2953 Hoffnung. Die oft verherrlichte Stimme der Natur verjagt
557 2925 1750 3001 jedoch. Felix weist ihn von sich, sein Platz sei an der Seite
558 2970 1752 3058 Wegrats, der die Mutter geliebt und der seine Kindheit
548 3021 1749 3108 und Jugend mit Zärtlichkeit umgeben hobe. Denn man hat
557 3073 1753 3148 für einen Menschen sehr wenig getan, wenn man nichts
545 3132 1754 3197 tat, als ihn in die Welt zu setzen. Und da Julian Fichtner
544 3165 1756 3235 auch die zweite Gelegenheit, die ihm das Schicksal bot, zu
548 3223 1756 3303 einem Gesährten des Alters zu kommen, versäumt hat, so
546 3266 1754 3327 schleicht er einsam und gebrochen hinaus. Diese zweite Ge¬
554 3315 1759 3391 legenheit war seine Beziehung zu der Schauspielerin Irene
545 3349 1765 3449 Herms. Beider Liebesverhälinis hätte durch die Geburt
549 3416 1758 3489 eines Kindes gekrönt werden können, vielleichi wäre daraus
543 3462 1766 3536 ein Liebesbund erwachsen und sie hätte auch einer momen.
546 3526 1759 3592 tanen Untreue gegen Julian, die zur Trennung beider ge¬
556 3561 1754 3638 führt hat, sicher widerstanden. Als die Gealterten jetzt nach
550 3590 1768 3694 Jahren in ihren Erinnerungen zurückblättern und Julian
557 3658 1753 3729 darauf hinweist, daß Irene doch durch ihre Künstlerlauf¬
555 3701 1775 3785 bahn für seinen Verlust reichlich entschädigt worden sei, da
554 3755 1765 3835 bricht sie los: „Ich-pfeif drauf. Was hab' ich davon? Was
557 3817 1766 3895 will das alles bedeuten? Eine Frau, die kein Kind hat,
568 3865 1763 3926 ist gar nie eine Frau gewesen. Aber eine, die einmal eins
560 3892 1757 3983 hätte haben können — haben müssen und die — nicht Mut¬
566 3959 1756 4029 ter geworden ist, das ist eine ... ah!" ... Neben Fichtner,
567 4003 1764 4080 Irene und Felix schreitet noch ein sellsames Paar durch das
563 4063 1763 4128 Drama: der Dichter Stephan v. Sala und Welgrats Tochter
568 4117 1764 4180 Johanna. Auch Sala ist ein strupelloser Egoist. Er hat
544 4152 1801 4239 nur noch wenige Wochen zu leben, weiß es jedoch nicht.
1743 291 2948 344 heuchelt, verführt, hohnlacht, über Leichen schreitet. Aber er
1743 336 2954 393 ist durch Mängel des Temperaments dazu verurteilt, ein
1736 367 2947 446 anständiger Mensch zu sein. — „Der einsame Weg“ ist wohl
1745 432 2943 496 Schnitzlers tiefste Dichtung, doch nicht sein bestes Drama.
1746 470 2947 548 Zwei, ja drei Handlungen laufen parallel, sie lösen einander
1746 518 2944 599 ab, statt miteinander zu verschmelzen. Breite epische Stellen
1746 564 2953 639 erdrücken den dritten Akt und man muß den Weg durch
1739 634 2956 697 das Buch gemacht haben, um den seinen, überzarten Fäden
1738 662 2946 736 der seelischen Verschlingungen folgen zu kölmen. Kommt
1745 712 2956 776 überdies wie gestern eine Aufführung zustande, die mit
1750 779 2948 827 Ausnahme Harry Waldens und Frau Brandts dem
1753 813 2958 879 Geiste des Dichters nicht einmal Annayerungswerte zu vie¬
1753 870 2957 932 ten vermag, so darf man sich nicht wundern, daß der Ein¬
1751 905 2957 984 druck des „Einsamen Weges“ nicht sonderlich günstig war.
1743 953 2958 1024 Wer als junger Mensch etwas Faszinierendes, Blendendes,
1754 1007 2948 1077 Geniales hat, kann mit zum fünfzi. Jahren nicht zu einem
1747 1050 2958 1127 gänzlich unbedeutenden, jedes Interesse ausschließenden
1752 1104 2950 1164 Spießbürger herabsinken. Und den hat Herr Ruvel aus
1754 1147 2957 1231 dem Künstler Julian Fichtner gemacht. Frau Graf (Jo¬
1747 1195 2956 1268 hanna) spielte ein verraunztes Bürgermädchen, das einge¬
1751 1249 2956 1335 lernte Worte aufsagt, und mit dem geistig reifen Felix
1750 1316 2951 1370 wußte Herr Rehberger gar nichts anzufangen. Die bei¬
1752 1338 2952 1413 den Auftritte zwischen Julian und Felit, die schönsten des
1753 1413 2948 1481 Dramas, verloren vollständig ihre dichterische Physiognemie.
1751 1440 2963 1522 Herr Recke (Wegrat) und Frl. Birnbaum (Gabriel:)
1759 1491 2950 1562 blieben bereits in den ersten Parkettreihen unverständlich,
1748 1545 2973 1623 wie überhaupt das unhörbare Geflüster seit einiger Zeit
1742 1589 2973 1683 zum allgemein beklagten Übel worden ist. Herr Strauß
1747 1639 2956 1715 (Dr. Neumann) wählte nicht mit Unrecht die Maske Schnitz¬
1747 1689 2955 1762 lers und verstand wenigstens, was er zu sagen hatte. Blei¬
1747 1745 2956 1828 den Herr Walden und Frau Brandt. Walden gibt dem
1755 1795 2962 1865 manirierten Schöngeist Sala eine unwiderstehliche, raffi¬
1750 1828 2962 1917 nierte Kultur der Gebärde, der Kleidung und des Wortes.
1743 1878 2976 1982 Doch bleibt der Künstler nicht an diesen Außerlichkeiten haf¬
1751 1933 2968 2019 ten, sondern erschließt auch restlos das komplizierte Seelen¬
1741 1981 2968 2067 bild des bis zum Grabesrand östheteinden Selbstsüchtlings,
1753 2032 2957 2123 ja am Schlusse, als der Wunsch, das verschüttete Ekbatana
1750 2102 2959 2163 zu betreten, durch die jählings niederjausende Todessense
1758 2137 2955 2215 zunichte gemacht wird, da ergriff und durchzitterte wohl
1746 2183 2970 2262 jeden Zuhörer die Stimmungsgewalt seiner auserlesenen
1751 2223 2957 2305 Kunst. In der großen Szene mit Julian feierte Frau
1748 2275 2947 2355 [Brandts ungezwungene und in der Gefühlsreihe von
1758 2326 2955 2406 Scherz zum Schmerz völlig ausgeglichene Dialogbeherrschung
1757 2377 2982 2471 seinen berechtigten Triumph. Das ausverkaufte Haus dankte
1768 2417 2998 2502 Herrn Walden durch Beifallsstürme, namentlich nach den
1755 2497 2119 2591 wierten Akt.
