3436 4320
166 78 1725 177 . en  en en  e en ee den e e en e
548 134 1780 200 Schnitzler muß es ja doch wissen, ob dieser erste Keim
173 164 571 240 rillantenstrahlende
202 191 1783 269 Der Wohlstand für ein Lebewesen genügt und kein Nachfolger Teil an
547 245 955 325 diesem Leben hat.
164 255 565 327 einen dichterischen
654 271 1772 361 Aber nun kommt das „Wunderbare“, was ein ge¬
163 293 501 380 r Schilderung
161 333 1776 416 wenn ein reicher wöhnlicher Menschenverstand nicht versteht. Diesen Sohn,
181 380 1785 482 Präsidentin eines der seine Mutter abgöttisch zu lieben scheint, so abgöttisch,
544 440 1783 507 so schwärmerisch, daß ein bloßes Pastellbild ihm ihr
162 483 1791 569 lägt Schnitzler ganzes Geheimnis enthüllt, diesen Sohn vermag der
173 549 1788 614 hon der pflichtver= Betrug an seinem Ideale nicht mehr aufzuregen, als daß
170 585 1778 654 sich und endet inser dem neugebackenen Vater nach ruhiger Ueberlegung
554 636 1783 703 eine Moralpanke hält. So etwa: „Aber Papa, das war
162 639 563 716 ht neu, höchstens
168 688 1776 760 Schnitzlersche Be=nicht hübsch von dir. Dafür kann ich dich auch nun nicht
171 741 1782 810 e klügelt eine Be=anerkennen.“ So etwa spricht der Herr Sohn und er¬
159 776 1774 851 im Lächeln reizt,schlägt damit entweder seine schwärmerische Liebe zu
163 831 1785 900 sie bloß Worte für seiner toten Mutter oder seine ganze Logik für das Straf¬
166 882 1774 945 fer streiten — aber gericht an seinem Papa. Entweder er begreift die Hand¬
550 944 1772 990 lung seines beredten Vaters, dann entfiele dieser theate¬
167 937 564 1018 hört die Botschaft,
552 970 1781 1044 ralische Schluß, oder er begreift sie nicht, dann würden ein
173 985 517 1062 sagten Worten -
565 1019 1787 1092 paar ehrliche Entrüstungsworte wie eine Befreiung wirken.
197 1040 569 1123 Und wenn man
550 1077 1782 1136 Aber nur nicht dieses melancholische Hindämmern in
185 1087 485 1167 st gesprochen.
558 1120 1787 1195 plätschernder Beredsamkeit, nicht diese unnatürliche Blut¬
160 1121 563 1204 den einsamen Weg
557 1181 1793 1241 leere eines in Liebe gezeugten Kindes. Liebe oder Haß
165 1193 566 1256 s Lebens und des
165 1223 1783 1304 mit einem anderen kann es hier nur geben, alles andere wirkt peinlich und
151 1279 782 1358 kre Jungfräulichkeit lächerlich.
670 1306 1788 1390 Danebenher läuft noch manches Seltsames, krank¬
181 1340 571 1395 er seinen Lebens¬
161 1370 1783 1443 das Mädchen dem haft Romantisches. Ein abgelebter Philosoph ergreift im
153 1421 1796 1505 on. Daß ihm die Fluge ein junges Mädchen, das sich ihm ergibt, ihm in
161 1462 1793 1547 23jährigen Sohne den Tod vorausgeht, der ihm gewiß ist; ein junger Arzi,
158 1520 1794 1589 n Manne aber gar der dieses Mädchen liebt, erträgt stumm die Resignation
164 1574 1800 1645 ssen Frauencharakter seiner hoffnungslosen Liebe, ohne auch nur mit einem
3227 1578 3310 1640 1100
169 1611 1784 1696 anfangen, was er Worte für seinen Traum von Glück und Freude einzu¬
2890 1641 3345 1752 miteierenenenasichut rge
187 1660 1805 1748 können. Aber die stehen. Es ist einem, als hätte Herr Schnitzler diesem¬
1734 1682 1899 1782 1
552 1730 3353 1839 jungen Hünen gesagt: „Du, das ist nichts für dich, das seiner frischen Tat ansetzen. Nicht auf nordischen Bahnen, nahe. Einen Weh
547 1766 3365 1903 ist ein Ibsenmädchen, fang dir nichts an . . .“ Aus dem sim sonnigen Süden, im frischen Wiener Wald wird er das Burgtheater
2950 1811 3379 1897 hanenen Schiffer,
555 1835 2964 1937 Charakter des Mädchens ist nämlich bis zum verhängnis=sich echte Lorbeeren holen. Er muß sich nur einmal der
2962 1854 3402 1948 Ziener. Frau ##
552 1890 2960 1997 vollen Ende gar nicht zu erkennen, warum dieses lebens=[farbigen Wirklichkeit entschlagen und insgeheim seine
2951 1914 3369 1997 eine Photographiefa
548 1933 2966 2038 warme Geschöpf nicht lieber einen jungen strammen Arzt, Kräfte sammeln, die in konventionellen Kleinigkeiten bei¬
2950 1972 3334 2042 niederen Volke, d
560 2000 2238 2078 als einen ausgemergelten Wüstling zum Manne nehmen nahe aufgerieben sind
1863 2012 3371 2111 Die Darstellung hat ja den Erfolg nicht gehoben, keinerlei Verbreche
557 2068 1787 2139 sollte. Solche dichterische Verirrungen in Ibsenscher Manier
2961 2055 3354 2142 Glauben wurzelt.
549 2087 2971 2196 mit Schweigen begründen wollen, heißt Ibsen wohl nach= aber „schuld an allem“ darf man ihr nicht nachschelten.
2968 2116 3346 2187 meisterlicher behan
564 2133 2975 2241 ahmen, ihm aber keineswegs nachstreben. Ibsens Schweigen[Bassermann ist nun einmal kein fader Schwärmer,
547 2175 3344 2275 wirkt zwar überzeugender, als der Schnitzlersche Wort= im Champagnerkübel abgekühlt. Seine Waffe ist die ehr= Frau Wolffin ein
553 2227 3330 2327 reichtum; solche Dinge aber würde Ibsen niemals ver=liche Natur, mag sie auch sonderlich sein. Und Marrs daß wir zwei so
551 2316 3350 2369 schwiegen haben. Er zeichnet stets sei sorgsältig den sichere Derbheit macht sich ganz schüchtern an diesen wort= Großen teaf aber
1773 2301 3354 2414 kargen Schmachtlappen heran. Reicher kann Vernünftiges dieser Spreediebs
570 2359 1786 2425 Charakter, aus dem die Konsequenzen einer Handlung ent¬
1766 2367 3350 2480 klar zergliedern, unvernünftige Philosophie vermag auch szenierung was
567 2421 798 2490 springen.
672 2408 3349 2516 Man hat also von der ganzen Handlung nur das er nicht lebendig zu machen. Irene Triesch, diese ab= Heiterteit und sei
570 2518 3341 2577 Gefühl des Unbefriedigtseins, man hört und sieht eine grundtiefe Leidenschaft, kann schwärmerische Medusen nur starken Eindruck
558 2565 3012 2634 ausgeklügelt unglückliche Familiengeschichte, ohne zu andeuten und das gereicht ihr zur Ehre. Wie wäre sie!—
562 2562 3019 2661 empfinden, daß sich diese Geschichte aus der Konsequenz eine Darstellerin des Lebens, wenn sie mit solchen Schemen#
563 2619 2993 2717 der Charaktere heraus entwickelt. Kein Wunder also, fertig würde. Bleibt also nur der neue Stieler, dessen
569 2652 2991 2758 daß man an die ganze Geschichte nicht glaubt und sie Augenräder vergebens den Dämon herausspritzen wollen,
571 2717 3001 2825 zum Schlusse wie einen Kolportageroman aus dem Gedächt= der aber in Momenten der Leidenschaft ganz natürliche
560 2743 3021 2859 nisse verliert. Man hört einen Blinden von der Farbe Laute hat und Frau Lehmann, welche eine feschef
1787 2804 3002 2905 Wiener Schauspielerin zwar direkt aus der Friedrich¬
573 2847 1785 2915 reden und einen in der Gesellschaft lustig Mitschwimmen¬
1792 2843 3011 2962 straße (Zeitstunde nachts nach zwei) importiert, mit ihrer
566 2907 1791 2964 den von der Einsamkeit. Der Weg des Herrn Fichtner
1787 2916 3016 3009 resoluten Art des Zugreifens aber auch hier den ehrlichenst
564 2952 1793 3007 könnte sich bis in eine Schnitzlersche Premiere verirren.
1791 2965 3003 3057 Erfolg ihres großen Talentes für sich hat. Am Ende auch
576 3004 1794 3076 In den Logen schöne brillantenbehangene Frauen, das
1795 3016 3017 3100 noch Herr Sauer, der falsche Sentimentalität in ein¬
566 3041 1795 3116 Professorenkollegium der Fakultät des Bruders ...
574 3051 3027 3169 glückliche Einsamkeit des Dichters, der ein Parterre von facher Schlichtheit beinahe ganz würdig zu machen weiß.
1790 3113 3012 3193 Alles zusammen kein Erfolg, weder für den Dichter, noch
588 3159 1136 3238 Fürsten zur Claque hat.
1792 3160 3007 3257 für die Darsteller, am wenigsten für den Direktor, dem
686 3177 1813 3283 Es ist wirklich schade um die Tinte, schade um den
1784 3205 3020 3284 man um diese Belebung eines toten Karpfens kaum Dank
578 3253 1807 3333 Dichter. Seine sinnigen Plaudereien über Leben und
1804 3250 3027 3344 sagen kann. Es ist für einen Dichter besser, man weist
582 3288 1811 3371 Sterben verraten ein ernstes Nachdenken, seine lustig¬
1799 3312 3021 3403 seine schlechten Stücke ab, als man verhilft ihnen mit
576 3348 1809 3434 melancholischen Malereien aus dem Wiener Leben be¬
2990 3367 3046 3420 6
1797 3363 3001 3449 aller Aufopferung zum ehrlichen Mißerfolg. Und ein solcher
577 3398 1806 3464 rechtigten zu schönen Aussichten. Aber es bleibt immer
1788 3400 3059 3499 war „Der einsame Weg“ soviel auch die willfährigen
579 3450 1802 3519 nur bei Feuilletons, bei hübsch erzählten Kleinigkeiten.
1795 3456 2555 3562 Freunde daran herumschnitzeln ...
580 3498 1806 3561 So oft er zu einem großen Wurf ausholt, versagen die
2985 3512 3045 3577 1
577 3542 1820 3615 Beine, nur das Mundwerk hält stand. Damit allein aber
1863 3552 3075 3633 Samstag gab man Hauptmanns lustige Diebskomödie de¬
584 3594 1819 3664 vollbringt man keine Tat. Mag auch die gefällige
1796 3602 3092 3701 „Der Biberpelz“, in welcher die Persiflage des preußi=sle
583 3645 1809 3712 Menge Beifall klatschen, die tiefe Stille zum Beispiel, die
1799 3660 3080 3753 schen Richtersnobs trefflich zum Ausdruck kam. Da die Ko=le¬
586 3694 1818 3761 unlängst nach der Rebekka surchtbarem Geständnis alle
579 3702 3086 3830 Hände lähmte, die ist wertvoller, als der oftmalige Her= mödie auch im Burgtheater, dank dem pfefferscharfen Zunglein! F
580 3755 3093 3870 vorruf willfähriger Mäuler. Schnitzler muß einmal zu der Frau Schmittlein, sehr gut gegeben wird, liegt der Vergleich be¬
