3484 4256
1394 201 1870 308 box 23/3
1072 216 1144 287 W
253 220 1272 340 18. Der einsaneen
3122 1062 3210 1144 S
171 1108 893 1193 wart gleich als ein Entschwundenes
904 1142 3216 1207 Argument gegen die kalte Hoffnungslosigkeit seiner; stecke, auf holde Lüge. Der „einsame Weg“ ist eine Dich¬
189 1186 886 1253 Sala ist ein Virtuose der Ein¬
2058 1175 3222 1242 tung; gewiß. Aber kein Drama. Er ist Literatur, aber
911 1194 2051 1259 egotistischen Lehre. Ich weiß nicht, ob Herr von Sala
175 1234 892 1286 ch denken, wie elegant und sicherer
2070 1242 3223 1322 nicht Theater. Er ist novellistisch=flächenhaft, nicht den
911 1249 2047 1301 damit wird viel anzufangen wissen. Er wird das
183 1278 897 1365 tritt, den schließlich alle marschieren
2067 1278 2629 1364 Raum der Bühne füllend.
916 1291 2046 1365 Erlebnis als neues Futter für seine gehätschelte Wehmut
907 1344 2052 1402 nach Hause tragen. Im Stück kommt es freilich nicht
2148 1332 3216 1411 Es ist ein weiches Stück. Eine zerfließende, in
183 1378 894 1452 hnur ein kärglich Häufchen aus dem
906 1383 2051 1448 dazu. Herr v. Sala hört, daß sein eigenes Ende nahe
2064 1386 3215 1474 Melancholie verrinnende Komödi. Ein Worte=Stück. Ein
910 1439 2049 1503 sei und ist augenblicklich entschlossen, dies nicht erst lang
185 1437 907 1506 ein bißchen stark abgefingerten Er¬
2067 1451 3215 1517 Organismus, dem das Skelettgenommen, nur die Weich¬
173 1490 904 1550 leinsamen Wegs“ Es steht viel
913 1468 2058 1548 abzuwarten. Der Aesthet flüchtet vor dem üblen Geruch,
2065 1495 3224 1564 teile und Nerven gelassen wurden. Es ist kein Drama.
166 1519 908 1601 eres, und vielleicht auch das Gegen¬
908 1536 2052 1595 vor dem Jammer und der Pein des Sterbens in den
2062 1554 3215 1617 Ich meine ja nicht, daß in einem Drama durchaus ge¬
907 1586 2058 1641 Tod ... Ach, immer müssen Frauen sterben, damit
161 1573 894 1652 Erlei Blicke in mancherlei Abgründe.
2068 1606 3212 1677 schossen werden, oder daß sein Faden gespannt wie ein
173 1630 901 1698 chen fließt ein Dunkles, sie reichen
908 1623 2053 1690 Männer erlöst werden. Aber der gerührte Zuschauer
2058 1645 3217 1700 überanstrengtes Gummibandl sein müsse. Aber hier sind
168 1679 890 1749 über kaum ihre Fingerspitzen berühren
915 1678 2060 1752 weiß es in seinem Innersten: Es war nicht der Mühe
2061 1698 3219 1758 die Elemente, aus denen die dramatische Materie ge¬
171 1731 905 1788 ell fällt dabei der eine oder die
903 1731 1061 1810 wert!
2072 1748 3225 1819 mischt ist: Geschehen und Sprechen, gar zu sehr zugunsten
181 1781 901 1836 Das Schicksal zieht wie ein Kunst¬
2060 1801 3213 1861 des Sprechens dosiert. Der Weg des Dramas ist von
991 1765 2067 1877 Wie ein Orgelpunkt bebt durch das ganze Stück das
177 1825 908 1887 sten Achterkurven, die sich schön
2061 1839 3223 1899 außen nach innen. Durch Vorgänge zu der inneren Logik
915 1845 2057 1913 Wort: der Tod. Mit vielen o. „Gibt es einen anstän¬
176 1877 898 1926 Beziehungen verschwinden spur¬
911 1895 2053 1962 digen Menschen, der in einer guten Stunde in tiefster
184 1912 909 2002 sch weiter und tauchen höchst über¬
2071 1934 3230 2012 eventuell zu Unaussprechlichem. Im „einsamen Weg“ ist's
917 1948 2053 2003 Seile an etwas anderes denkt?“ sagt Herr v. Sala, der
196 1970 899 2029 Tageslicht. Es ist allenthalben
928 1988 2067 2057 Dihter. Ein anderer Dichter meinte gelegentlich (Gespräche
2078 1997 3222 2057 umgekehrt. Wir bekommen die Idealitäten und müssen
186 2017 900 2073 gehen nebeneinander und müssen
918 2041 2060 2109 ni Eckermann): „Ein tüchtiger Mensch, der schon hier
2059 2033 3227 2108 die Realitäten sast erraten. Die Menschen stülpen sich um
194 2054 911 2135 aß sie sich erst in der Unendlichkeit
917 2081 2059 2148 tyas Ordentliches zu sein gedenkt und der daher täglich
2064 2088 3225 2168 wie Handschuhfinger und betupfen ihre Innerlichkeiten.
182 2114 898 2173 ampft wie ein Ragout von Abstrakten,
921 2136 2066 2203 ## streben, zu kämpfen und zu wirken hat, läßt die
2061 2142 3223 2210 An der Wand erscheinen Intellekt= und Gefühlsschatten,
180 2162 902 2238 Pflicht, Kunst, Zwang, Erkenntnis,
935 2179 2068 2251 lftige Welt auf sich beruhen und ist tätig und nützlich
2058 2190 3225 2254 nur höchst selten huscht etwas Körperliches über die
187 2213 917 2284 kitzelt angenehm die Nüstern der
918 2227 2054 2294 # dieser.“ Ansicht gegen Ansicht. Jene klingt viel sym¬
2071 2240 3212 2300 Szene. Das Schnitzlersche Drama ist nicht tief; es ist in
191 2252 905 2331 en besiegt, derbe Zusammenhänge
915 2283 2065 2346 pathischer als diese derb=praktische. Aber es wird doch ein
2070 2288 3218 2354 der Tiefe. Aber das gute Drama wird seiner innersten Natur
187 2312 898 2376 sich stark wie Eisenketten, Schuld
914 2340 2064 2395 wenig zu stark mit dem Tod kokettiert im „einsamen
2069 2343 3228 2400 nach immer oberflächlich sein müssen. Und es ist
197 2357 899 2417 ein kultivierter Nihilismus duftet.
915 2382 2059 2447 Weg“. Ich weiß nicht, ob es ein kunst=ehrliches Mittel
2061 2382 3225 2456 das Wunder des dramatischen Genius, daß er uns,
185 2388 896 2473 ifelt; aber mit Manieren, nett,
907 2428 2063 2492 ist, die Perspektive eines Dramas dadurch zu vertiefen,
2063 2433 3213 2490 ohne sich jemals von der Oberfläche zu entfernen, des
186 2440 905 2537 kille hat bei Schnitzler noch eine Art
916 2478 2069 2549 daß man als Ort der Handlung vorschreibt: knapp neben
2071 2483 3233 2549 Wassers Tiefe und Geheimnisse, Schrecken und Zauber
910 2521 2066 2583 der Unendlichkeit. Mit dem Tod reliefiert der
2074 2544 3221 2599 erraten läßt; während der Undramatiker „tief“ ist, indem
172 2544 901 2621 hanna zu Herrn von Sala bring#
903 2570 2065 2639 Dichter das bißchen Leben auf seiner Bühne. Es ist
2069 2572 3231 2641 er seinen Menschen gleichsam die Stühle auf den Grund
185 2617 905 2693 gsten Augenblicke des Dramas. Si¬
923 2606 2056 2677 ein Spiel zwischen Gräbern, und die Akteure sind Tote,
2069 2624 3285 2687 des Wassers setzt. Es ist kurios: Bei Schnitzler gibt es ##
202 2653 907 2720 zu diesen mit Intellekt bis zun
923 2667 2062 2732 Tot=Suchende und Tod-Gseweihte. So tropft ein Teil
2076 2680 3226 2749 immer auftauchende Taten der Vergangenheit; Revenants
198 2703 915 2774 Egoismen, zu diesem zärtlichen
914 2722 2059 2782 der schwermütigen Stimmung des Dramas automatisch
2079 2730 3223 2787 erscheinen und verwirren die Lebenden. Immer spielt
194 2754 899 2812 Not, zu diesen verlogenen Schmerz¬
912 2760 2059 2820 aus dem Thema. Aber der andere ist schönes Werk des
2064 2780 3214 2842 ein gewesenes Drama die größte Rolle im gegenwärtigen.
184 2800 910 2869 Einsamen der Komödie genießen ihre
922 2823 2061 2884 Dickters, seiner Kunst der verdämmernden Lichter und
2069 2817 3225 2890 Ist das wirklich nur ein fortwährendes Mühen um das
204 2847 903 2912 wahrhaft artistischen Wollust, und
908 2860 2070 2934 der halben Töne. Man verspürt eine wahre Herzensnot
2080 2873 3227 2930 Problem der ehernen Konsequenz und Logik alles Ge¬
224 2899 915 2968 daß sie um keinen Preis ihre
912 2904 2074 2964 in diesem „einsamen Weg“ und einen tiefen Kummer
2076 2925 3232 2985 schehens? Oder liegt dem nicht die dumpfe Ahnung
194 2934 905 3013 en würden. Anders, menschlicher,
924 2964 2066 3027 über die Nutzlosigkeit aller Erkenntnis. Sozusagen: eine
2076 2971 3223 3040 eines schweren künstlerischen Mangels zugrunde? Das
190 2991 907 3061 Frauen in „einsamen Weg“, vor
924 3009 2062 3070 Trauer des Gehirns. Und mancherlei Mitleid, das sich
2070 3018 3220 3086 Gefühl, zu abstrakt, zu leer=dialektisch zu sein? Und
194 3045 908 3105 versteckt sich ein Gefühl nicht hinter
919 3059 2064 3113 doch nicht recht hervortraut, sondern alles Zucken um
2069 3078 3231 3130 also das Bedürfnis, statt der fehlenden dramatischen Vor¬
205 3087 910 3153 Sehnsucht nach dem andern wird
920 3107 2053 3172 die Lippen in ein ironisches Lächeln zwingt. Und man
2076 3123 3220 3198 gänge wenigstens den Schatten solcher ins Spiel zu
185 3130 919 3200 ch die allzu rituell=genau erfüllte
919 3155 2066 3217 verspürt den Schmerz über Frauen=Los: daß ihnen
2082 3167 2323 3249 mischen?
201 3193 910 3260 st. „Willst Du mit mir gehen, nach
923 3209 2073 3271 so leicht zum Schicksal wird, was dem Mann, ganz be¬
2151 3208 3227 3294 So ist dieser „einsame Weg“: eine Folge von Ge¬
199 3249 918 3313 „als meine Frau?“ Und sie, die
916 3245 2069 3331 sonders dem Künstler, so leicht zur Episode schrumpft.
2078 3284 3219 3355 sprächen und Kommentaren, in die das Gespenst ver¬
199 3286 916 3362 ise anderswo hingeht als nach
912 3302 2068 3374 Und daß ihren in dieser Beziehung nicht zu helfen ist,
2078 3325 2982 3399 gangener Geschehnisse einige Unruhe bringt.
215 3335 918 3410 und geht wortlos voran. Sie
918 3342 2063 3402 absolut nicht. Dann ist viel Unerbittlichkeit in diesem
227 3389 910 3459 letzte Spanne seines Lebens:
918 3378 2108 3490 Stück. Ein nobler Verzicht allerseits auf Ausflüchte, Ver¬
2761 3380 3204 3488 Alfred Polgar.
238 3431 932 3531 Erinnerung; ein trostreiches
2292 3477 2985 3597 4813304f
