3436 4224
314 213 1308 321 13. Dereinsane Neg
1460 205 1905 284 box 23/4
2112 83 3099 134 we de
2084 124 3108 183 Schmuck bringt — sei es bewußt erlebter Schmerz
2075 153 3114 220 oder Liebe oder bloß die befriedigte oder unbefriedigte
2076 190 3118 262 Neugier des Rätselerratens im Lebensspiel... Aber
2087 253 3101 297 neben dieser Gestaltung und durch ihre Reflexe be¬
2076 264 3118 337 dingt, klingt ein Ton von unsäglicher Trauer durch
2076 339 3111 387 dieses Stück, und es ist dieser Ton, der schließlich nach¬
2089 355 3114 422 zitternd übrigbleibt und nicht mehr losläßt: die
2093 403 3117 455 Trauer darüber, wie keiner vom andern weiß, wie
2084 443 3122 507 auch die Menschen, die einander die Nächsten sind,
2086 493 3112 539 aneinander vorbeileben, ohne auch nur zu ahnen, was
2083 531 3111 578 in jenen vorgeht, die das gleiche Dach birgt; welch
2081 572 3112 627 tiefes, beunruhigendes und unlösbares Geheimnis
2094 606 3122 667 auch die Seele des Besten und Gütevollsten für all die
2089 647 3120 696 anderen bleibt, die doch sein Dasein äußerlich teilen
2100 693 3118 743 und, mit oder ohne Schuld, an dem schönen oder kläg¬
2098 724 3117 775 lichen Geschick, an der Bestimmung und auch an der
2090 778 3125 819 Lüge mitweben, die ihn umgibt. ... Dieses Gefühl,
2103 807 3121 865 das so trostlos ist und doch wieder so beruhigend,
2101 858 3133 908 weil es ohne das kaum möglich wäre, das Leben
2102 890 3124 948 zu ertragen, ohne vor Angst, Mitleid oder Abschen
2090 926 3125 984 verrückt zu werden — dieses Gefühl spricht so stark
2099 973 3122 1042 aus dem wundersam stark empfundenen und gedach¬
2102 1023 3137 1070 ten Stück, wie kaum aus einem andern. Die Vor¬
2092 1044 3129 1104 gänge im Hause Wegrat, das seltsam ästhetische und
2100 1097 3138 1149 doch wesenhafte Leben und Sterben des todaeweihten
2100 1142 3136 1188 Sala, die späte Vatersehnsucht Julian Fichtners,
2099 1176 3141 1222 Irene Herms gemordete Mutterschaft — in all diesen
2105 1213 3142 1275 tiefen menschlichen Verstrickungen klingt der gleiche
2108 1252 3139 1320 warnende Glockenton; das schmerzlich resignierte:
3013 1298 3134 1347 und
2098 1311 2955 1356 „Keiner kann Keinem wahrhaft etwas sein
2096 1321 3148 1404 die Hebbelsche Mahnung: „Hab' Achtung vor dem
2099 1389 2413 1448 Menschenbild
2165 1401 3144 1477 Man wird es der jetzigen Leitung des Burg¬
2108 1466 3128 1523 theaters nicht vergessen durfen, daß sie in ruhiger,
2104 1514 3134 1560 unprahlerischer und stetiger Arbeit eine Ehrenschuld
2117 1544 3150 1611 des Instituts nach der anderen zahlt, und daß sie,
2116 1647 3146 1735 nachdem sie Eulenberg und Wedekind das Burg¬
2117 1706 3152 1764 theater geöffnet hat, nach langen Jahren des Wartens
2130 1743 3145 1792 auch dieses reichste, ernste und menschlichste Werk des
2130 1795 3160 1841 reichsten, ernstesten und menschlichsten Wiener
2126 1829 3148 1879 Dichters zur Aufführung gebracht hat. Zu einer frei¬
2133 1873 3176 1922 lich, neben der die wundervolle, die man von Brahm;
2124 1904 3155 1951 vor Zeiten hier gesehen hat, unvergessen und unver¬
2124 1945 3158 2000 blaßt steht. Man tate Unrecht, sie mit dieser Brahm¬
2133 1971 3149 2045 schen zu vergleichen, in der jener Glockenton so hör¬
2127 2013 3153 2086 bar und eindringlich von Anfang bis zu Ende mit¬
2135 2066 3143 2126 schwang, in jedem Wort Bassermanns, Sauers, der
2677 2103 3152 2171 .In der Burgtheater¬
2126 2113 2652 2170 Lehmann und der Triesch
2128 2142 3146 2204 vorstellung hörte man ihn nur in einzelnen Momen¬
2179 2187 3064 2242 n: in den Szenen der Irene Herms, der
2127 2238 3097 2290 Bleibtreu so viel gute Weiblichkeit gab, di
2128 2265 3146 2325 Klang tapfer verhaltenen Schmerzes, weicher,
2132 2311 3149 2371 kameradschaftlich zärtlicher Gutmütigkeit und eine
2125 2361 3148 2419 kaum fühlbare Kulissenatmosphare; in ein paar
2127 2402 3152 2449 Repliken Harry Waldens, der als Sala alle
2127 2432 3165 2493 Geistigkeit der Gestalt hatte, und dem doch etwas von
2140 2476 3150 2530 ihrer bedeutsamen Faszination fehlte, vielleicht auch
2129 2530 3153 2578 infolge der befremdenden, in manchen Sekunden an
2139 2544 3166 2610 einen bösen Gnom (mit Monokel!) mahnenden
2136 2604 3145 2652 Maske; in den Szenen Paulsens, der als Pro¬
2132 2637 3149 2694 fessor Wegrat eine erschütternde stille, wehrlose Güte
2129 2676 3161 2732 hatte, die noch stärker ergriffen hätte wenn die
2127 2725 3150 2770 Monotonie der Rede nicht wäre die für den aus¬
2136 2765 3164 2817 gezeichneten Schauspieler eine Gefahr zu werden
2126 2800 3158 2854 droht. Frl. Wohlgemuth fehlt die gleichsam
2135 2839 3152 2896 unterirdische Leidenschaft, und ihr glaubhafter Aus¬
2137 2880 3155 2938 druck für die herbe Seltsamkeit der Johanna, deren
2133 2929 3167 2979 Wesen sie doch in ihrer spröden Schönheit manchmal!
2134 2964 3148 3019 merkwürdig stark empfinden macht; Herr Gerasch
2136 3018 3153 3061 hat als Felix die beste Haltung — was ihm mangelt,
2138 3058 3148 3104 ist die Belebtheit der starren Miene und die Gewich¬
2128 3090 3156 3147 tigkeit des Wortes; Frau Haeberle, die die Frau
2139 3128 3158 3183 Wegrat spielt, ist von schöner und beseelter Einfach¬
2139 3165 3152 3225 heit, wenn sie sich von allem Pathetischen freizu¬
2136 3209 3160 3265 machen vermag. Während Devrient den Julian
2146 3247 3158 3312 Fichtner in fast unfaßbarer Weise vergreift, den
2138 3294 3156 3355 „Maler“ spielt, statt den Charakter draphan zu
2135 3320 3083 3385 machen, dem er so fremd gegenübersteht, wie
2134 3347 3154 3421 leider! — auch dem Text seiner Rolle, die er mit solch
2133 3411 3160 3457 robuster Theatralik schablonisiert. Vergriffen auch
2130 3454 3159 3513 der Doktor Reumann des Herrn Herterich, der in
2131 3489 3168 3546 stilisierten Partien ein paar Mal interessant wirkte
2139 3527 3162 3582 und dieser etwas verschlossenen, aber warmen und
2139 3573 3167 3639 geraden Menschlichkeit gegenüber hilflos war. Das
3068 3611 3155 3662 die
2882 3611 3063 3672 enthällt
2849 3620 2885 3662 3
2128 3618 2788 3676 moderne Kleid ist unbarmherzig:
2139 3642 3160 3715 Schwäche des Darstellers, dem das Kostüm hilft,
2141 3707 2755 3764 auch seine Seele zu verkleiden.
2195 3727 3160 3803 Die Wärme, die das Publikum während des
2128 3776 3162 3839 ganzen Abends zeigte, bewies den starken Ein¬
2138 3815 3188 3901 druck des Stückes ehenso deutlich, wie die Liebe zu ##
2982 3850 3170 3941 u. sv.)
2149 3873 2455 3934 seinem Dichter.
2188 3946 3163 4015 Neue Werke von Sem Benelli. Der italie¬
2142 3991 3174 4051 nische Dramatiker Sem Benelli, der sich mit seinem
2140 4056 3162 4097 Schauspiel „Das Mahl der Spötter“ auch auf deutschen
2147 4088 3172 4148 Bühnen einen Platz erobert hat, arbeitet gegenwartig
