3392 4352
1043 264 1081 328 1
843 283 927 329 6
220 259 1225 359 18. Derein
1384 262 1828 352 box 23/2
1662 585 2064 692 Telephon 12801.
1268 677 2416 775 Alex. Weigls Unternehmen für Zeitungs-Ausschnitte
1478 762 2227 876 „UBSERVER“
1295 879 2416 944 Cösterr. behördl. konz. Bureau für Zeitungsberichte u. Personalnachrichten
1482 943 2253 1013 Wien, I., Concordiaplatz 4.
1703 1009 2006 1078 Vertretungen
1295 1065 2410 1115 in Berlin, Budapest, Chicago, Genf, London, New-York,
1284 1121 2415 1168 Paris, Rom, Mailand, Stockholm, Christiania, St. Petersburg.
1563 1158 2136 1222 (Quellenangabe ohne Gewähr.)
1187 1136 1292 1230 18
1287 1242 1777 1329 Ausschnitt aus:
1662 1256 2355 1372 ihe Times, Londen
1295 1342 1575 1422 vom: 72.
1623 1367 1804 1472 K
1284 1513 2312 1595 S0ME RECENT GERMAN LITERATURE.
1226 1607 2363 1670 DER EINSAME Wro. By A. Scnnirzunn. (Fischer Berlin,
1293 1660 1416 1715 2m.)
1228 1698 2220 1750 Drn Mzisren. By H. Bann. (Fischer, Berlin, 2m.)
1229 1741 2367 1794 Drazoc von Taaoisenzy. By H. Bann. (Fischer, Berlin, 2m.)
1234 1789 2329 1847 Das Hzimarsrtsr. By G. Fnnnssen. (Grote, Berlin, 2m.)
1233 1842 2270 1889 WAnkuEfr. By F. O. Brrsz. (G. Schuhr, Berlin, 3m.)
1237 1885 2367 1942 DER PrARRER von BazirENpokr. By W. v. POLENZ.
1301 1925 1890 1988 (Fontane, Berlin, 2 vols., 8m.)
1221 1959 2384 2035 Das ScnnarEynz Harn. By C. Virnia. (E. Fleischel,
1249 2010 1513 2072 Berlin, 6m.)
1235 2058 2377 2146 HERMANN OSLEB. By G. O. Kxoor. (E. Fleischel, Berlin,
1288 2103 1515 2163 3m. 50p.)
1261 2134 2367 2207 Pending the renaissance of the English theatre,
1225 2208 2366 2244 enthusiasts in London might well turn their attention to thé
1222 2247 2379 2311 literary drama of Vienna. Dr. Arthur Schnitzler, its prinel¬
1222 2290 2367 2356 pal exponent, is a writer to whom the questionof“ State-ald!
1227 2343 2373 2384 Is of less moment thau the attainment of an artistio
1231 2385 2379 2439 purpose. That he can deal with the stage in the conventional
1247 2432 2374 2482 —i.c., the French—manner is sufflciently proved by his
1227 2476 2363 2518 briiliant one-act plays, such as Der grüne Kakadu, orthe
1227 2520 2371 2565 later Lebendige Stunden, If he neglects the rules, as some
1224 2566 2380 2610 indigenous critics complain, in longer pieces, it is because
1221 2614 2363 2660 of a deliberate search for more adequate modes of expression.
1226 2656 2372 2718 The persons in his latest play, Der einsame Weg, speak a
1222 2703 2376 2761 Schnitzler dialect, revealing themselves in finely chiselled
1229 2751 2372 2803 quotable language, like the people in Shakespeare, or Molière,
1229 2795 2368 2842 or Euripides. The wise, before they censure, will ask“ What
1224 2835 2370 2898 does the author intend?“ He is obviously no realist in the
1237 2885 2370 2937 vulgar sense. His personages describe their emotions to
1229 2928 2383 2991 each other in whole pages of print, whereas introspective
1222 2965 2362 3022 persons in actual life for the most part carry on self-analysis
1226 3021 2369 3080 within their own bosoms—and hence the soliloquy is,
1224 3066 2377 3105 realism for realism, a better convention than the confidences
1221 3088 2374 3157 of a man to“ Charles, his friend.“ Moreover, the action in
1227 3154 2371 3194 Der einsame Weg amounts to little more than a passive auffer¬
1218 3189 2361 3257 ance of the consequences of past conduct. It is a panorama,
1227 3241 2369 3294 in which flgures move across the stage, but do not meet and
1229 3290 2371 3351 clash. The title of the play doubtless gives the key tothe
1210 3324 2369 3394 idea. The author means to give a picture of solitary lives,
1230 3382 2367 3426 and the very lack of action gives emphasis to the solitude.
1223 3423 2367 3484 In a desert, to meet and fight were better than not to meet.
1226 3467 2376 3523 It matters not then that we catch only a glimpse of certain
1222 3509 2367 3575 of the characters as they pass. A too clear definition might
1225 3554 1594 3615 destroy the effect.
1250 3610 2363 3665 Of the two principal persons, both pleasure-seekers
1228 3643 2365 3688 (“ Geniesslinge*'), the one, Julian Fichtner, seeks sensa¬
1218 3706 2378 3750 tion for its own sake, the other, Stephan von Sala, in
1227 3739 2368 3788 order to turn it to artistic account. Both find them¬
1217 3786 2368 3841 selves in middle life on a lonely road (der einsame Weg),
1215 3833 2378 3883 and fain to feed on husks. Julian reveals the secret of his
1217 3888 2363 3930 illegitimate paternity to Felix, the reputed son of Professor
1225 3916 2376 3965 Wegrath, in the hope that he may have a son’s affection to
1216 3967 2382 4006 cheer his declining years. But the young man is deaf to the
1225 4008 2373 4063 appeal of“ blood' relationship. He acknowledges a debt not
1225 4058 2367 4101 to the parent to whom he owes merely his being, but to
1229 4099 2367 4145 Wegrath, who has given him a father’s care and affection all
1221 4143 2372 4193 his life. His eister Johanna, on the other hand, turns from
