3436 4384
-18 1894 45 1948 11
-14 3193 69 3248 al
3 2068 55 2117 uc
-1 2107 58 2161 12
2032 426 2324 518 n
3086 808 3235 925 9
180 789 2688 913 DAG 30APRIL 1923 — Avondblad — Derde blad
1614 963 2132 1033 De Maastreechter Staar.
168 960 1427 1028 d, waarschijnlijk Phaaldelijk dingen worden gedaan — en ge¬
1448 994 2310 1065 Zondag heeft in hei gebouw van de Maas¬
2332 1000 3212 1081 Ingezonden Mededeelingen.
173 1021 1416 1074 estelijk centrum 1zegd zonder eenige pose, heel geweanweg en
1421 1049 2320 1121 treechter Staar een receptie plaats gehad ter
516 1069 1418 1135 Ivanzelf — als flitsen van licht en bakens
2340 1075 3214 1111 (Voorwaarden plaatsing zie hoofd le blad).
158 1075 762 1168 telijk“ oogpunt-van vuur.
1404 1098 2325 1162 gelegenheid van haar 40-jarig bestaan. De
170 1147 530 1200 e Aziaten. Maar
1417 1136 2326 1202 met palmen en bloemen versierde zaal bood
550 1122 1418 1205 We hebben hier, in 't begin van dit sei¬
168 1173 524 1258 el op origlheele
1420 1189 2325 1261 ecn schitterenden aanblik. Van alle kanten
516 1194 1421 1255 zoen, Murtine gehad, van het Théätre de la
1419 1229 2321 1290 uit den lande waren delegaties gekomen om
518 1236 1414 1293 Chinfere. Dat werd aangekondigd als een
161 1252 518 1339 rkeiijk en be¬
1418 1265 2326 1334 de jubileerende vereeniging te complimen¬
511 1274 1411 1334 Texempel van de nieuwe tocncelschriffkunst
2488 1166 2573 1356 *
162 1305 506 1373 rekenen wij de
1425 1317 2324 1376 teeren. Er waren de besturen van het Rot¬
2569 1309 2623 1393 ∆
517 1322 1417 1383 der indirecte zegging. Maar cch, wat wordt
170 1364 514 1426 sie en den siede¬
2769 1344 3091 1411 FHIOEDEN
1417 1353 2326 1424 terdamsch Mannenkoor, het Nijmeegsch
505 1349 1417 1442 dat klein bij dit werk van indirecte zegging,
2753 1380 3147 1470 IHIRLLE PRLZENIN
171 1406 525 1469 ud) dat stellig
1407 1407 2322 1460 Mannenkoor „Limburgia“ te Nijmnegen, het
519 1409 1338 1487 dat set als zoodanig is aangekondigd.
3141 1420 3276 1486 M
173 1443 530 1516 en coloristische
1407 1451 2313 1501 Roermondsch Mannenkoor, Apolloruit Am¬
541 1457 1155 1524 En dat twintig jaar oud is.
2592 1459 2997 1567 AS
1405 1493 2323 1549 sterdam, Venlonia uit Venlo, e.a. Bijde vele
1419 1534 2331 1602 binnengekomen telegrafische en schriftelijke
190 1524 519 1605 van cen neo¬
549 1524 1420 1611 Het stuk is opgevoerd in de vertaling, die
2742 1465 3251 1641 Sud
1414 1581 2317 1639 gelukwenschen was een telegram van H. M.
521 1577 1417 1641 Frans Mijussen, een jaar of acht geleden,
1418 1625 2324 1681 de Koningin, de beschermvrouwe van de
170 1600 511 1691 ven goed wezen
2761 1604 3220 1685 FERZERSORAETNo
520 1634 1410 1695 voor Verkade ervan heeft gemaakt. Het
2733 1658 3229 1711 m T EL. H. 6749-ADAM.
1412 1667 2317 1720 Maastreechter Staar. De burgemeester, mr.
520 1667 1419 1726 bleef tot nu toe liggen door gemis aan krach¬
1410 1704 2322 1760 L. B. J. van Oppen, eere-voorzitter, voerde
505 1723 1411 1783 ten voor een goede rolverdeeling. Over die
174 1721 515 1801 ens uitstekende,
1408 1758 2324 1820 het woord, evenals de Commissaris der Ko¬
520 1762 1419 1804 welke Verkade thans ervoor heeft samen¬
2316 1751 3243 1832 eigenaar was Evert van den Damme, wiens“
170 1790 514 1844 ien, dan moet
1419 1797 2324 1853 ningin in de provincie Limburg, en vertegen¬
518 1805 1408 1863 gesteld, kan men in 't algemeen zeer voldaan
2310 1809 3250 1868 geslacht al in de 12e eeuw werd genoemd. De¬
170 1830 517 1884 ordeinde enkele
1422 1842 2321 1904 woordigers der vele aanwezige delegaties,
514 1853 1419 1902 zijn. Van enkele rollen, zocals die van lrene
2315 1847 3282 1904 namen van Wilbelmus en Hencus de Dammen
184 1876 510 1932 gaan bekisken:
1420 1887 2310 1936 onder wie de heer Hagen, voorzitter van den
513 1887 1422 1952 Herms (EllyReicher) en Felix (Dick
2311 1889 3275 1954 worden in 1190 als getuigen genoemd in den#
184 1914 513 1981 een bloemstukje
1408 1916 2056 1986 Nederlandschen Zangersbond.
2311 1920 3256 1979 brief, waarin Graaf Otto aan Zutphen-desyrij¬
510 1932 1416 1985 Ivan Veen) kunnen wij ons kwalijk een
170 1960 523 2020 chtig als vlin¬
1451 1951 2309 2034 Hedenavond arriveert te Maastricht de
2323 1969 3240 2028 heid van stadsrechten verleende. Tot 1645
511 1976 1417 2038 betere bezetting denken; het spel van Elly
2321 1989 3270 2079 bleef de havezathe in het bezit van het geslacht,
1418 1998 2321 2084 Garde Républichine uit Parijs om er een
183 2006 1423 2082 beste Barbizon-Reicher was bewonderenswaard van intuitie
179 2038 524 2107 Ribot, Bonvin,
2318 2046 3230 2104 Van der Capellen. In dit jaer kwam bei aan
520 2066 1425 2129 en van rijke, maar nooit drukke, nuanceering
2328 2085 3248 2139 Geertruid van der Capellen, die getround was
181 2093 519 2149 oesten, bestialen
511 2116 1420 2165 in allerlei situaties. En Dick van Veen speel¬
2319 2121 3249 2183 met Reinier van Goltsteijn. In diens geslacht
194 2140 526 2195 jets moois van
1651 2116 2085 2199 Garde republicalne.
510 2154 1425 2201 Ide de schijnbaar eenvondige doch inderdaad
2315 2162 3257 2209 bleef het tot 1700, toen Willem III het aankocht
201 2182 527 2234 wiens min of
1433 2160 2316 2237 Het programma der concerten van de
512 2191 1427 2262 heel lastige rol van Felix met ecn merkwaar¬
2327 2199 3267 2251 voor zim gunsteling Arnold Joost van Keppel“
174 2204 510 2278 tinctie van toon
1414 2235 2310 2285 „Garde republicaine' te ’s-Gravenhage,
519 2240 1415 2299 dig rustige zekerheid; het mooie van zisn
2323 2249 3247 2296 en het bij de Voorst voegde, die tot cen hooge
177 2270 512 2335 lingen heeft als
1420 2272 2316 2328 Rotterdam, Amsterdam en Arnhem bevat
2317 2280 3266 2343 heerlijkheid werd verheven. In 1744 kwam bet.
511 2270 1413 2344 spel. vonden wij bovendien vooral dat hij,
1426 2316 2316 2375 Ouverture Le roi d’Ts van Lalo, Larghetto
2327 2321 3261 2382 door aankoop aan Frederik Robbert, Evert
511 2324 1423 2390 tegénover de eenzelvigheid der anderen, de
181 2322 509 2411 steenen vrou¬
2318 2354 3233 2411 van de Capellen; in diens geslacht bleef het tot
1426 2360 2310 2412 en Menuet van Mozart, Tasso, Lamento e
509 2358 1411 2423 warme openheid van dit karakter deed spre¬
186 2392 518 2452 erste werk dat
2314 2389 3229 2455 1847. Door den dood van den laatsten bezitter
1413 2404 2309 2458 Trionjo van Liszt, Symphonie fantastique
519 2409 1415 2478 kozonder nochtans een oogenblik uit het
2325 2441 3246 2489 wordt het nu verkocht. In den gevelsteen ziet
176 2433 524 2498 r zagen. Dit is
1425 2441 2321 2503 van Berlioz en l’Apprentz sorcier van Paul
513 2454 966 2510 e###üble te vallen.
2323 2472 3240 2538 men nog de wapens der geslachten Van der
175 2484 510 2534 Fnaam modele,
1415 2488 2311 2557 „Dukas; een en ander bewerkt voor harmo¬
544 2483 1418 2550 ändere rollen kan men zich zeker wöl
2323 2507 2763 2585 Capellen en Ripperda.
1421 2535 1657 2598 nie-orkest.
175 2499 1416 2600 bere lijn zonder beter bezet denken; Eugène Gilhuys hield
182 2564 518 2622 nochtans, en
513 2580 1419 2647 defiguur van den dokter naar zijn opvatting
177 2603 515 2668 lat men dit ge¬
1468 2594 2277 2677 Muurschildering voor het Rotterdamsche
2395 2601 3170 2688 Fransche kunst en Fransche
517 2623 1422 2687 goed vol maar met de opvatting kunnen wil
180 2646 515 2709 de beste Chi¬
2594 2662 2960 2738 wetenschap.
523 2668 1426 2735 ons niet vereenigen. De dokter is een veel
1459 2675 2327 2759 Het „Bouwk. Weekbl.“ geeft een afbeel¬
173 2692 511 2757 n.Het vertoont
509 2709 1421 2774 te belangrijke figuur om er zoo'n armoedig,
1403 2729 2330 2784 ding van het schetsontwerp, door Willem
2381 2713 3233 2806 (Van onzen gewonen briefschrüver.)
188 2737 521 2807 pvatting, veel
515 2749 1423 2810 enbeduidend schoolmeestertje van te maken.
1418 2780 2327 2845 Arondeiis geteekend om uitgevoerd te wor¬
516 2799 1421 2869 Hans van Meerten scheen aanvankelijk wat
2784 2771 3271 2871 Paris, 27 April.3%
1422 2826 2188 2880 den in het Rotterdamsche raadhuis.
175 2803 520 2891 ten elke tegen¬
510 2837 1418 2905 conventioneel maar werd gaandeweg beter.
1437 2839 2327 2916 De muurschildering, — aldus genoemd blad —
185 2861 509 2938 een schepping
2357 2842 3247 2927 Nu het wachtwoord „steunt de Fransche.
522 2888 1424 2949 Sara Heyblom was geen ideale Gabriele maar
1424 2899 2320 2957 is het geschenk van een groep Israélietische
2327 2892 3270 2962 wetenschap'' is uitgegeven, de Fransche weten¬
518 2927 1411 2996 bereikte, in de knappe metamorfose van
1416 2938 2321 2989 Rotterdammers aan de gemeente. De voorstel¬
2322 2942 3243 3013 schap die zich op de staatsbegrooting een allte“
515 2968 1411 3036 haar persoon, toch heel veel. Nel Stants was
1417 2986 2326 3042 ling wordt bepaald door het onderschrift uit
2328 2991 3230 3038 schamel deel pleegt toegekend té zien, en die
1419 3025 2322 3083 den Profeet Zacharias 8:16 in het Oude Testa¬
508 3026 1411 3085 ook wel niet extatisch genoeg, niet genoeg
2324 3026 3229 3076 slechts door wonderen van zelfverloocheningon
1417 3065 2320 3121 ment en kan nader omschreven worden als de,
2320 3049 3265 3124 vindingrijkheid van de zijde van de Fransche
512 3068 1408 3127 innerlijk-brandend, soms ook te uiterlijk van
1426 3105 2319 3155 door goddelijke en menscheljike wetten gescha¬
2320 3105 3263 3156 geleerden en onderzoekers op peil gehouden
493 3092 1408 3167 gebaar voor de dweepzieke Johanna (haar
197 3115 492 3197 e, 29 April.
1420 3139 2316 3192 pen orde zegevierende over de ordeloosheid en
2326 3139 3247 3189 worden kan, komt de steun van alle kanten.
503 3157 1418 3219 aanleg is anders en het timbre van haar stem
1418 3179 2323 3226 het kwade. Ze wordt gedacht als een aanspraak,
194 3172 508 3243 chnitzler is in¬
2312 3165 3242 3237 Op den match tusschen Carpentier en Siki is.
514 3197 1410 3256 was wat te donker) doch zo deed ons ten
1418 3219 2090 3275 tot liet Besturend College gericht.
2326 3216 3231 3260 te vergeefs gerekend; in weerwil van hun, over¬
190 3223 510 3284 neel gespeeld.
516 3234 1415 3296 slotte in de figuur wel gelooven. Verkade
1448 3232 2325 3303 Bij de uitvoering, welke op geprepareerd tri¬
2312 3255 3249 3318 haaste toezeggingen bleken deze heeren, in be¬
192 3259 515 3323 Toen was het
518 3280 1411 3340 zelf bracht als Von Sala de deugden en ge¬
1414 3282 2316 3344 plex in tempera geschiedt, zullen op verzoek van
2324 3293 3235 3343 roeps-deformatie, te veel aan het geld gehecht
192 3298 525 3379 er wel mogelijk
511 3314 1420 3391 breken van zijn spelen mede — eiin slordige
2326 3334 3225 3384 om er iets van af te staan voör museums;
1424 3320 2329 3402 de schenkers nog eenige kleine witzigingen wor¬
197 3349 511 3415 het uitgaande
1416 3366 1785 3434 den aangebracht.
2310 3362 3228 3418 collegezalen of laboratoria, waarvoor z6 niet de
517 3364 1419 3431 dictie en ziin te weinig verzorgde houding
192 3386 522 3463 hoonheid van
2327 3408 3226 3460 minste belangstelling gevoelen. Alisze elkaar
1437 3385 2315 3470 Aan dit geschenk is cen heole voorgeschiedenis
518 3410 1417 3470 en gebaren, doch ook de groote allure van
1419 3438 2321 3490 verbonden. Oorspronkelijk was de opdracht ge¬
2325 3444 3240 3497 nog in den „ring' mochten ontmoeten; watt##
193 3442 1406 3523 dat de meesten (zijn spel, de rustige voornaamheid en het
2324 3472 3242 3531 voorloopig zeer twiffelachtig lijkt, zal het zijn.
218 3488 523 3546 Want het is
1421 3488 2320 3539 geven aan Willem van Koniinenburg, wiens
511 3499 1413 3561 imponeerende ervan — en in onze herinne¬
2318 3519 3232 3578 om hun eigen buidel te stijven. Maar intusschen.
1412 3518 2317 3574 schilderij echter door de schenkers geweigerd
204 3507 512 3589 ken het reikt,
509 3550 1414 3612 ring zijn de deugden toch wel het meest
1408 3569 2320 3620 werd. omdat ze ecn te sterk uitgesproken katho¬
2321 3562 3229 3623 heeft de noodkreet, in sommige Parjjsche bla¬
203 3570 510 3633 et menschelijk
511 3589 871 3651 bl ven hangen.
1422 3593 1791 3667 liek karakter had.
2310 3600 3228 3655 den megafonisch versterkt, in allerlei kringen
204 3615 515 3683 houding hoog
565 3614 1421 3702 Van Dalsum eindelijk heeft ons op¬
2317 3642 3229 3698 weerklank gevonden. Overal wordt gemusi¬
198 3661 511 3724 neffen, koele
2321 3680 3233 3727 ceerd, gedanst, tentcongesteld, verkocht, in het
509 3687 1427 3734 nieuw door zijn beeldend vermogen verrast.
1446 3658 2320 3744 In de toonkamers van de Zuid-Hollandsche
201 3706 517 3764 r goud, in alle
2313 3717 3218 3766 belang van een betere outillage van de Fransche
1421 3726 2311 3766 vereeniging tot bevordering von Kunstnisver¬
516 3727 1406 3771 Wij hadden, eerlijk gezegd, geen groote ver¬
200 3733 526 3810 ral ongesierd,
2317 3749 3229 3805 mannen der wetenschap. Dat daarbis een
1421 3765 2311 3810 heid en Volkskunst te Rotterdam, wordt van 3
512 3767 1414 3820 wachting van hem in een figuur als Ficht¬
2315 3796 3227 3846 aardige dosis snobisme komt is onbetwistbaar,
206 3793 520 3859 zuiver tot in
1415 3803 2314 3849 tot 31 Mei eene tentoonstelling gehonden van
520 3812 1419 3871 ner doch dadelijk, bij het opgaan van ’t
2314 3827 3226 3885 maar het doel heiligt hier vele middelen, en
1415 3844 2314 3894 kunstaardewerk, bouwplastiek en tuinversiering
196 3831 510 3901 nds Ibsen neb¬
510 3849 1412 3916 scherm voor het tweede bedriff, pakte ons
2323 3870 3234 3914 wanneer het gevolg van dit op zich zelf tamelijk:
1417 3881 1929 3943 door Willem C. Brouwer.
198 3878 515 3940 gen, psvcholo¬
518 3901 1411 3956 zijn verschijning en zijn doen door haar di¬
2320 3907 3241 3963 minderwaardig sentiment is dat we zulk cen“
201 3921 514 3978 ijke kracht als
2314 3946 3238 4005 schitterende collectie oude en moderne Fransche
519 3950 1424 4003 recte echtheid. En dan kon men nu en dan
1462 3924 2249 4015 Zuid-Bevelandsche A Cappella koor naar
192 3972 518 4037 logisch, zonder
2320 3986 3256 4041 kunst bijeengebracht zien als er nu# te zien is
1739 3986 1991 4051 Engeland.
516 3987 1418 4037 zichteens stooten aan den aanblik van Van
196 4009 513 4077 een spanning,
2316 4019 3240 4066 in het gebouw van de „Chambre Syndicale de
525 4036 1427 4100 Dalsum’s slechte houding en kleeding, maar
207 4055 514 4106 nmen 200 da¬
2308 4054 3222 4120 la Curiosité et des Beaux-Arts'’ (18, Rue de la
1450 4063 2309 4134 Het Zuid-Bevelandsche a cappella-koor,
515 4077 1407 4146 ten slotte sbeelde hij dat allemaal weer weg.
2312 4098 3224 4156 Ville-l’Ereque), dan zouden we toch waarlijk
1413 4119 2312 4185 directeur de heer G. Houtekamer te Kloe¬
517 4113 1403 4177 Wat hij doet is altijd zoo volkomen deor¬
2324 4140 3243 4205 ongelijk hebben erover te klagen of er alte veel
196 4137 513 4204 onverbiddelijk-
1403 4158 2309 4218 tingen, welks leden in nationaal cos¬
525 4166 1406 4212 voeld en met zulk een zuivere, artistieke in¬
2314 4175 2845 4234 den draak mee te steken.
201 4185 521 4249 tzelfde fatalis¬
1410 4204 2309 4262 tuum zijn gekleed, zal Vrijdag 18 Mei naar
520 4207 1404 4266 telligentie uitgebeeld, dat hij waarschijulijk
2354 4193 3319 4268 De groote betcekenis die deze expositie heeft
206 4229 517 4294 odlotsobjecten
1412 4252 1825 4314 Engeland overstel:
2066 4244 2128 4311 d
2141 4250 2285 4314 K
1291 4260 1370 4311 ane
516 4257 1253 4310 in Geonmogelijkste kleeren ons nog 20
