3484 4320
1721 92 2389 174 eneneenen ene
1056 148 1717 195 dußen muß, daß die österreichische
1734 151 2611 213 Jean Gilberts Operette „Spiel um die
1046 189 1721 232 bustrie noch immer dem Phantom der
1733 198 2613 262 Liebe“ eröffnet. Auch die „Theresina“ von Oskar
976 228 1714 277 Infabrikation nachjagt; man wird dann
1731 249 2613 307 Strauß werden voraussichtlich im Ronacher¬
838 258 1720 308 ln um so leichterem Herzen fordern, daß die be¬
1725 301 2584 356 Theater zur Wiener Erstaufführung gelangen.
829 302 1719 347 stehenden Prohibitivzölle und Einfuhr¬
818 336 1726 389 verbole, die den ganzen Autoverkehr in Öster¬
1759 346 2599 417 Damit sind also die Kombinationen mit Carl¬
2803 346 2857 411 9
828 381 1715 426 reich lahmlegen, für volkstümliche Personenwagen
1724 398 2380 466 Theater und Stadttheater erledigt.
2652 381 2864 495 —
830 415 1723 465 und unentbehrliche, leichte Lieserungswagen
824 453 1725 510 fallen, damit die österreichische Automobilindustrie
820 480 1732 540 nicht etwo gegen ihre Absicht ein Hindernis für
1936 473 2400 572 Zensur in Graz.
2635 479 2873 568 Poud:
821 514 1741 595 die Entwicklung des Automobilismus
1768 556 2625 628 * Aus Graz wird uns berichtet: Für gestern
833 578 1286 630 in Österreich werde.
1733 595 2611 659 (Montag) abends war eine Aufführung des Lust¬
837 608 1711 676 NTNANTENN
2666 611 2870 707 verlei
1725 645 2593 695 spiels „Wie werde ich meine Frau los?“
1712 683 2618 749 von Otto Ernst Hesse durch ein Ensemble von
2633 689 2881 769 blenden
1720 719 2611 766 Mitgliedern der ehemaligen Wiener Kammer¬
838 670 1716 816 Bühne und Kunst
1722 759 2611 815 spiele im hiesigen Opernhaus angesetzt. Die Auf¬
1729 799 2616 842 führung wurde im letzten Moment von der
2643 803 2873 903 Mayami-P
821 808 1715 890 „Der einsame Weg“ mit Bassermann.
1724 838 2618 900 Landesregierung verboten. Das Stück
1723 874 2616 918 war bereits am Samstag der Polizeizensur vor¬
822 896 1716 965 Schauspiel von Artur Schnitzler im Volks¬
1728 918 2617 972 gelegt und von dieser, da sie Bedenken hegte,
1191 941 1373 1010 theater.
2678 923 2888 1012 In alle
1723 952 2621 1012 Sonntag mittags der Landesregierung zur Über¬
1727 993 2623 1047 prüfung übermittelt worden. Da ein Großteil der
874 975 1721 1055 * Er nennt sie nicht Tragödien, diese stillen
1731 1036 2632 1090 Mitglieder der Landesregierung am Sonntag nicht
828 1040 1719 1105 Herbststücke des langsamen Verblutens und der
1733 1062 2627 1128 in Graz war. wurde erst Montag mittags die
834 1098 1720 1159 noblen Resignation. Denn der Tod bricht in diese
1729 1112 2623 1164 Entscheidung getroffen und die Aufführung wegen
827 1147 1718 1200 Welt nicht ein als schrecklich=plötzliche Katastrophe.
1731 1152 2622 1210 angeblicher Laszivitäten des Stückes verboten.
1725 1191 2621 1233 Das Lustspiel ist bekanntlich in Wien an drei
827 1192 1716 1263 Er sickert durch die dünnen Wände und fröstelnd
1733 1227 2615 1279 Bühnen über fünfzigmal, desgleichen in Prag,
831 1239 1721 1297 fühlt man ihn von Anbeginn. Sterben ist kein
1729 1265 2616 1319 Wiener=Neustadt, Brünn und Karlsbad wieder¬
819 1290 1725 1342 besonderes Ereignis in dieser Welt, sondern ein
1729 1305 2611 1359 holt gespielt worden. ohne den geringsten Anstoß
2621 1310 2873 1367 men werden
832 1337 1714 1396 allgemeiner Zustand. Es ist das Bewußtsein der
1733 1351 2608 1391 zu erregen. Die Theaterdirektion erleidet beträcht¬
2618 1348 2889 1399 überzeichnete
1736 1383 2613 1429 lichen Schaden, da das Wiener Ensemble unter
824 1381 1713 1447 vornehm=dekadenten Vorkriegsbourgeoisie, deren
2621 1386 2873 1446 eingestellt. D
1724 1420 2601 1465 der Leitung Eugen Jensens zur Stunde des
825 1426 1719 1497 Welt Schnitzler gezeichnet hat. Welt, betone ich
2619 1426 2887 1487 der öffentlic
1725 1458 2609 1512 Verbots bereits in Graz eingetroffen war und
2616 1468 2871 1530 Nähere noch
826 1472 1724 1549 als Unterschied zu anderen Dichtern, die nur
1729 1501 2609 1571 selbstverständlich die Bezahlung der Reisekosten
2609 1515 2880 1578 Tanzabend d
824 1519 1716 1577 Figuren und Geschichten haben. Wenn einmal in
1730 1543 2330 1600 und der Spielhonorare verlangte.
2635 1557 2879 1620 * Sonnta
822 1576 1720 1635 der letzten Auswah der Literaturgeschichte doch
2611 1594 2882 1670 Volksondung
836 1624 1723 1677 Schnitzler herausgeholt werden wird, so wird dabei
1730 1607 2612 1704 Die Neueinstudierung des „Faust“ im Volks¬
2611 1649 2870 1723 eines Rhyth
823 1674 1724 1730 dieser Umstand entscheiden, daß er, trotz seines
1773 1670 1950 1728 theater.
2609 1697 2880 1770 statt, die ein
1764 1703 2611 1763 * Samstag gelangt neu inszeniert „Faust“ mit
834 1709 1721 1776 „Lokalkolorits“, kein Provinzdichter war, weder
2620 1744 2875 1814 welche Talen
1727 1737 2618 1803 Albert Bassermann als Mephisto und Wilhelm
832 1767 1721 1824 im geograpihschen noch im geistigen Sinne des
1721 1786 2605 1844 Klitsch in der Titelrolle zur Aufführung. Das
2614 1796 2864 1866 musikalische
824 1810 1725 1879 Wortes. Seine Gestalten, auch wenn sie in einem
1731 1840 2608 1885 Gretchen spielt Sonik Rainer. die Frau Marthe
2612 1850 2881 1912 eines, Frau #
826 1857 1720 1920 Wiener Cottagegarten leichte Dialektgespräche
1747 1878 1801 1926 —
1781 1881 2611 1931 Rose Fasser, den Valentin — Werner Schott,
2616 1892 2875 1963 Arbeit aus d
825 1901 1707 1958 führen, leben in der Welt und haben den größten
1722 1910 2609 1966 den Wagner — Karl Skraup, den Schüler — Otto
2613 1944 2882 2005 das bewiesen
1732 1950 2610 1998 Soltau, die Hexe — Hans Rodenberg. In den
827 1945 1641 2020 Raum um sich, den jene Zeit öffnen konnte.
1737 1997 2605 2049 übrigen Hauptrollen sind beschäftigt: Viktor
2613 1986 2882 2061 ganz Kleinen
879 1991 1721 2050 Ein umgekehrtes Labyriuth ist diese seltsam
1725 2037 2612 2093 Kutschera, Alfred Schreiber, Oskar Sima, Hans
2625 2042 2870 2106 der größeren
829 2052 1716 2116 traurige Welt, ein Labyrinth, aus dem jeder Weg
1723 2073 2609 2139 Ziegler, Felix Krones, Walter Brandt, Karl
2611 2092 2877 2155 rung sah ma
822 2105 1713 2164 unrettbar herausführt, und jeder Schritt Ent¬
1723 2110 2236 2178 Paryla, Maria Guttmann.
2612 2131 2850 2202 die Körper
822 2142 1718 2204 fernung heißt. Ein seltsames Gewebe von
1729 2150 2463 2217 Tilly Wedekind am Raimund=Theater.
2612 2187 2862 2255 durchgebildet
830 2188 1730 2252 Lebensfäden, die miteinander nirgenbs verknüpft
1763 2209 2602 2266 * Wie wir hören, wird am Raimund=Theater
2608 2231 2884 2298 dieser Elemes
826 2240 1715 2306 sind. Eine Gesellschaft von einsamen Menschen
1730 2260 2607 2320 Wedekinds „Franziska“ wieder in den Spiel¬
2611 2277 2876 2357 spiel „Der K
822 2288 1725 2344 und ein Garten mit lauter „einsamen Wegen“,
1729 2306 2602 2364 plan ausgenommen werden. In der Tittelrolle
2616 2326 2894 2405 schon die flotz
821 2326 1718 2397 die aneinander vorbeiführen, weil kein Ziel vor¬
1734 2360 2374 2427 wird Tilly Wedekind gastieren.
2608 2379 2862 2449 Kinder und
824 2389 1713 2446 handen ist, in dem sie sich treffen könnten. Die
1730 2402 2458 2480 Eine Schnitzler=Aufführung in Paris.
2610 2431 2871 2495 lebendige Re¬
825 2432 1715 2494 schöne Noblesse der Schnitzlerschen Gestalten liegt
1765 2454 2611 2529 * Wie wir erfahren, gelangt noch in dieser
836 2482 1716 2537 darin, wie sie dieses auf sich nehmen, ohne sich
2615 2461 2889 2548 individuell zu
1726 2496 2603 2567 Spielzeit „Der tapfere Kassian“ von Artur
827 2524 1721 2583 selbst und einander zu belügen. Sie haben nichts
2622 2527 2888 2598 Ruth Suschi
1736 2548 2608 2624 Schnitzler am Theatre Champs Elysées in
2611 2570 2882 2637 beste Leistung
821 2573 1727 2639 Krampfhaftes. Ihre Gefaßtheit erscheint in der
1725 2607 2604 2681 Paris zur französischen Erstauf¬
827 2622 1723 2681 endgültigen Fassung ihrer Worte, die sich ohne
2611 2622 2884 2686 füllte die jun
1723 2647 1965 2729 führung.
2618 2673 2888 2743 fundenen Wie
835 2680 1720 2729 aggressive Akzente, gleichsam unauffällig zu
825 2725 1721 2780 Aphorismen runden. Nie wurde noch Schweres
1728 2696 2138 2787 Korff — Wien=müde.
2610 2720 2897 2805 Konzert Rozi
824 2763 1732 2825 so leicht gesagt, nie noch so vieles zwischen die
1813 2745 2622 2834 Arnold Korff wird, wie wir hören, sein
2679 2788 2896 2849 * Die jug
830 2818 1712 2870 Worte geschwiegen, um die anderen nicht zu be¬
1722 2821 2613 2887 Engagement an den Beer=Bühnen mit Ablauf
2618 2805 2896 2882 Budapester #
819 2855 1715 2935 lasten. Schnitzler ist der große Dichter der Ele¬
1723 2871 2601 2934 der Spielzeit nicht erneuern. Korff, der am
2618 2872 2891 2926 gibt heute al,
2623 2909 2882 2963 einen eigenen
822 2906 1546 2985 ganz. (Und nicht etwa Oskar Wilde.)
1728 2916 2598 2977 1. Jänner einen mehrmonatigen Urlaub antritt,
865 2946 1721 3015 Diese Eleganz spielte Albert Bassermann.
1733 2961 2617 3017 denkt daran Wien überhaupt zu verlassen, da er
2620 3002 2891 3076 LEE
818 3002 1714 3073 Die Eleganz, die aus der Distanz zu allen und
1733 3014 2617 3077 die hiesigen Theaterverhältnisse unerträglich
835 3048 1710 3104 allem besteht und aus der Distanz zu sich selber —
1732 3049 2614 3121 empfindet, und zwar deshalb, weil, wie er sagt,
2715 3065 2887 3145 The
823 3097 1719 3158 wie vor dem Spiegel. Ekstase und Hingebung, das
1737 3101 2621 3182 Leute ins Theater dreinreden, die vom Theater
2625 3137 2884 3210 BE
819 3144 1715 3216 Aufgelöstsein jeder Art kann schön sein. Aber
819 3198 1715 3251 das Geheimnis der Eleganz ist das Unauf¬
2616 3193 2890 3256 ½8 Burgthea
1732 3201 2353 3285 Ein neues Drama von Klabund.
2615 3236 2881 3299 48 Staatson
819 3240 1722 3309 gelöstsein, die tadellose Form, die nur eine
1797 3263 2627 3345 *Klabund, dessen „Teufelspakt“ in Han¬
2619 3284 2880 3332 ½8 Redouter
828 3286 1724 3342 Isolierschichte geben kann. Jedes Kleid und jede
1729 3312 2609 3360 nover und Hamburg, dessen Nachdichtung von
2620 3318 2882 3379 ½8 Akademie
823 3335 1714 3401 Gebärde ist wie nie ganz aus der Schachtel ge¬
1724 3354 2615 3406 Rostands „Der junge Aar“ in Berlin aufgeführt
2671 3351 2897 3411 7Volksope
829 3386 1718 3437 nommen. Auch die Flecken des eigenen Blutes
1730 3397 2608 3465 wird, hat ein neues Drama „Cromwell“ ge¬
2614 3396 2883 3452 ½8 Deutsches
1726 3440 1926 3489 schrieben.
829 3434 1723 3498 sind nicht zu sehen. Aber, daß man von diesem
2610 3442 2888 3489 ½8 Raimund
2614 3476 2863 3543 ½8 Theater
827 3488 1721 3546 nach innen rinnenden Blute weiß und fühlt, wie
1730 3479 2574 3559 Italienische Uraufführung des „Pusztaliebchen“.
2685 3519 2839 3567 stahls.
823 3526 1731 3595 viel seine Haltung zu halten hat, darin liegt das
1770 3531 2603 3602 * Wie uns mitgeteilt wird, kommt die Operette
2611 3540 2861 3606 ½8 Johann
827 3584 1721 3643 Ergreifende in Bassermanns Spiel. Leidenschaft
1728 3580 2606 3648 „Pusztaliebchen“ von Michael Krausz
2612 3594 2866 3646 ½8 Theater
2616 3638 2882 3682 ½8 Carl-The¬
825 3637 1718 3689 und Qual — und Bügelfalten bis in den Tod.
1734 3613 2609 3700 (Buch von Willy Sterk) am 24. d. in Bologna
2615 3667 2891 3733 ½8 Bürgerth
868 3681 1724 3739 Auch sonst war die Aufführung der kraftvollen
1733 3679 2593 3738 zur italienischen Uraufführung. Die darauf¬
2619 3708 2888 3767 ½8 Stadtthe
828 3713 1722 3782 Feinheit dieser Poesie würdig. Frau Lvovsky
1733 3723 2614 3801 folgende Premiere in Mailand wird der Wiener
2642 3746 2685 3794 8
2677 3745 2877 3799 Lustspielt
832 3785 1728 3835 als Johanna, eine herbe und sachliche Todes¬
1734 3779 2122 3847 Komponist dirigieren.
2669 3791 2890 3839 8 Roland=2
829 3825 1725 3888 seherin mit unsentimentaler Resignation. Sie
2634 3824 2888 3878 8 Renaissar
1731 3846 2404 3907 Theatergemeinde der Bundestheater.
818 3858 1719 3934 kann mit trockenen Augen weinen. An Herrn
1796 3880 2606 3944 * Die Bundestheaterverwaltung teilt mit, daß
2607 3896 2885 3958 Der Wechens
825 3915 1733 3976 Forest als Gatten, der mehr weiß als man von
1725 3926 2609 3984 Anmeldungen nur mehr für die Gruppen IV und V,
2728 3942 2894 3991 jedesn
816 3962 2718 4028 ihm weiß, war die schlichte, vornehme Weisheit, und zwar in beschränkter Anzahl, entgegengenom¬
