3484 4448
1063 214 1125 303 W
243 232 1251 342 18. Der einsane
163 969 595 1042 dabei ebenso geschickt
618 982 1334 1061 gewiß kein Titane; aber die ernste
150 1011 582 1089 en den Einwand, daß
611 1038 1333 1111 Arbeit an sich selbst, die ihn von
174 1078 592 1132 tan der allgemeinen
605 1078 1316 1152 den lüsternen Tändeleien seiner litera¬
155 1112 581 1194 iltur versündige. Ge¬
613 1139 1319 1207 rischen Anfänge zu der ansehnlichen
176 1171 582 1238 eigenes Wesen am
610 1178 1309 1250 Höhe des „Schleiers der Beatrice“
169 1216 588 1283 kräftigsten ausbilde,
608 1243 1313 1309 und neuerdings zu dem Schauspiel
168 1267 593 1333 im Geist und in der
610 1284 1320 1355 „Der einsame Weg“ bergan¬
166 1317 580 1390 großen europäischen
604 1335 1321 1402 führte, hätte ihn wohl vor der kal¬
164 1366 576 1432 Erst wenn die Natio¬
602 1389 1311 1448 ten, fast schnöden Ablehnung schüt¬
156 1414 575 1483 unstbestrebungen Hand
591 1432 1308 1498 zen sollen, die er bei der ersten Auf¬
156 1464 571 1535 gemeinsamen höheren
608 1475 1312 1547 führung dieses seines letzten Dramas
173 1513 575 1580 erst dann seien die
600 1527 1310 1589 im „Deutschen Theater“ erfahren
160 1560 580 1631 es Volkes auf dem
595 1574 1319 1646 mußte. Freilich, das Drama an sich
163 1609 578 1680 DDie praktische Politik
598 1620 1316 1689 wird schwer zu verteidigen sein. Was
153 1656 567 1728 ialästhetischen Forde¬
598 1677 1317 1741 Schnitzler über Irren und Sichnicht¬
169 1707 573 1780 wir zusammengefaßt
589 1727 1305 1800 verstehen, über lautes Leben und stilles
175 1758 576 1822 weitblickenden und
601 1767 1302 1832 Sterben schönes und zartes zu sa¬
164 1807 568 1875 fsatz über „Die zwei
593 1814 1311 1883 gen weiß, ist mehr empfunden als
156 1854 570 1929 stiania“ den wir jetzt
590 1859 1311 1938 beseelt, mehr gedacht als gestaltet.
163 1909 564 1969 e auch in deutscher
590 1915 1303 1991 Es ist, als sähen wir diese Menschen
159 1952 563 2021 lernen und der zur
578 1964 1309 2040 alle gar nicht leibhaftig vor uns in
167 2003 565 2069 die beiden Bühnen
579 2015 1314 2083 Fleisch und Blut, sondern nur von
203 2050 338 2115 (1862)
453 2059 560 2121 chlich
587 2063 1306 2132 einem noch dazu oft recht trüben Spie¬
171 2105 330 2161 damit
471 2110 569 2177 itio¬
590 2112 1317 2180 gel zurückgeworfen. Aber gerade diese
156 2150 298 2213 enstbar
484 2164 566 2217 ur¬
594 2155 1316 2234 elegische Art der Darstellung, dieses
152 2203 331 2264 ird Ibs
438 2206 562 2264 ich in
586 2207 1301 2274 reflektierende Licht, wird mir der
168 2247 306 2314 i nicht
417 2262 569 2318 gegen¬
577 2265 1295 2324 Dichter einwenden, ist's, was ich
174 2295 297 2362 Wir
406 2299 557 2361 keits¬
585 2315 1307 2377 will und suche. Gerade darin liegt
152 2341 556 2411 wieder die Hoheits¬
583 2362 1301 2421 meine eigene Note, wenn man mir
151 2395 553 2458 eren, symbolischen
581 2406 1289 2475 nicht, was ich als dankbarer Schü¬
166 2447 557 2512 betonen, wie für das
575 2449 1303 2522 ler des großen Meisters gelten lassen
164 2492 550 2566 für die Schauspiel¬
583 2509 1305 2569 würde, Ibsens letzte symbolistische
196 2545 552 2612 schönste und not¬
571 2558 1301 2623 Werke, vor allem sein tiefsinniges
204 2590 553 2663 er die „Entsag¬
579 2605 1290 2671 Abrechnungsdrama „Wenn wir To¬
147 2631 545 2713 ltsamkeit von allen
575 2652 1289 2716 ten erwachen“ als Muster und Vor¬
162 2687 549 2756 ten und „Dialog¬
569 2716 1301 2774 bild anrechnen will. Ihr vermißt
164 2740 549 2811 Virtuosität rühmt.
569 2739 1284 2821 die anschauliche Wirklichkeit, die un¬
424 2789 545 2850 E. D.
573 2805 1304 2867 mittelbare Gegenwart in meinem
568 2841 1301 2914 Stück. Aber was heißt denn das
580 2910 1293 2963 eigentlich: Gegenwart? Stehen wir
165 2908 444 2998 r Theater.
565 2958 1297 3019 denn mit dem Augenblick Brust an
143 2976 544 3047 vart ist noch immer
565 3001 1294 3069 Brust, wie mit einem Freund, den
148 3029 552 3104 nlichkeiten, die ihre
567 3052 1298 3119 wir umarmen, oder wie mit einem
160 3090 541 3147 Weltanschauung ab¬
571 3092 1290 3161 Feind, der uns bedrängt? Ist das
173 3130 542 3201 , daß wir jedes
567 3143 1291 3215 Wort, das eben verklang, nicht schon
142 3181 548 3248 n danach wohl mit
566 3199 1279 3259 Erinnerung? Gerade in erhöhten
147 3226 538 3293 rkennung und Auf¬
564 3238 1292 3306 Augenblicken unsers Daseins wissen
155 3285 544 3348 üßen sollten, als
562 3291 1291 3364 wir, daß wir nichts verloren haben
166 3329 563 3416 gut finden. Ar¬
566 3346 1277 3412 und eigentlich nichts verlieren kön¬
158 3379 1276 3462 er, der Wiener, istnen... Wohl, könnten wir ihm dar¬
1006 3472 1263 3542 Kunstwart
1405 230 1855 329 box 23/1
2226 1010 2949 1081 ihrer Natur erfaßt, sind zwei Er¬
1494 994 2217 1076 auf antworten, auch bei Ibsen steigt
2236 1053 2952 1118 scheinungen, deren unverhüllte Er¬
1492 1058 2208 1121 aus scheinbar belanglosen Gesprächen
2241 1106 2951 1172 habenheit ein Schnitzler so wenig er¬
1500 1111 2209 1164 des Augenblicks unversehens die Ver¬
2241 1153 2961 1219 tragen würde, wie Semele den Ju¬
1498 1154 2213 1229 gangenheit herauf; aber wie voll¬
2237 1209 2949 1268 piter im Blitz und Donner des Kro¬
1495 1208 2215 1271 kommen durchleuchten sich dann Einst
2249 1256 2948 1314 niden. Er muß sie „vermenschlichen“,
1505 1257 2213 1313 und Jetzt, wie machtvoll greifen die
2240 1308 2961 1362 was bei ihm so viel heißt, wie ver¬
1503 1304 2212 1369 Räder ineinander und wie einheit¬
2244 1349 2965 1412 kleinern und verzierlichen. Aus der
1506 1354 2208 1423 lich geschlossen stehen am Ende beide,
2242 1403 2954 1464 Liebe wird eine Liebelei, aus dem
1498 1407 2221 1467 Gegenwart und Vergangenheit, in un¬
2249 1449 2954 1514 Sterben ein Sterbeln, und der Dich¬
1501 1464 2215 1515 entrinnbarer Tragik vor uns auf!
2242 1498 2968 1566 ter stehi am Rosenbette des einen
1506 1502 2218 1564 Und erst nachher erhebt sich doch aus
2245 1556 2967 1606 wie am Dornenpfühl des andern, um
1498 1546 2216 1605 den Menschen und über die Men¬
2243 1605 2957 1662 Werden und Vergehen mit den ge¬
1504 1605 2211 1664 schen jenes Allgemeine und Ewige,
2249 1639 2972 1719 dämpften Lichtern schöner Gefühle
1505 1646 2221 1710 das ihr Geschick mit dem Weltlauf
2243 1699 2570 1761 zu illuminieren.
1502 1698 2222 1768 verbindet und das, auch wenn der
2303 1747 2951 1808 „Der einsame Weg“ klingt in sei¬
1508 1749 2220 1808 einzelne Fall mit seinen Besonder¬
2241 1799 2964 1853 ner Grundmelodie an den „Schleier
1499 1794 2217 1861 heiten längst aus unserm Gedächt¬
2239 1844 2967 1903 der Beatrice“ an. Die Wegraths in
1492 1847 2211 1912 nis entschwunden ist, in starrer
2242 1886 2967 1956 Wien sind wie die Nardi in Bologna.
1498 1895 2214 1956 Größe unserer Vorstellung erhalten
2247 1936 2952 2001 Sie scheinen nicht dazu geschaffen,
1504 1946 2215 2011 bleibt. Bei Schnitzler ist das umge¬
2242 1990 2965 2055 wirklich zu besitzen, weder Frau noch
1506 1978 2222 2042 kehrt: hier sehen wir zuerst das All¬
2240 2040 2967 2096 Kinder. Es ist ihnen gegönnt, Wesen
1489 2038 2211 2100 gemeine, das Typische und Bleibende,
2240 2096 2965 2148 in ihren Armen aufzunehmen, die
1503 2089 2214 2146 und nur selten einmal gehen die Ge¬
2253 2141 2960 2195 von irgend einer Leidenschaft müde
1504 2141 2215 2194 stalten, die dann gleichsam als Be¬
2246 2186 2964 2240 oder zerbrochen sind; aber sie ahnen
1498 2183 2210 2253 leg dafür an uns vorüberwandeln,
2241 2231 2965 2294 nicht, woher sie kommen. Sie mögen
1506 2233 2219 2294 in die vorgezeichneten Umrisse auf.
2240 2285 2961 2350 Wesen heranziehen oder betreuen;
1499 2292 2219 2352 Und noch etwas anderes ist da, was
2245 2331 2958 2395 aber sie verstehen nicht, wohin sie
1504 2334 2220 2401 zwischen dem Norweger und dem
2248 2382 2956 2448 gehen. Als der nüchterne, von ge¬
1496 2395 2226 2449 Oesterreicher eine unübersteigbare
2241 2426 2957 2492 nialen Anwandlungen wenig heimge¬
1501 2432 2224 2485 Scheidewand aufrichtet. Den Schnitz¬
2237 2473 2951 2546 suchte Maler die zarte Gabriele heim¬
1508 2486 2215 2534 lerschen Dramen fehlt die Entschlos¬
2239 2534 2956 2583 führte, ahnte er nicht, daß ihre über¬
1499 2526 2219 2598 senheit, die Folgerichtigkeit und die
2245 2573 2962 2639 rumpelte Mädchenseele unmittelbar
1496 2579 2216 2649 Kraft, die Dinge unerbittlich bis
2242 2625 2968 2693 vor der Hochzeit seinem genialen
1506 2625 2219 2696 ans Ende durchzudenken und durch¬
2243 2683 2959 2744 Freunde Julian Fichtner gehört hatte,
1506 2679 2218 2741 zugestalten. Auf der Mitte des Weges
2239 2730 2965 2792 wie er auch niemals erfährt, daß
1504 2729 2215 2781 übermannt ihn das Mitleid mit sei¬
2240 2767 2964 2830 der Sohn, den sie ihm im ersten
1509 2773 2218 2845 nen Geschöpfen, und er erteilt ihnen
2242 2814 2954 2888 Jahre ihrer glücklichen Ehe schenkt,
1500 2827 2221 2895 Absolution, noch ehe sie recht gesün¬
2246 2871 2958 2938 in Wahrheit nicht sein Kind, son¬
1499 2879 2224 2938 digt haben. Man weiß, wie oft und
2228 2905 2960 2979 dern das seines Freundes ist, der,
1509 2920 2224 2989 gerne sich die Achse der Schnitzler¬
2240 2980 2954 3035 heiß geliebt und selber tief beglückt,
1495 2971 2220 3042 schen Stücke um die Tragik oder bes¬
2234 3030 2957 3077 im entscheidenden Augenblick doch nicht
1498 3026 2214 3092 ser um die Schwermut des Sterbens
2237 3063 2955 3122 den Mut gefunden hat, die Freiheit
1503 3070 2219 3132 dreht. Mit dem Sklaven Mohammed
2245 3115 2970 3181 und Fülle seines Künstlerdaseins für
1504 3119 2219 3176 in Heines Romancero könnten seine
2237 3165 2956 3224 eine Frauenliebe aufs Spiel zu setzen.
1496 3170 2219 3238 Helden und Heldinnen sprechen: „Und
2239 3214 2960 3282 Erst als Gabriele gestorben ist und
1498 3221 2219 3283 mein Stamm sind jene Asra, welche
2231 3271 2958 3327 er selbst sich unter dem Schatten des
1507 3263 2220 3329 sterben, wenn sie lieben.“ Aber auch
2234 3313 2966 3386 nahenden Alters einsamer und ein¬
1496 3328 2216 3385 diese geschraubte Sentenz bedürfte
2241 3353 2966 3429 samer fühlt, macht Fichtner Vater¬
1507 3361 2218 3431 noch einer Variante. „Lieben“ und
1503 3410 2957 3476 „Sterben", in der ganzen Größe rechte auf seinen Sohngeltend, in¬
2807 3471 2942 3572 641
1540 3482 1915 3577 1. Märzheft 1904
