3392 4352
1380 209 1834 309 box 23/2
1037 213 1095 290 W
211 220 1216 329 18. Der einsaneag
803 915 3042 1082 1. Beilage zum Täglichen Anzeiger für 2
1823 1149 2904 1251 Mittwoch, den 14. September 1904.
603 1143 1024 1266 Nr. 216.
1774 1297 2969 1377 für die Künstlerkonzerte der Konzertdirektion
1782 1351 2958 1414 M. Th. de Sauset in der Geschäftsstelle zu haben sein.
1772 1410 2962 1479 Bereits bestellte Abonnements liegen vom genannten Tage
846 1395 999 1496 S
1785 1444 2424 1530 ab zum Abholen daselbst bereit.
1934 1484 2966 1562 Der Männer=Gesangverein Orphens (gegründet
1785 1542 2964 1597 1848) errang unter der Leitung des Sprach= und Gesang¬
1789 1590 2959 1649 lehrers Herrn Max Boeser auf dem Gesangwettstreit in
783 1545 1646 1711 Kunst-Anzeiger
1780 1641 2956 1697 Mülheim a. Rh. bei schwerer Konkurrenz im Klassensingen
2670 1684 2964 1749 Die Preise,
1779 1684 2683 1745 den 5. und im Ehrensingen den 2. Preis.
1780 1733 2964 1791 Diplom usw., sind in den Schaufenstern der Firma Ph.
867 1727 1620 1824 für Mittwoch, den 14. September.
2624 1781 2965 1844 Der Männer¬
2582 1777 2652 1834 —
1788 1783 2554 1839 Freudenberg hierselbst ausgestellt.
1784 1818 2962 1898 Gesangverein „Säugertreue“ von hier wurde ebenfalls preis¬
573 1812 1765 1899 Sammlungen des Bergischen Geschichtsvereins,
1776 1874 2966 1943 gekrönt. Er erhielt außer im Klassensingen in der 4. Ehren¬
674 1886 1770 1952 Neumarkt 26: Heute geöffnet von 4 bis 6 Uhr.
1784 1926 2193 1990 klasse den 1. Preis.
677 1936 1007 2011 Eintritt 10 J.
1847 1954 2956 2032 ∆ Morgen, Mittwoch, wird Schnitzlers Schauspiel
595 1971 1771 2078 Sammlungen des Naturwissenschaftl. Vereins,
1787 2015 2888 2079 „Der einsame Weg“ im Stadttheater wiederholt.
667 2055 1768 2122 Neumarkt 26: Heute geöffnet von ½3 bis ½5 Uhr.
1785 2060 2966 2122 Am Donnerstag gelangt infolge Erkrankung des Fräulein
678 2101 964 2172 Eintritt frei.
1784 2112 2966 2179 Voigt das für Mittwoch angesetzte Schauspiel von Max
1783 2170 2956 2219 Halbe „Der Strom“ zur ersten Aufführung. Hierzu
658 2145 1782 2236 idtbücherei, Neumarkt 26 (unentgeltlich): Lesesaal
1786 2207 2962 2268 wird uns aus dem Theaterbureau geschrieben: Halbe
669 2206 1770 2277 geöffnet von morgens 10 Uhr bis abends 10 Uhr.
1788 2254 2964 2321 hat seit dem großen Erfolge seines Erstlingswerkes „Jugend“.
684 2252 1772 2343 lusleihe von morgens 11 Uhr bis abends 9 Uhr.
1788 2300 2956 2357 eigentlich nicht mehr so recht auf der Bühne Fuß fassen
706 2310 1655 2399 thalle Johannisberg: Besichtigung
1784 2348 2963 2405 können. Umso erfreulicher ist der starke und günstige Ein¬
715 2370 1573 2448 äle von 11 bis 1 Uhr. Eintritt 30 J.
1793 2390 2949 2457 druck, den die Aufführungen des Schauspiels „Der Strom“
719 2430 1466 2503 theater: „Der einsame Weg“.
1791 2443 2964 2505 überall hinterlassen. Das Werk bringt die übermächtige
1792 2489 2965 2552 Wut der Naturkräfte in einen Vergleich mit der mitleid¬
657 2502 1783 2578 ldtisches Museum (im alten Rathause): Geöffnet
1792 2540 2962 2606 losen Macht des Schicksals und schildert die Ohnmacht des
676 2557 1780 2615 von 10 bis 1 Uhr und von 2 bis 7 Uhr. Eintritt 50 J.
1790 2585 2958 2651 Menschen gegenüber beiden Gewalten. Mit knappen Strichen
575 2608 1781 2683 Zoologischer Garten: Heute Konzert des ge¬
1789 2628 2973 2700 und in starker äußerer Bewegung zeichnet Halbe seine
678 2672 1776 2725 samten Städt. Orchesters und Vorführung
1793 2673 2969 2747 Menschentypen und weiß uns ihren Kampf gegen die hohen
674 2716 1761 2796 der Berliner Raubtierschule. Eintritt 60
1795 2743 2976 2788 Gewalten anziehend und spannend zu gestalten. Be¬
679 2757 975 2829 bezw. 30 J.
1796 2775 2972 2853 wunderungswürdig ist diesmal die technische Meisterschaft,
1799 2830 2643 2896 mit der Halbe sein Drama aufgebaut hat.
580 2820 1776 2925 M
1920 2854 2974 2933 Im Apollotheater nahmen gestern abend, wie uns
1785 2918 2972 2975 mitgeteilt wird, die Entscheidungs=Ringkämpfe um
1795 2949 2980 3037 die ausgesetzten Preise von 400 ½ und die Meisterschaft
1797 3015 2968 3078 von Rheinland und Westfalen ihren Anfang. Als
762 2998 1100 3108 Tokal¬
1113 3010 1720 3120 de Nachrichten.
1157 3078 1212 3137 1
1804 3058 2969 3124 Rivalen, welche noch um die Preise zu ringen haben, stehen
1800 3110 2973 3177 sich noch gegenüber: Lenz=Duisburg, Jünger=Remscheid,
584 3113 1774 3205 (Die Benutzung unserer Lokalnotizen ist nur mis Quellenangabe gestattet.)
1797 3173 2976 3217 Sondermann=Hagen, Schorn I=Elberfeld, Brauchl¬
821 3190 1726 3272 Elberfeld, Dienstag, 13. September 1904.
1787 3193 2983 3279 Barmen, Acker=Elberfeld. Letzterer scheidet jedoch infolge
1790 3253 2971 3326 einer Beinverletzung vom Kampfe aus. Außerdem ringen
676 3259 1788 3325 Ueber die Benutzung der Schlafwagen in den
1785 3297 2976 3360 noch zwei Berufsringer, und zwar: der Franzose Jean Terry,
590 3309 1785 3376 Schnellzügen sind neue Bestimmungen nebst Dienstanweisung
1800 3347 2971 3410 Champion von Süd=Frankreich, gegen den hier rühmlichst
590 3367 1785 3431 für die Schlafwagenschaffner ergangen. Diese bringen im
1796 3384 2983 3455 bekannten Meisterschafts=Ringer des Bergischen Landes Emil
590 3401 1783 3469 Interesse des reisenden Publikums einige wichtige Aenderungen
1793 3456 2972 3512 Bau=Elberfeld. Es handelt sich bei dem Kampfe um
592 3459 1776 3503 und Neuerungen. Zu den letzteren gehört z. B. die An¬
1800 3484 2973 3554 eine Revanche seitens des Herrn Bau, welcher vor einigen
582 3497 1780 3567 ordnung, daß die Aborte in den Schlafwagen künftig mit
1792 3535 2968 3601 Tagen in Köln von Terry besiegt wurde. Als Preis sind
598 3557 1788 3610 Seife und Handtuch ausgestattet werden sollen; in den Ab¬
1796 3587 2977 3647 von beiden Beteiligten je 3004 bei der Direktion des
596 3600 1780 3656 teilen sind den Reisenden je zwei große Handtücher zur
1791 3628 2975 3698 hiesigen Apollotheaters deponiert. Donnerstag abend ringen
589 3640 1787 3690 Benutzung bereit zu halten. Die Wartefrauen in den D¬
1792 3678 2981 3736 noch 4 Sieger um die Meisterschaft. Nach der Preisver¬
589 3677 1788 3752 Zügen sollen auch den in den Schlafwagen reisenden Damen
1787 3714 2980 3794 teilung findet ein geschlossenes Kränzchen statt. (Siehe auch
594 3729 1789 3796 auf Erfordern behilflich sein. Um vielfachen Klagen über
1798 3780 2094 3847 die Anzeige.)
588 3783 1781 3838 Unsauberkeit der Wäsche zu begegnen, ist jetzt vorgeschrieben,
1920 3798 2975 3888 Der Zirkus Sidoli war am gestrigen Abend wieder
587 3833 1785 3890 daß den Schlafwagen=Schaffnern Handschuhe zu liefern sind,
1802 3862 2967 3931 außerordentlich stark besucht. Anlaß zu dieser besonders
596 3883 1794 3945 die sie beim Bettenmachen zu benutzen haben. Hierzu wird
1795 3907 2974 3984 regen Beteiligung gab die bereits gemeldete Wette des
587 3920 1788 4004 bemerkt, daß in gleicher Weise auch die Personen, welche die
1804 3961 2974 4027 Herrn Sidoli, das Bierbrauerpferd „Blücher“ der
589 3974 1787 4033 Betten etwa schon auf den Zugbildungsstationen vor Abfahrt
1805 3992 2978 4080 hiesigen Bergschloß=Brauerei in 4 Tagen zu dressieren. Herr
595 4022 1787 4092 des Zuges aufmachen, sich dabei der ihnen zu liefernden
1792 4052 2977 4123 Stallmeister Cassi, der den kraftstrotzenden, 24 Zentner
596 4070 1794 4133 Handschuhe zu bedienen und jede Beschmutzung der Wäsche¬
1806 4101 2977 4153 schweren Grauschimmel „Blücher“ dem Publikum vorführte,
601 4117 1785 4169 stücke bei Beförderuna und Aufbewahrung der Betten sora¬
2988 1633 3047 1691 se
2980 1782 3034 1856 91
3005 1808 3054 1884 1
2956 2016 3085 2145 34
2967 2201 3087 2275 tob
2972 2221 3204 2313 stal
2972 2282 3086 2359 zun
3091 2278 3225 2370 S
2979 2349 3079 2407 Se
2962 2426 3095 2497 Wi
2968 2490 3102 2546 hütt
2972 2530 3089 2605 Räu¬
2965 2584 3094 2646 men
2971 2633 3102 2688 nicht¬
2975 2670 3136 2752 krafts
2975 2750 3125 2836 sich g#
2983 2808 3140 2885 die 4
2974 2869 3128 2929 vorgen
2972 2908 3138 2977 wiedet
2982 2963 3140 3031 Deutst
2983 3014 3147 3072 Ordnu
2979 3048 3154 3118 er auc
2965 3100 3163 3192 doch ke
2978 3151 3170 3228 „Parisé¬
2983 3200 3167 3262 sich dies
2976 3245 3166 3311 minder
2983 3280 3185 3369 den bisk
2991 3344 3187 3406 stellunge
2974 3394 3201 3454 fabriziert
2978 3436 3227 3497 nur denk
2983 3485 3221 3550 bezw. Ble
2983 3518 3227 3604 kleidet, in
2964 3560 3212 3657 knönften
2983 3610 3220 3687 Hälfte nic
2969 3671 3211 3735 diesem Hi¬
2976 3706 3196 3795 ziehen“.
3062 3769 3134 3843 75
2975 3790 3197 3876 von der
2972 3859 3185 3924 hat Her¬
2977 3910 3193 3980 angefert
2984 3952 3181 4027 von Ka
3059 4006 3162 4069 1
2973 4035 3174 4110 des 30
2983 4091 3285 4155 von d
