3392 4384
400 244 1208 299 Graschsomn der Fral
380 299 1215 344 Haeberle auf Kosten der anderen loben, die
384 337 1202 390 mit problematisch undankbareren Aufgaben
381 382 701 433 betraut waren.
458 413 1202 479 Hatte das Burgtheater seinen Besitz
378 477 1203 517 von Schnitzler=Stücken um eines vermehrt,
380 509 1206 560 darin Schnitzler viel weniger er selber ist
388 549 1204 607 als in seinen Anfängen, so zeichnete das
391 593 1202 648 Deutsche Volkstheater in die Ehrenliste
385 638 1218 697 seiner Literaturkönige den Namen August
381 686 1216 728 Strindverg mit einem Stücke ein, das aus
389 731 1205 779 einer Zeit stammt, wo Strindberg noch gar
385 772 1207 813 nicht Strindberg war oder doch nicht der,
380 815 1215 859 den wir heute suchen. Zweiunddreißig Jahre
384 860 1213 912 alt ist das Schauspiel „Frau Margit" und
392 913 1206 954 man zerbricht sich den Kopf, was denn das
392 947 1204 997 Deutsche Volkstheater bewogen haben mag,
391 1001 1205 1049 gerade auf dieses redselige Ritterstück zurück¬
379 1039 1212 1091 zugreifen. Geschah es, um sich einer Urauf¬
387 1092 1216 1132 führung berühmen zu können oder um wieder
389 1134 1220 1177 einmal zu beweisen, daß die Literatur auf
392 1169 1218 1214 der Bellaria keinen goldenen Boden habe,
396 1218 1216 1269 gleichviel: jedenfalls hat man es mit einem
390 1267 1210 1307 neuen, sehr betrüblichen Faktum der Rat¬
391 1305 1224 1347 losigkeit zu tun, die heuer im Deutschen
392 1346 1223 1394 Volkstheater am Steuerruder sitzt. Wer mit
395 1391 1221 1444 der Art Strindbergs vertraut ist, wird mehr
1237 225 2054 283 ier. Orll 7 Keile Blältäge Aenteren
1237 279 2064 337 wollte: es spendete gerade nur soviel Beifall,
1237 326 2062 379 damit die Darsteller, allen voran Fräulein
1237 367 2063 427 Boic und die Herren Onno, Klitsch und
1236 413 2062 464 Kramer, ihre Mühen belohnt finden konnten.
1245 458 2069 513 Wenn es aber dem Deutschen Volkstheater
1234 498 2065 554 ernstlich um Strindberg zu tun ist, dann war
1232 544 2069 604 es eine recht seltsame Huldigung, von den
1232 601 2074 639 dreißig bis vierzig Stücken, die der schwedi¬
1235 637 2066 690 sche Dichter uns hinterlassen hat, gerade mit
1234 675 2072 732 dem uupersönlichsten anzufangen und damit
1238 717 2071 773 das Interesse für Strindberg, das doch erst
1243 765 2080 819 erweckt werden sollte, im Keime zu ersticken.
1313 808 2069 863 Augesichts solcher Literaturopfer, die
1238 852 2074 907 kein Mensch begehrt und die nichts beweisen
1248 906 2073 951 als einen Mangel an Instinkt für die geistige
1242 950 2071 998 Auffrischung, die Bühne und Zuschauer von
1238 994 2071 1034 Zeit zu Zeit brauchen, um nicht im ewigen
1239 1027 2083 1092 Einerlei der klappernden Tantiemenmühle
1240 1072 2085 1125 sich einander überdrüssig zu werden, sieht
1238 1113 2080 1168 man das Deutsche Volkstheater fast lieber
1240 1167 2085 1216 auf uuliterarischen Pürschgängen, auch wenn
1242 1213 2076 1262 es ab und zu danebenschießt. Heuer hat es
1247 1250 2074 1306 bisher zwar nur daneben geschossen und auch
1241 1305 2070 1349 die Komödie „Der Hiuterhalt“ von Heury
1243 1337 2080 1403 Kistemaekers wäre in einem ergiebigeren
1250 1381 2072 1442 Spieljahr kaum eines Schusses Pulver würdig
1260 1473 2093 1525 erachtet worden. Da es aber heuer auf der
1264 1523 2090 1567 Bellaria überhaupt zum erstenmal ordentlich
1274 1575 2099 1612 krachte, ließ man sich ohne Widerspruch aus
1274 1604 2095 1654 dem Hinterhalte der Comédic Française ein
1274 1644 2099 1707 echtes und rechtes Boulevardstück mit allen
1270 1703 2100 1741 Verlogenheiten und Verschrobenheiten seiner
1280 1734 2102 1784 längst außer Kurs gesetzten Gattung in die
1272 1782 2107 1842 sonst psychologisch strengere und künstlerisch
1281 1834 2102 1881 anspruchsvollere Gegenwart schmuggeln. Man
1279 1861 2109 1916 höre und urteile: ein Jüngling unehelicher
1275 1911 2109 1967 Herkunft ist da, angestellt als Ingenieur bei
1278 1962 2110 2007 einem Automobilfabrikanten, dessen Frau
1280 1994 2105 2055 den geheimnisvollen Jüngling heimlich in
1279 2043 2105 2111 die Welt gesetzt hatte, bevor sie in die Ehe
1287 2097 2112 2146 getreten war. Man ahnt Fürchterliches und
1295 2128 2117 2190 sieht das Damoklesschwert schon drohend
1286 2179 2121 2227 baumeln. Richtig verliebt sich der Jüngling
1288 2220 2122 2280 in die Tochter des Fabrikanten und man
1283 2261 2115 2326 begreift, daß die Mutter davon nichts wissen
1288 2305 2119 2367 will und seine Werbung abweisen muß, will
1281 2350 2125 2403 sie ihr ohnehin belastetes Gewissen nicht auch
1289 2395 2123 2453 noch mit der Mitschuld an einer Blutschande
1286 2439 2128 2491 beladen. Er fragt nach den Gründen der
1296 2480 2129 2539 Ablehnung. Die Mutter kann sie ihm nicht
1298 2529 2128 2585 sagen. Er folgert: Aha, ich bin euch zu
1288 2572 2134 2636 niedrig, weil ich keine Eltern habe und weil
1294 2615 2123 2676 ich als Angestellter, in eurer Fabrik schufte!
1300 2672 2122 2720 Denkt's und spricht's und verläßt zur selben
1303 2710 2124 2759 Stunde den Dienst. Und da die Arbeiter
1305 2749 2126 2809 gerade streiken, macht er mit ihnen gemein¬
1307 2802 2132 2855 same Sache. Als ihr Führer hat er die
1304 2835 2126 2896 Forderungen zu überbringen und er stellt
1302 2895 2129 2937 das Ultimatum: werden die Bedingungen
1305 2929 2136 2986 nicht augenommen, dann fliegt in den nächsten
1299 2971 2141 3036 zehn Minuten die Fabrik in die Luft. Em¬
1304 3018 2134 3083 pört über den Verrat und über die Er¬
1295 3069 2134 3128 pressung, will der Fabrikant den Hiobsboten
1314 3106 2137 3160 erwürgen. Schon hat er sich an seiner Gurgel
1313 3148 2147 3211 bequem gemacht, da stürzt die Gattin herein:
1317 3191 2131 3256 „Halt ein! Töte ihn nicht! Er ist mein Kind!“
1305 3243 2156 3298 Doch das Schicksal, das im Hinterhalt
1314 3279 2147 3337 lauert, hat sein Werk noch lange nicht voll¬
1309 3327 2149 3384 endet. Der Jüngling will retten und eilt zum
1319 3371 2145 3434 Telephon. Zu spät! Kaum hat er die Sprech¬
1317 3415 2159 3476 muschel an den Mund gesetzt, erfolgt die
1311 3470 2150 3526 Explosion und die schöne Automobilfabrik
1316 3521 2145 3559 liegt in Trümmern. Das Theater aber, in
1325 3552 2150 3604 dem dieses Spektakelstück gegeben worden
1318 3593 2153 3644 ist, steht noch unversehrt da und ist noch
1320 3635 2156 3698 nicht einmal in ein Kino umgewandelt
1326 3693 2161 3739 worden. Im Gegenteil: das Publikum hatte
1323 3726 2167 3782 für den Knalleffekt den lautesten Beifall
1328 3781 2169 3828 übrig, der heute im Deutschen Volketheater
1325 3827 2160 3876 zu hören war, und dankbar nahm es auch
1323 3858 2168 3913 den Rühreffekt des letzten Aktes hin, darin
1320 3910 2156 3958 der ruinierte Fabrikant nicht nur großmütig
1334 3949 2165 4001 verzeiht, sondern auch noch die Vaterschaft
1335 4001 2168 4049 des Jünglings auf sich nimmt, damit das
1325 4035 2173 4093 Ansehen der armen Mutter in den Augen
1337 4080 2169 4138 ihrer Tochter keinen Abbruch erleide. Wo
2123 1453 2945 1522 so viel Hochherzigkeit herrscht, konnte es
2127 1506 2954 1569 Frau Wallentin nicht ablehnen, die schwer
2125 1551 2946 1611 geprüfte Mutter des Herrn Klitsch zu spielen.
2123 1597 2947 1647 Sie fand für dieses Opfer gleich stürmischen
2117 1638 2960 1688 Beifall, wie Herr Homma für die Nollesse,
2122 1689 2959 1734 mit der er würgte und adoptierte, und Herr
2128 1727 2957 1779 Kutschera für den sordinierten Eifer, mit dem
2128 1768 2949 1817 er die aufgeregten Herrschaften beschwichtigte.
2133 1816 2952 1865 Da ein Akt in einer Prunkvilla an der
2129 1854 2951 1909 französischen Riviera spielt, gab es im Zu¬
2131 1913 2968 1964 schauerraum keinen Zweifel über die Vor¬
2138 1948 2601 2020 nehmheit des Stückes.—
