3436 4224
1347 126 1806 208 box 23/4
190 131 1182 230 18.einsane Neg
949 318 1734 397 Neues Wiener Tagblatt, Wien
657 363 991 442 zschnitt aus:
662 470 746 535 n:
756 471 1217 581 TE
660 529 744 580 1
1704 547 2740 604 zweiten Akt, so glaubhaft und siegessicher, daß seine
1723 604 2733 659 schließliche Niederlage mit verdoppelter Wucht wirkte;
765 567 1675 679 Theater, Kunst und Titeratur.
1730 624 2740 699 Frau Bleibtreu sprach die Irene Herms mit
1731 691 2723 742 einem köstlichen Anklang ans Wienerische, und sie
943 679 1504 767 Der einsame Weg.
1740 737 2727 787 war hinreißend, wenn sie weinte und wenn sie lachte.
718 750 1714 820 Schauspiel in 5 Aufzügen von Artur Schnitzler.
1736 786 2730 835 Ihre große Szene mit Julian brachte ihr stürmischen
720 811 1639 892 Zum erstenmal aufgeführt am Burgtheater¬
1737 828 2739 886 Beifall bei offener Szene. Herr Walden gab dem
1038 847 1403 913 19. Februar 1914.
1737 862 2736 920 Sala einen Zug ins Spitze und Pedantische;
800 891 1711 975 Vor Jahren hat uns das Berliner Lessing¬
1741 920 2738 970 namentlich im ersten Akt, der ihn älter und trockener
714 946 1711 1005 theater, dem damals noch Brahm vorstand, einige
1735 952 2748 1024 erscheinen ließ, als ihn der Dichter gewollt haben
714 1001 1722 1057 Aufführungen von Schnitzlers Schauspiel gebracht,
1743 1003 2733 1059 mag, mehr den gealterten Junggesellen als den
724 1045 1723 1103 das jetzt erst den Weg ins Burgtheater gefunden hat.
1737 1048 2741 1106 vereinsamten Witwer. Vor allem war es schwer zu
714 1088 1726 1142 Die heutige Aufführung hat uns gezeigt, daß die Zeit
1737 1088 2755 1172 glauben, daß dieser Mann die zurückhaltende, ver¬
718 1139 1725 1194 dem Werke nichts hat anhaben können; in der Dar¬
1737 1144 2738 1209 schlossene Johanna — welche Fräulein Wohl¬
717 1181 1721 1246 stellung des Burgtheaters erscheint es sogar, als sei es
1736 1190 2752 1246 gemuth mit allem Reiz ihrer schönen Erscheinung
727 1233 1726 1287 in seiner Wirkung vertieft, klarer in seiner allgemein
1735 1234 2752 1286 und der Trauer einer rätselhaften Psyche ausstattete
727 1280 1734 1335 menschlichen Fassung herausgearbeitet und über das
1776 1283 2748 1346 in bedenkenloser Liebe an sich ketten würde. Im
717 1327 1726 1403 Niveau einer bühnentechnisch mehr oder minder
1741 1330 2755 1399 letzten Akt riß er aber doch wieder die Hörer zu
713 1371 1716 1445 geschickt konstruierten literarischen Arbeit empor¬
1743 1375 2746 1427 lautem Beifall hin durch scharf pointierte Rede und
715 1419 924 1488 gehoben.
1734 1432 2744 1479 markantes Spiel. In guter Haltung spielte Herr
813 1461 1733 1518 Die Aufführungen der Berliner liegen so weit
1748 1475 2751 1533 Gerasch den Felix, und den Professor Wegrath
729 1512 1738 1574 hinter uns, daß eine Rekapitulation des Inhalts des
1748 1529 2759 1586 zeichnete Herr Paulsen ungemein charakteristisch.
726 1543 1743 1605 Schnitzlerschen Schauspiels uns nicht überflüssig
1832 1551 2754 1611 Nach den beiden ersten Akten dankte Herr
728 1611 1733 1656 erscheint. Der Dichter führt uns ungezwungen unter
1750 1588 2766 1667 Treßler namens des Autors; nach den folgenden
726 1648 1727 1695 die Menschen ein, deren Geschicke sich unter unsern
1753 1652 2759 1716 Aktschlüssen quittierte Schnitzler selbst den leb¬
727 1692 1731 1765 Augen vollziehen sollen. Zuerst sehen wir Johanna
1761 1695 2772 1763 haften Beifall, der ihn am Schlusse noch mehrere
738 1743 1736 1797 (Fräulein Wohlgemuth) und Felix (Herr
2662 1745 2740 1826 1.—
1754 1750 2280 1818 Male an die Rampe rief.
728 1784 1739 1854 [Gerasch) im Garten ihres Vaters, des Akademie¬
2053 1801 2106 1870 —
2251 1842 2418 1906 hatertr
732 1825 1743 1892 professors Wegrat (Herr Paulsen), im Gespräch
722 1867 1752 1936 über die Krankheit der Mutter (Fräulein Haeberle).
721 1924 1754 1992 Johanna weiß, daß der Mutter Tod nahe bevorsteht,
722 1986 1742 2049 dank der schmerzlichen Gabe des zweiten Gesichts, die
730 2020 1748 2085 ihr schon einmal den Tod eines Kindes vorhergesagt
730 2061 1741 2118 hat, des einzigen eines Freundes der Familie, des
734 2119 1746 2179 Herrn v. Sala (Herr Walden). Und nun treten sie
742 2163 1748 2210 vor uns hin, deren Beziehungen zueinander ein in
725 2211 1749 2276 sich geschlossenes Stück Leben gestalten: Herr v. Sala,
724 2253 1750 2322 der überlegene Lebenskünstler, der sich jetzt auf die
730 2292 1747 2379 Teilnahme an einer wissenschaftlichen Reise nach
733 2342 1754 2393 Baktrien vorbereitet, der resignierte „Kunstbeamte“
729 2390 1757 2444 Professor Wegrat, seine kranke, den nahen Tod
732 2438 1764 2503 ahnende Gattin Gabriele und ihr Arzt und Ver¬
732 2480 1763 2554 trauter. In den Gesprächen werden zwei Namen
726 2528 1764 2595 genannt, der halbverschollene geniale Maler Julian
725 2575 1768 2633 Fichtner (Herr Devrient), Wegrats Jugendfreund,
744 2622 1764 2678 und die Schauspielerin Irene Herms (Frau
731 2671 1768 2741 Bleibtreu) — und aus der Zwiesprache des Arztes
745 2711 1759 2784 mit seiner Kranken geht hervor, daß Felix Julians
755 2762 1764 2843 Sohn ist. Der Arzt beschwichtigt die Skrupel der Frau,
738 2806 1777 2880 die es schwer trägt, den zärtlichen, vertrauenden
754 2856 1270 2937 Gatten belogen zu haben.
835 2890 1776 2985 Diese Exposition bereitet die nun in rascher
746 2965 1763 3018 Folge sich abspielenden Dinge ausgezeichnet vor
754 3004 1770 3078 Julian ist, des Umherschweifens müde und in plötz¬
747 3055 1771 3114 lich erwachter Sehnsucht nach seinem Sohn, zurück¬
758 3104 1767 3169 gekehrt. Von Sala erfährt er Gabrielens Tod —
755 3133 1782 3215 Sala weiß, daß Felix Julians Sohn ist. Eine Szene
756 3200 1776 3262 mit Irene Herms, Julians einstiger Geliebten —
760 3244 1770 3310 ein Stück im Stücke — zeigt uns sein Charakter¬
746 3290 1782 3363 bild so klar und scharf umrissen, daß die
758 3339 1777 3407 darauffolgende Szene mit Felix geradezu be¬
744 3387 1776 3463 wunderungswürdig in ihrer konsequenten Führung
752 3441 1774 3492 erfcheint. Felix kommt, sich ein Bild auszubitten, das
756 3482 1782 3556 Julian von der Braut Wegrats gemalt hat; der
758 3530 1711 3587 Ausdruck des Bildes macht Felix betroffen
752 3552 1790 3631 „dieser Blick war auf Sie gerichtet?!“ — und Julian
757 3620 1791 3679 bedenkt sich nicht, ihm in wenig Worten alles zu
763 3666 1719 3737 sagen. Erschüttert und unsicher verläßt ihn Felix.
857 3722 1793 3774 Sala, der mittlerweile mit Johanna zu in¬
760 3768 1778 3846 timen Beziehungen gelangt ist, bietet Felix die Teil¬
766 3815 1778 3867 nahme an der baktrischen Expedition an, die dieser
771 3857 1785 3914 mit Freuden zusagt, vielleicht um dem Konflikt aus
770 3907 1789 3964 dem Wege zu gehen, in den ihn Julians gestrige
771 3958 1779 4017 Mitteilungen gestürzt haben. Da unternimmt Julian
769 4012 1776 4064 noch einen Sturm auf Felix, den er durch die
