3532 4352
2924 276 3176 329 Geite 13.
2530 285 2713 337 ——0
1799 348 3202 443 ein Einakter mit demselben Stoffe berechtigtes großes Glück
1794 406 3204 470 gemacht hätte. Dann wäre der lästige vierte Aufzug beiden Parteien
694 387 1484 520 Feuilleton.
1797 447 3201 512 erspart geblieben und der gar nicht lustige dritte auf wenige Szenen
1799 491 3212 580 zusammengeschrumpft. Doch man wollte den Abend füllen. Und das
418 501 734 602 W.
790 527 1383 611 Berliner Theaterbrief.
1800 531 3220 611 kann man nicht, wenn Einem jede Kenntnis von der Perspektive des
1787 576 3222 669 Theaters fehlt. Das kann man nicht mit einer Handvoll Ueberbrettl¬
389 574 1785 651 „Waterkant“, Schauspiel in drei Aufzügen von Richard Skowronnek.
388 620 1797 697 (Berliner Theater.) — „Der einsame Weg“. Schauspiel in fünf Aufzügen
1789 626 3223 712 Liedern und einer graziösen Kaffeefidelität. Dazu gehören gewisse
389 666 1791 732 von Artur Schnitzler. (Deutsches Theater.) — „Stella und Ankonia“
1796 687 2892 755 Talente, die unbekümmerte Sorglosigkeit nicht ersetzt.
383 704 1793 767 Schauspiel in vier Aufzügen von Otto Julius Bierbaum. (Berliner Theater.)
1913 705 3212 797 Johann Christian, Direktor einer wandernden Theatertruppe,
454 754 1794 800 „Schwester Beatrix“. Legende in drei Bildern von Maurice Macter¬
1796 769 3213 846 ist von seinem Weibe Stella schmählich betrogen worden. Mit dem
386 794 1796 867 linck. — „Der Schlachtenlenker“. Komödie in einem Aufzug von Bernard
763 831 1451 884 Shaw. (Beide im Neuen Theater.)
1790 816 3221 889 häßlichsten Kerl der Gesellschaft, dem Suffleut dazu, hat sie ihn
1805 869 3215 939 verlassen. Wir erfahren nicht recht, weshalb, denn weder der Charakter
490 862 1791 943 Den süßen Lockungen der Bühne widersteht niemals mehr, wer
1805 911 3221 980 der Stella, noch die Wesensart Johann Christians, noch gar die
389 903 1799 976 ihnen einmal erlegen ist. Sein künstlerischer Instinkt mag es dem
1792 969 3209 1025 des Souffleurs werden uns bekanntgegeben. (Wobei ich bemerke, daß
394 967 1797 1024 Dichter noch so eindringlich sagen, daß der Stoff, den er even unter
1800 1000 3224 1064 mich just der Souffleur am meisten interessiert! Es muß etwas an
397 1011 1800 1074 die Feder nehmen will, epische Behandlung verlangt, daß ein prächtiger
1793 1046 3217 1130 diesem Scheusal gewesen sein, das Stella für ihn entzündete. Leider
397 1065 1800 1123 Roman aus ihm aufsprießen würde — der betreffende Dichter wird,
1804 1082 3224 1166 vermeidet es Bierbaum ängstlich, die interessanten Menschen und die
387 1110 1803 1174 sofern er sich mit Frau Thalia schon bekannt gemacht hat, den schönen
1808 1139 3214 1224 interessanten Szenen seines Schauspieles auf die Bühne zu bringen.)
400 1149 1799 1209 Stoff dramatisch verschandeln. Es tut einem herzlich leid um so
1796 1195 3227 1252 Johann Christian jammert der Davongelaufenen in sehr beweglichen,
389 1197 1795 1257 manche starke Begabung, die sich in der Bühnenarbeit aufreibt. Ja,
1807 1238 3227 1309 sehr lebendigen Worten nach. Als er dann vor Gräfin Antonie
389 1247 1806 1299 wenn alle unsere Dramatiker Männer wie Herr Richard Skowronnek
1803 1283 3223 1347 treten und ihr ein Verlobungs=Carmen deklamieren muß, da kommt
394 1291 1807 1355 wären, die unbekümmert aufs Ziel losgehen und dem schaulüsternen
1799 1321 3230 1391 die brütende, monologisierende Leidenschaft zu theatralischem Ausdruck.
393 1331 1810 1400 Publikum Schaustücke, weiter nichts, liefern! Ihnen gelingen leicht
1816 1375 3233 1447 Geblendet von Antoniens Schönheit, überwältigt von der wehevollen
409 1378 1815 1452 große Würfe. Da ist Skowronneks „Waterkant“ ##e Dichtung, die
1809 1424 3229 1490 Erinnerung an die geliebte Ungetreue, wirft er sich auf das adelige
401 1432 1810 1495 sich übrigens unschwer ins Wienerische übersetzen läßt, ind dann auch
1816 1465 3223 1543 Fräulein und will es erdrosseln. Es liegt allerlei gespreizte Unnatur,
394 1485 1803 1542 an der Donau Triumphe feiern wird. Der erste Akt zielt an Bord
1815 1507 3225 1586 allerlei psyochologische Unwahrheit in diesen Szenen, doch auch
406 1523 1809 1579 der „Iltis“; Matrosen exerzieren, Bootsmaate fluchen, es heult die
1816 1555 3222 1631 so viel dichterische Schönheit, daß man dem Spiel aufmerksam folgt.
405 1569 1808 1634 Sirene — welch eine erfrischende Abwechslung, das Serorama nach
1815 1600 3228 1678 Noch aufmerksamer macht der zweite Akt. Johann Christian soll
401 1622 1807 1693 all den Landrattenstücken der letzten Zeit: Und dann will eine
1812 1657 3229 1735 wegen seines Verbrechens unterm Fenster der jungen Gräfin aus¬
414 1665 1813 1725 Mutter ihren letzten Sohn nicht aufs tückische Meer hinauslassen und
1812 1697 3226 1787 gepeitscht werden. Sie läßt sich die Vorbereitungen zur Peitschung
403 1707 1816 1774 kämpft verzweifelt um ihn, bis der Trieb im Blute, die Leidenschaft
1814 1729 3235 1835 genau beschreiben. Schon wird dem Delinquenten das Kleid ab¬
415 1753 1811 1816 für den Ozean doch über die Mutterliebe siegen. Es ist wunderschön,
1820 1803 3216 1882 gestreift, schon schnallen sie ihn auf die Bank — da gellt Antonien;
415 1783 1811 1858 alles so einfach und ergreifend. Ach, daß es so viele Grübler unter
1824 1840 3223 1917 „Halt!“ da verliert sie die Lust am Sadismus (weshalb soll ich
405 1849 1821 1934 den Poeten gibt, welche ihr Werk mit Gedankenfracht belasten, sich
1820 1888 3226 1953 das liebe Modewort nicht auch gebrauchen?) und wir sich am
411 1897 1231 1981 und den Leuten im Parkett zur Pein!
1818 1926 3238 2001 Anblick des Verbrechers ergötzen. Ihr gräflicher Bräutigam ist so
523 1934 1814 2011 Arthur Schnitzlers „Einsamer Weg“ ist ein dialogisierter,
1820 1976 3237 2049 langweilig; die Eltern, der Hausarzt, die ganze Welt um sie herum
417 1977 1819 2048 versonnener Roman, der sich der dramatischen Technik gerade so weit
1835 2043 3231 2103 sind über die Maßen beschränkt, und ihr, der geistreichen Herrlichen,
412 2032 1822 2084 angepaßt hat, um unklar und uneinheitlich zu werden. Sie haben den
1819 2069 3239 2152 gelüstetes danach, auch einmal mit einem anderen Geiste zu reden. Johann
420 2082 1826 2142 Gang der Handlung bereits mitgeteilt und so darf ich mich kurz
1829 2123 3243 2191 Christian wird am Bette der Schönen von ihr in Sitte und Anstand
412 2133 1818 2199 fassen. Das ist mir in diesem Falle lie Schnitzler erzählt uns das
1820 2167 3237 2239 unterrichtet. Sie bändigt den Wilden mit solchem Erfolge, daß er
423 2179 1819 2243 Schicksal mehrerer Menschen, ohne die Begebenheiten mehr als ober¬
1836 2223 3242 2292 ihr Kammerdiener wird; Kammerdiener mit ungemein weitgehenden
419 2220 1829 2283 flächlich zu verknüpfen. Zwischen dem schmählichen Scheitern des
1825 2262 3243 2343 Vollmachten. Danach kommt der schon erwähnte dritte Akt. Ich will
424 2271 1816 2338 selbstsüchtigen Genies, das zusehen muß, wie sein eigen Fleisch und
1828 2322 3238 2376 mich nicht doppelt über ihn ärgern und erwähne nur, daß Stella
417 2310 1830 2373 Blut sich angewidert von dem egoistischen Erzeuger abwendet, und
1819 2348 3239 2433 zurückkehrt und ihren anscheinend doch rettungslos in Antonie ver¬
419 2364 1822 2427 der melancholischen Liebschaft eines Herzkranken — welche sichtbaren
1829 2398 3246 2471 narrten Theaterdirektor und Kaffeelakai ohneweiteres nur durch ein
429 2407 1828 2474 Zusammenhänge sind da? Das Theater aber heischt sichtbare Zu¬
1833 2444 3233 2534 paar sehr mäßige Liedlein wieder erobert. Im Schlußaufzug (end¬
431 2445 1827 2520 sammenhänge. Leider, ja leider — indes, man muß sich seinem Gebote
1838 2491 3235 2572 giltige Fassung) begegnet die junge Gräfin noch einmal auf ihrer
434 2513 1823 2570 fügen. Ich bin überzeugt, im Roman hätte Schnitzler die Feder
1830 2543 3246 2615 Hochzeitsreise dem Paar. Mit kalter Verachtung wendet sie sich von
431 2552 1830 2615 rastlos hin und her gehen lassen, alle seine Menschen in ein goldenes
1837 2600 3247 2656 dem halb betrunkenen, arg verwilderten Johann Christian, der sich
421 2586 1824 2662 Netz eingesponnen. Während er jedoch das Drama schrieb, stand der
1833 2632 3243 2706 darauf in seiner Verzweiflung umbringt. Ganz anders klingt es in
433 2637 1832 2704 Regisseur mit der Elle neben ihm: Nicht zu breit, mein lieber Poet; nicht zu
1831 2678 3241 2741 der ersten Fassung. Hier glüht Antonie noch für ihren Kammer¬
426 2690 1836 2757 lang — wir kommen sonst nimmer aus! Das Ergebnis war eine
1818 2739 3242 2807 diener a. D. und die eifersüchtige Stella bohrt ihr den Dolch ins
428 2752 1830 2813 schwankende unbefriedigende Exposition, ein Aufeinandrücken der
1821 2775 2963 2849 Herz, worauf der Liebling beider Selbstmord vollzieht.
438 2775 1834 2847 Geschehnisse und Personen, eine Häufung der Motive, dadurch bedingt
1951 2796 3235 2889 Keine Kritik des Schauspiels kann so grausam sein wie die,
430 2829 1829 2897 eine Zersplitterung des Interesses, die schließlich zur Verhöhnung der
1831 2872 3244 2938 welche Bierbaum selbst geschrieben hat, indem er zwei Fassungen des
434 2865 1827 2931 tragischen Szene führte. Der Reichtum des Schnitzlerschen Geistes
1838 2928 3244 2989 Schlußaktes veröffentlichte, einen ursprünglichen und einen Notaus¬
436 2923 1832 2991 funkelte vergebens, umsonst waren die feinen Dichterworte, die
1835 2960 3245 3018 gang. Ohne daß er auch nur eine Szene, ja, auch nur ein Wort in
435 2957 1827 3024 geschliffene Köstlichkeit des Dialoges. Alles versank vor der er¬
1832 3002 3256 3087 den ersten drei Aufzugen zu ändern für nötig gehalten hätte, änderte
435 3008 1841 3071 schreckenden Unzulänglichkeit der Technik und der Müdigkeit des
1842 3051 3259 3116 er grundlegend den letzten Aufzug. Gesinnungen, Reden, Handlungen
438 3063 1844 3121 dramatischen Pulsschlages. Wie unbeholfen dies Nebeneinander von
1840 3099 3254 3167 seiner Hauptpersonen — sie sind urplötzlich ins Gegenteil verkehrt
444 3107 1840 3189 Ereignissen, die doch aus einander hätten entstehen, hintereinander
1837 3148 3247 3210 worden. „Mit Ekel“ wendet sich in Ausgabe II Antonie von ihrem
445 3139 1834 3217 auf die Bühne treten sollen! Endlose Gespräche, die man im Buche
1837 3190 3250 3255 Christiau, während sie in Ausgabe I nach ihm schmachtet und dafür
438 3210 1848 3269 mit innigem Vergnügen verfolgt, die den Hörer aber nervös machen,
1838 3239 3255 3318 von der eifersüchtigen Stella erdolcht wird. Welch eine Technik!
431 3229 1844 3302 müssen Ersatz bieten dafür, daß entscheidend wichtige Auftritte ganz
1841 3282 3258 3362 Welch eine kindlich naive Anschauung! Alles ist totes Fratzengaukel¬
446 3306 1838 3362 ausbleiben und nur flüchtig angedeutet werden. Widerwillig nur
1850 3333 3259 3396 spiel, kunstloses Getändel mit Holzpuppen. Der Autor freilich
447 3346 1839 3412 berichte ich über die mißglückte Arbeit. Ich lobte so gern diese, jene
1836 3374 3267 3442 durfte sich das leisten, denn nirgendwo im ganzen Stücke hat er
441 3392 1847 3450 anmutvolle Einzelheit, die Tiefe der Auffassung, die ernste Größe
1838 3419 3259 3512 versucht, lebendige Menschen hinzustellen, zu charakterisieren oder
439 3433 1845 3513 ihres Gedankenzuges — aber jedes Lob wäre ein Tadel mehr an
1858 3469 3254 3551 gar zu gestalten. Durchwegs wirtschaftete er mit Reminiszenzen,
434 3473 1073 3556 die Adresse des Dramatikers.
1844 3533 3264 3586 gab Gelesenes wieder und fühlte nicht, daß er seiner selbst spottete.
564 3520 1852 3597 Ein anderer Mann, der Otto Julius Bierbaum! Mit dem
1844 3571 3257 3627 Einem organisch gewachsenen Kunstwerk läßt sich kein neuer Kopf
448 3573 1847 3629 darf man schon reden, ohne sorgend jeden Ausdruck wägen zu müssen.
1845 3614 3251 3684 aufpappen; schlägt man dem Baum die Krone ab und klebt ihm eine
450 3627 1845 3687 Seine „Stella und Autonie“ ist das fröhlichste, ungenierteste und
1852 3642 3269 3723 anders gewachsene an, so daß niemand es merkt, dann ist's ein
452 3660 1848 3742 unbekümmertste Dilettantenstück des allerdings erst vor kurzem be¬
1858 3712 3267 3778 Versatzstück und nicht von Gott oder vom göttlichen Genie, sondern
450 3719 1856 3784 gonnenen Jahrhunderts. In seinem Schöpfer haben wir den
1846 3755 3263 3826 vom Dekorationsmaler geschaffen. Auf den Bierbaum dieses ver¬
452 3748 1848 3833 Dramatiker kennen gelernt, der vorsichtigerweise immer zwei Schluß¬
1850 3800 3267 3876 unglückten Bühnenwerkes läßt sich anwenden, was Goethe, in ganz
456 3799 1851 3865 akte zur Verfügung hält. Gefällt in München der ganz tragische
1856 3844 3259 3920 anderem Sinne, von Johann Christian Günther, dem heimlichen
447 3838 1856 3920 nicht, dann nimmt er in Berlin den zweiten mit nur einem Morde,
1849 3892 3273 3958 Kaiser des Bierbaumschen Stückes, sagte: Er wußte sich nicht zu
447 3904 1853 3968 und in Wien läßt er die Sache vielleicht als Lustspiel enden. Zu¬
1864 3920 3267 4012 zähmen und so zerrann ihm sein Leben wie sein Dichten.“ Der fleißige
448 3947 1861 4003 weilen scheint es, als habe der Entdecker des lustigen Ehemanns in
1853 3988 3277 4055 Kunstfreund wußte sich von den Lesefrüchten nicht frei zu machen;
468 3982 1863 4067 „Stella und Autonie“ das P. T. Publikum faschingsmäßig verulken
1852 4036 3276 4096 und dies aus zweiter Hand Empfangene, dieser Bücherkram trium¬
451 4043 1861 4110 wollen, doch es scheint nur so. Bierbaum treibt keinen Scherz mit
1861 4080 2706 4152 phierte über sein Eigenes und Erlebtes.
462 4084 1868 4150 Entsetzen. Ganz unverkennbar klingt aus den wilden Klagen Johann
1972 4110 3274 4192 Neben dem Bucherdrama Bierbaums nahmen sich zwei Buch¬
470 4137 1865 4199 Christians, des zwischen zwei Heubündeln schwankenden Bierbaumschen
2564 4162 2704 4208 rhrte
1867 4158 3263 4239 dramen, die das Neue Theater aufführte, stattlich aus. Macter¬
459 4179 1865 4246 Helden, so viel Selbsterlebtes, und ganz offenbar steckt in der hübschen
453 4220 3279 4293 Sze#e am Bett Antonieus so viel anmutiger, gehaltener Humor, daß lincks „Schwester Beatrix“ und Bernard Shaws, des jetzt viel¬
