3484 4352
971 344 1119 398 ame
328 333 1328 433 18 DerNer
1472 322 1938 427 box 23/1
2141 205 3156 275 Bihne wirten könnte, Schnitzter ist hier nich 9 ich
2129 251 3162 313 über den Stoff, sondern tief in ihn befangen, eigent¬
2125 290 3153 368 lich sogar verstrickt, sodaß die ungebändigten Ausläufer
2127 350 3159 412 seine Themas dies und ihn überwuchern. Zuviel wird
2122 383 3161 464 durcheinander gesponnen, und ohne Oekonomie des
2133 454 3153 512 Wesentlichen und Unwesentlichen verschlingen sich die
2137 491 3161 551 Szenen, als wären die Einfälle aus dem Skizzenbuch
2138 519 3168 607 eines Dramatikers losgelassen und wirbelten undiszip¬
2133 573 3167 647 liniert im Kreise, der Dramatiker aber steht dabei und
2129 645 2558 716 kann sich nicht helfen.
2180 665 3170 756 Der einsame Weg ist der herbstliche Abstiegspfad
2127 738 3167 808 der lebenshochmütigen Individualisten, der eingebildeten
2128 787 3162 854 „Puppenspieler“ (die Verwandtschaft mit dem kleinen,
2142 840 3168 896 aber in sich streng geschlossenen Drama dieses Titels ist
2140 877 3164 944 deutlich) die mit Menschen skrupellos und despotisch ge¬
2149 928 3160 998 schaltet haben und an einer kritischen Wende plötzlich be¬
2142 976 3171 1057 merken, daß sie allein stehen, daß sie einsam sind, daß
2140 1030 3172 1093 es nichts mehr zu spielen gibt, daß sie bei lebendigem
2136 1067 3171 1135 L## tot sind und niemand ihnen nachfragt, sie selbst
2145 1116 3080 1194 jetzt ein abgetakeltes Spielzeug für das Schicksal,
2190 1174 3177 1267 Julian Fichtner, der Maler, ist das Beispiel. Durch
2141 1239 3174 1307 die Gesten seines Herrenmenschentums, seines Persön¬
2147 1281 3173 1345 lichkeitstrotzes schleichen sich fratzenhaft verzerrte Angst¬
2153 1323 3184 1401 züge; er hat so fest an seine inneren Rechte und Kräfte
2141 1388 3178 1449 geglaubl, und nun, mit einem Mal, bricht das alles zu¬
2157 1422 3176 1499 sammen. Ein alternder, welker Mann, der nicht mehr
2147 1470 3190 1548 hofft, der auch an seiner Kunst verzweifelt, steht er allein!
2143 1497 3189 1583 da. Und in panikartigem Entsetzen greift er klammernd
2143 1564 3182 1649 um sich und schreit nach einem Menschen, der ihm etwas
2153 1606 3194 1697 sein könnte. Nach seinem Sohn schreit er, nach dem
2158 1675 3188 1744 Sohn der Frau, die er vor dreiundzwanzig Jahren in
2158 1700 3193 1785 der schwersten Entscheidung feige verlassen, um sich seine
2164 1756 3193 1839 Freiheit zu bewahren. Gabriele hatte ihr gebrochenes
2157 1792 3198 1884 Leben in eine stille Ehe mit einem gütigen Menschen,
2164 1855 3190 1928 dem Professor Wegrat gerettet, in dieser Ehe kam Ju¬
2162 1900 3196 1973 lians Sohn Felix zur Welt; unter der Last der Lüge
2166 1973 3199 2031 starb die Frau. Nach Felix streckt jetzt Julian die Hand.
2167 1995 3207 2086 Halb erraten läßt er ihn die Wahrheit, halb beichtet¬
2164 2033 3199 2116 er, und endlich entblößt er sich in schonungslosem Selbst¬
2161 2108 2658 2178 gericht vor seinem Sohn.
2203 2146 3195 2214 Voll starker Tragik, die nicht durch große Worte oder
2156 2194 3207 2264 emphatische Gebärden geschwächt wird, ist die Situation
2152 2246 3194 2321 dieses Sohnes. Als Mann steht er dem bekennenden
2158 2289 3189 2363 Mann gegenüber; Schicksalsschauer überrieseln ihn in
2154 2333 3198 2413 der Erinnerung an die Mutter; nicht die Mutter allein
2153 2387 3203 2465 ist sie für ihn jetzt, sondern auch die Frau, die unsäglich
2155 2439 3201 2522 gelitter und die zusammenbrach. Während der Vater
2154 2494 3189 2556 vor ihm ein Anrecht auf ihn geltend macht und an die
2154 2531 3196 2602 Stimme seines Blutes appelliert, keimt in ihm ein ganz
2165 2579 3185 2652 neues schmerzlich=zärtliches Gefühl für jenen, der ihn
2152 2630 3197 2698 bis jetzt Vater gewesen. Was Julian ihm gesagt, das
2169 2669 3231 2762 mag wahr sein, aber ihm ist es „eine Wahrheit ohn#
2163 2723 3198 2809 Kraft“ „ins Leer gesprochen“. Julians Anspruch scheint
2157 2763 3216 2850 ihm nichtig und wesenlos; fremd und feindlich ist ihm
2164 2834 3210 2897 der leibliche Vater, keine Blutsstimme regt sich, aber
2168 2864 3204 2941 inniger werden alle die Gefühle, die im Zusammenleben,
2160 2919 3215 2976 in der Gemeinschaft des Seins mit dem, der als sein
2171 2979 3210 3037 Vater gilt, organisch erwuchsen. Fester als die Bluts¬
2173 3009 3211 3093 bande sind die Verflechtungen, die das Leben von Wesen
2166 3063 3202 3144 zu Wesen spinnt, die Wesensanziehungen, die Wahlver¬
2167 3128 2446 3208 wandtschaften.
2223 3186 3211 3257 Felix bleibt bei Wegrat, und Julian geht einsam
2166 3238 3198 3308 fort. Neben diesem Drama läuft ein anderes und
2171 3272 3202 3336 kreuzt in querem Zickzacklauf dazwischen. Sein Held ist
2171 3319 3209 3387 auch ein Puppenspieler auf dem Herbstpfad absteigenden
2170 3383 3208 3440 Lebens, totgezeichnet sogar, aber dieser Puppenspieler,
2162 3419 3208 3485 Stephan von Sala, wahrt die überlegene Maske bis zum
2169 3464 3211 3542 letzten brillanten Abgang. In einigen Dialogen ist diese
2173 3514 3210 3574 Gestalt, die Bassermann schöpferisch charakterisierte,
2167 3564 3203 3628 scharf umrissen dargestellt in ihrer Skepsis, in ihrem
2172 3617 3209 3682 Illusionsspiel mit den Menschen. Aber es gelang
2174 3659 3214 3733 Schnitzler nicht, sie in dramatischen Rapport zu bringen.
2170 3709 3202 3780 Die Mädchengestalt, die als letzte in den glitzernden eis¬
2162 3755 3202 3815 kalten Bannkreis dieses Mannes gerät, ist nur ein
2163 3788 3209 3867 literarischer Begriff, sie ist nicht gestaltet. Und so wirkt
2164 3848 3235 3911 dieser Sala im Zusammenhang des Ganzen nur als eine,
2169 3906 3237 3971 blendende Spezialität, ein moderner Raisonneur, derst
2162 3965 3182 4041 anregeno spricht, aber keine dramatischen Funktionen
2171 3995 3107 4064 übernimmt. Er hat eine Meinung, aber kein Amt.
2225 4041 3221 4117 Zu gleicher Zeit gabs einen ebenso kräftigen wic
2162 4092 3211 4169 harmlosen Skowronnek=Erfolg mit dem Schauspie
2174 4153 3206 4240 „Waterkant“ im Berliner Theater: „Ein Maripk¬
2159 4185 2427 4263 Sieg“. Pg.
