3436 4224
1439 180 1906 294 box 23/4
288 189 1312 315 18. Der einsane Neg
772 1263 1262 1345 (Quellenangabe ohne Gewähr.)
768 1316 1445 1413 Giazer Voiksblatt, Grag
457 1358 1280 1488 Husschnitt aus: Abendblatt
577 1435 940 1523 Z1FER 1974 1
443 1485 640 1577 vom:
1551 1510 3370 1642 ein Faktum, an dem auch die sowohl mit den Mitteln fein=* „Der einsame Weg“ entsta
1568 1585 3384 1682 geisiger Phrasen, wie sentimentaler Stimmungsbildnerei ab= schmn Sturm= und Drangper#ode
517 1570 1418 1725 Theater, Kunst und Musik.
2751 1637 3373 1705 einer von vielen — ganz inter
1573 1644 2772 1726 gefaßten Plaidoyers des sich zum Anwalt dieser Einsamen
2769 1683 3360 1761 Dimen Ybsens. Der Dichter,
553 1689 1375 1786 Wiener Burgtheater=Premiöre.
1571 1698 2778 1770 bemfenen Dichiers nicht zu ändern vermag. Wenn Schnitzler
2767 1735 3344 1818 ###gsprozeß mitgemacht (wo
346 1735 1564 1827 „Der einsame Weg“, Schauspiel in fünf Akten von Artur
1553 1737 2774 1818 mit einer Art Wonne uns schon zu so vielen Malen in das
2755 1778 3361 1868 Stmitzlers?, ein weiter, einsat
426 1806 1494 1862 Schnitzler. Erstaufführung am 19. Februar 1914.
1576 1791 2775 1873 Sumpfland des Lasters und der Sünde führen will, so darf
2770 1836 3283 1908 „Migen“ zum „Jungen
1564 1849 2767 1916 er es uns nicht veranzen, wenn wir die Gefolgschaft verwei¬
782 1852 866 1927 1
1071 1844 1523 1926 Wien, 20. Februar.
2763 1880 3291 1964 erschütternde Tragik seines
1559 1886 2777 1975 gern. Was er uns zeigt, ist nicht Typus, sondern verdammens¬
438 1897 1573 1977 Wie heißt es nur bei Shakespeare? „Das Gebackene vom
2757 1922 3318 2004 teiben, und für den Mittelp
1573 1948 2769 2017 werte Ausnahme, und Schnitzlers Wien (eine enge Gemar¬
342 1961 1574 2021 Leichenschmaus gibt lalte Hochzeitsschüsseln . . .“ Vielleicht läßt
2766 1980 3319 2052 woll völlig unwürdigen Hel
1567 2000 2788 2068 kung, welche die Leopoldstadt, den Salzgries und Judenplatz,
346 2011 1578 2090 sich mit diesem Worte des unsterblichen englischen Dramatikers,
357 2037 3381 2135 der — trotz des mühsam von den Freunden und Verehrern und im besten Falle das Börsenviertel des Schottenringes um= Ein Maler von zweifelhaften
1568 2098 3372 2167 Preist!) ist gottlob noch lange nicht das uralte und ehrwürdige,u Ehebrecher, der, nachdem
347 2114 1572 2198 Schnitzlers (und ihre Zahl in dem heute ganz verjude#
1553 2127 3390 2207 #### bodenständige christliche Wien. Die abnormalen und ver¬seinen umehelichen Sohn geküm
359 2162 1565 2232 Burgtheaterpublikum ist ja Legion!) yerbeigeklatschten Beifalls¬
1566 2178 3374 2258 deebten Genallen seiner Phantaste, welche uns dieser „wiene¬##aventeuer, wie seines
362 2207 1588 2273 Kürtes und der am nächsten Rorgen von den einmütigen
353 2265 3340 2318 Theaterscharfmachern der ganzen liberalen Presse Wiens ge¬rische Dichter glaubhaft und lelhenswahr machen will (ein endlch müde, sein Anrecht
2770 2274 3313 2347 seiter sündhaften Neigung,
1573 2286 2783 2359 Versach, der Schnitzler noch nie und nirgends restlos glückte),
349 2291 1586 2378 waltsam ansposaunten Lobeshymnen — offenkundig gewordene
2773 2327 3293 2400 stöf begreiflicherweise diest
1571 2353 2784 2404 können überall zum Schaden ihrer Nachbarn zu Hause sein.
363 2355 1581 2431 Mißerfolg dieses schon vor Jahren in Berlin nachdrücklichst
2762 2377 3249 2443 mits Recht — nur jene
1581 2384 2781 2456 Denn damit, daß im Bühnenmanuskript Wiener Ortlichkeiten
368 2404 1578 2470 (ja, mit rutem Hohngelächter!) abgelehnten Bühnenwerkes,
2776 2415 3206 2495 eit Vater gewesen Di
1571 2438 2789 2498 als Gegenden der Handlung angegeben und irgend ein im
348 2445 1581 2516 das für das Wiener Hoftheater erst ein Jahrzehnt nach seinem
2777 2469 3207 2542 ner an den jungen
1571 2468 2792 2551 Stücke mitwirkender Schauspieler sich eines mehr oder minder
354 2500 1580 2588 Entstehen zur Novität wurde, in aller Deutlichkeit kennzeichnen.
2783 2525 3179 2592 West als Sohn der
1579 2521 2793 2604 freglichen Wiener Dialektes befleißigt: damit hat der litera¬
351 2548 1584 2623 Denn, um es kurz zu sagen: Schnitzlers „Einsamer Weg“ ist
2780 2578 3180 2645 Prifessor Wegrath
1580 2584 2791 2656 rische Abgott der snobistischen Judenschaft — die in ihrem
356 2600 1582 2684 durch eine jahrelange Pause um nichts besser, verständlicher
2779 2618 3196 2694 den Zuschauer gewiß
1571 2628 2792 2706 imersten Wesen jeglichem wahren Wienertum ganz fremd —
354 2648 1587 2717 und glaubwürdiger geworden. Und seine, schon zum Überdruß
2777 2657 3248 2745 täuschung des zurückger
1569 2664 2798 2755 Herr Artur Schnitzler noch lange kein aus dem realsten Wiener
365 2703 1571 2776 von allen mosaischen Nichtwienern emporgelobte „Wiener Note“.
2776 2721 3304 2800 etwas magere Gerippe de
1574 2731 2784 2799 Leben und Treiben herausgebornes Stück geschrieben. Seine
351 2749 1580 2828 würde gestern — außer auf den hönen Kulissen — auch
2776 2777 3356 2845 nur als logische Konsequenz
1573 2773 2791 2865 Mihe ist diesbezüglich ganz vergebens. Die Wiener Volksseele,
351 2799 1446 2895 Diogenes mit seiner Laterne nicht entdeckt haben ...
2787 2812 3281 2883 werden. Und da ferners
1579 2813 2790 2896 welche nur die Besten der Guten zu belauschen verstanden
444 2857 1576 2913 Gewiß, es gibt einsame Wege. Zwei Sorten der Mensch¬
2783 2871 3325 2928 wialungen so gar nichts zu bie
1577 2870 2799 2962 (auf dramatischem Gebiete eiwa ein Raimund, Anzengruber
351 2898 1580 2982 heit beschreiten sie. Die einen — die Großen, Gewaltigen,
2786 2920 3376 2990 Wesen sympathisch machen und
1583 2930 2801 2999 und Nestroy, auf humoristischem der Altmeister Pötzl und sein
363 2946 1589 3009 die Genie= und Kraftnaturen. Die folgen einem inneren Trange,
2785 2965 3372 3042 leid für ihn wachrufen könnte
1579 2973 2790 3067 würdiger Schüler Chiavacci), vernochte Schnitzler bisher nicht
356 3000 1585 3064 streifen die Fesseln, die sie an eine stumpfe und inferiore, see¬
2795 3008 3371 3083 täuchter werden . .. Aber
1584 3017 2801 3102 zu verstehen, und wird es auch in Hinkunft nicht können. Die
367 3044 1578 3119 lisch wie geistig tief unter ihnen stehende Masse ketten wollen,
2783 3061 3382 3131 Kauses fortkommen. Wir müs
1586 3073 2789 3148 N#ohwelt wird über seine Wiener Literatur richten und das
360 3097 1585 3165 mit heroischer Macht ab, und wandeln auf den Höhen der
2789 3111 3384 3190 freund“ Herrn v. Sala, ken
1589 3127 2796 3199 Urteil, trotz all der Lobhudelei der Gegenwart, wird vernichtend
376 3139 1590 3216 Menschheit und des Lebens. Solch einsame Wege gingen ein
2784 3151 3378 3245 Wegraths hysterische Tochter
1591 3175 2804 3245 seitt. Denn darin liegt das Geheimnis seiner bisherigen Erfolge:
372 3192 1586 3276 Mozart und ein Beethoven, ein Raffael und ein Dante. Die
2851 3210 3371 3295 gleich ihrem Verführer —
1584 3227 2805 3292 Der Dichter schmeichelt dem Wiener Salonjudentum und dieses
366 3238 1596 3325 zweiten, die anderen aber — die Sünder und Verlornen, gehen
2867 3271 3397 3327 Wie man sieht, führt Sch
1582 3274 2803 3340 Besenrittertum des gefüllten Geldsackes entlohnte ihn, erhob
372 3291 1590 3362 ihre einsamen Wege, weil sie dieselben gehen müssen, niemand
2796 3308 3372 3384 milie! Wir beschränken uns
1586 3328 2807 3411 seinen Poeten zum „begnadeten Meister“, zum Schöpfer „tief¬
373 3323 1595 3426 an ihrer Seite schreiten will. Ein selbstgeschaffenes Schicksal,
2791 3356 3389 3456 stieren, daß eine solche typif
373 3384 2118 3470 das Verbrecher immer befaßen, immer besitzen werden. Undschürfender Seelentragil“.
