<?xml version="1.0" encoding="UTF-8" standalone="yes"?>
<PcGts xmlns="http://schema.primaresearch.org/PAGE/gts/pagecontent/2013-07-15" xmlns:xsi="http://www.w3.org/2001/XMLSchema-instance" xsi:schemaLocation="http://schema.primaresearch.org/PAGE/gts/pagecontent/2013-07-15 http://schema.primaresearch.org/PAGE/gts/pagecontent/2013-07-15/pagecontent.xsd">
    <Metadata>
        <Creator>prov=University of Rostock/Institute of Mathematics/CITlab/Gundram Leifert/gundram.leifert@uni-rostock.de:name=ONB_Newseye_GT_M1+(htr_id=10810)::::v=2.4.2
prov=University of Rostock/Institute of Mathematics/CITlab/Tobias Gruening/tobias.gruening@uni-rostock.de:name=de.uros.citlab.module.baseline2polygon.B2PSeamMultiOriented:v=2.4.2
prov=University of Rostock/Institute of Mathematics/CITlab/Tobias Gruening/tobias.gruening@uni-rostock.de:name=/mnt/transkribus/LA/DEA/URO/LA_news_onb_att.pb:de.uros.citlab.segmentation.CITlab_LA_ML:v=2.4.2
Transkribus</Creator>
        <Created>2019-10-07T11:29:54.943+02:00</Created>
        <LastChange>2019-10-08T12:15:42.534+02:00</LastChange>
        <TranskribusMetadata docId="223970" pageId="9501209" pageNr="423" tsid="16562491" status="IN_PROGRESS" userId="40391" imgUrl="https://files.transkribus.eu/Get?id=BOZVZVOEZVPVLSNCIFVFPDLB&amp;fileType=view" xmlUrl="https://files.transkribus.eu/Get?id=XMVDCCDAKZKBVSATWFRZWBGV" imageId="6191431"/>
    </Metadata>
    <Page imageFilename="223970_0423.jpeg" imageWidth="3436" imageHeight="4256">
        <ReadingOrder>
            <OrderedGroup id="ro_1711450840091" caption="Regions reading order">
                <RegionRefIndexed index="0" regionRef="r1"/>
            </OrderedGroup>
        </ReadingOrder>
        <TextRegion orientation="0.0" id="r1" custom="readingOrder {index:0;}">
            <Coords points="181,219 181,3716 3200,3716 3200,219"/>
            <TextLine id="r1l1" custom="readingOrder {index:0;}">
                <Coords points="1072,237 1088,238 1105,254 1118,251 1133,252 1136,179 1100,180 1097,177 1075,176"/>
                <Baseline points="1087,239 1118,240"/>
                <TextEquiv>
                    <Unicode></Unicode>
                </TextEquiv>
            </TextLine>
            <TextLine id="r1l2" custom="readingOrder {index:1;}">
                <Coords points="1417,253 1457,275 1478,262 1521,274 1579,268 1619,243 1661,277 1805,249 1823,264 1888,257 1887,175 1841,187 1771,172 1750,191 1701,176 1655,188 1575,173 1539,189 1416,177"/>
                <Baseline points="1431,250 1457,249 1483,249 1509,249 1535,249 1561,249 1587,249 1613,249 1639,249 1665,249 1691,249 1717,249 1743,249 1769,248 1795,248 1821,248 1847,247 1873,246"/>
                <TextEquiv>
                    <Unicode>box 23/4</Unicode>
                </TextEquiv>
            </TextLine>
            <TextLine id="r1l3" custom="readingOrder {index:2;}">
                <Coords points="264,250 554,302 878,277 1193,308 1284,299 1286,186 1188,191 1123,246 1010,187 766,178 652,226 518,185 432,227 264,186"/>
                <Baseline points="280,247 329,253 378,258 428,262 477,265 527,268 576,269 625,270 675,270 724,270 774,270 823,269 872,268 922,267 971,267 1021,266 1070,266 1119,266 1169,266 1218,268 1268,269"/>
                <TextEquiv>
                    <Unicode>18. Der einsane zeg</Unicode>
                </TextEquiv>
            </TextLine>
            <TextLine id="r1l4" custom="readingOrder {index:3;}">
                <Coords points="184,1647 217,1637 291,1648 351,1616 394,1633 492,1619 596,1626 594,1553 521,1536 408,1548 355,1533 270,1538 237,1564 181,1546"/>
                <Baseline points="198,1617 223,1614 248,1612 274,1611 299,1610 325,1609 350,1609 375,1609 401,1609 426,1609 452,1608 477,1608 502,1608 528,1607 553,1605 579,1603"/>
                <TextEquiv>
                    <Unicode> (Publ. Blatt.), Wien</Unicode>
                </TextEquiv>
            </TextLine>
            <TextLine id="r1l5" custom="readingOrder {index:4;}">
                <Coords points="634,1777 649,1775 655,1769 667,1773 686,1772 680,1717 665,1718 662,1722 652,1714 649,1717 628,1719"/>
                <Baseline points="646,1756 668,1754"/>
                <TextEquiv>
                    <Unicode>—</Unicode>
                </TextEquiv>
            </TextLine>
            <TextLine id="r1l6" custom="readingOrder {index:5;}">
                <Coords points="2032,1789 3081,1779 3157,1759 3156,1710 2031,1740"/>
                <Baseline points="2046,1784 2100,1783 2155,1782 2210,1781 2265,1780 2320,1778 2374,1777 2429,1776 2484,1775 2539,1774 2594,1773 2648,1772 2703,1770 2758,1769 2813,1768 2868,1767 2922,1766 2977,1765 3032,1763 3087,1762 3142,1761"/>
                <TextEquiv>
                    <Unicode>Also spricht Sala, und die ganze Bitterkeit reifer</Unicode>
                </TextEquiv>
            </TextLine>
            <TextLine id="r1l7" custom="readingOrder {index:6;}">
                <Coords points="708,1833 1863,1809 1933,1789 1932,1746 706,1775"/>
                <Baseline points="724,1816 783,1815 843,1815 902,1814 962,1813 1022,1812 1081,1810 1141,1808 1201,1807 1260,1805 1320,1803 1380,1802 1439,1800 1499,1798 1559,1797 1618,1795 1678,1794 1738,1793 1797,1792 1857,1792 1917,1791"/>
                <TextEquiv>
                    <Unicode>hatte, war gelehrt worden, einen anderen als Vater zu</Unicode>
                </TextEquiv>
            </TextLine>
            <TextLine id="r1l8" custom="readingOrder {index:7;}">
                <Coords points="1937,1853 3029,1832 3162,1798 3161,1755 1935,1780"/>
                <Baseline points="1951,1840 2010,1839 2070,1838 2130,1837 2190,1836 2250,1835 2310,1833 2369,1832 2429,1830 2489,1828 2549,1827 2609,1825 2669,1823 2729,1822 2788,1820 2848,1818 2908,1817 2968,1815 3028,1814 3088,1813 3148,1812"/>
                <TextEquiv>
                    <Unicode>menschlicher Erkenntnis spricht aus seinen Worten. Uebri¬</Unicode>
                </TextEquiv>
            </TextLine>
            <TextLine id="r1l9" custom="readingOrder {index:8;}">
                <Coords points="717,1870 1784,1860 1903,1848 1932,1786 716,1824"/>
                <Baseline points="732,1869 791,1868 850,1868 909,1867 969,1867 1028,1866 1087,1864 1147,1864 1206,1862 1265,1861 1325,1860 1384,1858 1443,1856 1502,1855 1562,1853 1621,1851 1680,1849 1740,1847 1799,1846 1858,1844 1918,1842"/>
                <TextEquiv>
                    <Unicode>verehren. Aber in dem Augenblicke, sda Fichtner das</Unicode>
                </TextEquiv>
            </TextLine>
            <TextLine id="r1l10" custom="readingOrder {index:9;}">
                <Coords points="178,1891 212,1897 230,1884 252,1883 267,1889 303,1863 334,1866 333,1823 302,1827 280,1806 258,1797 176,1812"/>
                <Baseline points="194,1862 225,1862 256,1861 287,1859 318,1860"/>
                <TextEquiv>
                    <Unicode>pn.</Unicode>
                </TextEquiv>
            </TextLine>
            <TextLine id="r1l11" custom="readingOrder {index:10;}">
                <Coords points="1934,1900 3166,1876 3164,1796 3037,1833 1933,1839"/>
                <Baseline points="1949,1894 2009,1892 2069,1889 2129,1887 2189,1885 2249,1883 2309,1881 2369,1880 2429,1878 2489,1877 2549,1876 2609,1874 2669,1873 2729,1872 2789,1870 2849,1869 2909,1868 2969,1867 3029,1865 3089,1864 3149,1862"/>
                <TextEquiv>
                    <Unicode>gens stehen sich genau so wie die beiden Männer zwei</Unicode>
                </TextEquiv>
            </TextLine>
            <TextLine id="r1l12" custom="readingOrder {index:11;}">
                <Coords points="724,1921 1938,1902 1936,1832 723,1872"/>
                <Baseline points="738,1915 797,1915 856,1915 915,1915 974,1914 1034,1913 1093,1912 1152,1911 1211,1910 1270,1909 1330,1907 1389,1905 1448,1904 1507,1902 1566,1900 1626,1898 1685,1896 1744,1893 1803,1891 1862,1889 1922,1886"/>
                <TextEquiv>
                    <Unicode>Alter nahen fühlt, reklamiert er unbedenklich die Liebe</Unicode>
                </TextEquiv>
            </TextLine>
            <TextLine id="r1l13" custom="readingOrder {index:12;}">
                <Coords points="1939,1946 3131,1935 3173,1885 1937,1903"/>
                <Baseline points="1955,1942 2015,1939 2075,1936 2135,1934 2195,1932 2255,1930 2315,1929 2375,1927 2435,1926 2495,1924 2556,1923 2616,1922 2676,1921 2736,1919 2796,1918 2856,1917 2916,1915 2976,1914 3036,1912 3096,1911 3157,1908"/>
                <TextEquiv>
                    <Unicode>Frauengestalten gegenüber: die junge Johanna, die</Unicode>
                </TextEquiv>
            </TextLine>
            <TextLine id="r1l14" custom="readingOrder {index:13;}">
                <Coords points="714,1979 1918,1949 1926,1896 712,1918"/>
                <Baseline points="729,1965 788,1964 847,1963 906,1962 965,1961 1024,1960 1083,1959 1143,1957 1202,1956 1261,1954 1320,1953 1379,1952 1438,1950 1497,1948 1557,1947 1616,1944 1675,1943 1734,1941 1793,1939 1852,1937 1912,1936"/>
                <TextEquiv>
                    <Unicode>seines Sohnes für sich. Umsonst. Einsam muß er seinen</Unicode>
                </TextEquiv>
            </TextLine>
            <TextLine id="r1l15" custom="readingOrder {index:14;}">
                <Coords points="1943,1991 3163,1966 3052,1910 1942,1945"/>
                <Baseline points="1957,1984 2016,1983 2076,1983 2135,1982 2195,1981 2254,1980 2314,1978 2373,1977 2433,1975 2492,1974 2552,1973 2611,1971 2671,1970 2730,1969 2790,1967 2849,1966 2909,1965 2968,1964 3028,1963 3087,1963 3147,1963"/>
                <TextEquiv>
                    <Unicode>Tochter Wegrath's, und (die ältere Irene Herms. Jene,</Unicode>
                </TextEquiv>
            </TextLine>
            <TextLine id="r1l16" custom="readingOrder {index:15;}">
                <Coords points="720,2023 1769,2011 1934,1995 1933,1943 719,1974"/>
                <Baseline points="736,2013 795,2012 854,2011 913,2010 972,2009 1031,2009 1090,2007 1149,2007 1208,2005 1267,2004 1327,2003 1386,2001 1445,2000 1504,1998 1563,1996 1622,1995 1681,1993 1740,1991 1799,1989 1858,1987 1918,1984"/>
                <TextEquiv>
                    <Unicode>Weg weiterwandern. In diesen zwei Figuren spiegelt</Unicode>
                </TextEquiv>
            </TextLine>
            <TextLine id="r1l17" custom="readingOrder {index:16;}">
                <Coords points="176,2022 194,2022 213,2041 219,2038 231,2047 246,2032 280,2026 289,2017 313,2032 338,2033 338,1971 314,1974 268,1940 256,1946 216,1946 210,1940 177,1937"/>
                <Baseline points="192,2013 218,2014 244,2014 270,2013 296,2014 322,2015"/>
                <TextEquiv>
                    <Unicode>ter.</Unicode>
                </TextEquiv>
            </TextLine>
            <TextLine id="r1l18" custom="readingOrder {index:17;}">
                <Coords points="1947,2039 2782,2038 3038,1994 3122,2029 3167,1997 3013,1963 1947,1999"/>
                <Baseline points="1962,2032 2021,2032 2081,2031 2140,2030 2200,2030 2259,2028 2319,2027 2378,2026 2438,2025 2497,2024 2557,2022 2616,2021 2676,2019 2735,2018 2795,2017 2854,2016 2914,2015 2973,2014 3033,2013 3092,2012 3152,2012"/>
                <TextEquiv>
                    <Unicode>ein poesieumflossenes Geschöpf, ein mystisches Weib das</Unicode>
                </TextEquiv>
            </TextLine>
            <TextLine id="r1l19" custom="readingOrder {index:18;}">
                <Coords points="717,2080 1927,2049 1926,1991 716,2025"/>
                <Baseline points="731,2065 790,2062 849,2061 908,2060 967,2058 1026,2057 1085,2055 1144,2054 1203,2052 1262,2051 1321,2050 1380,2048 1439,2047 1498,2046 1557,2044 1616,2043 1675,2040 1734,2039 1793,2037 1852,2034 1911,2032"/>
                <TextEquiv>
                    <Unicode>sich die Weltanschauung sdes Dichters, und das Merk¬</Unicode>
                </TextEquiv>
            </TextLine>
            <TextLine id="r1l20" custom="readingOrder {index:19;}">
                <Coords points="1943,2091 3086,2075 3168,2067 3168,2034 3038,1994 2993,2038 1942,2043"/>
                <Baseline points="1957,2081 2016,2081 2076,2081 2136,2081 2196,2080 2256,2079 2316,2077 2375,2076 2435,2074 2495,2073 2555,2071 2615,2069 2675,2067 2735,2066 2794,2064 2854,2063 2914,2062 2974,2061 3034,2060 3094,2060 3154,2060"/>
                <TextEquiv>
                    <Unicode>die Gabe hat, dden Tod vorauszuahnen, wird des altern¬</Unicode>
                </TextEquiv>
            </TextLine>
            <TextLine id="r1l21" custom="readingOrder {index:20;}">
                <Coords points="168,2099 336,2108 452,2101 482,2081 520,2095 547,2079 684,2086 682,2016 609,2022 571,2002 539,2030 498,2007 444,2046 327,2023 303,2042 166,2038"/>
                <Baseline points="183,2088 208,2086 234,2085 259,2084 285,2083 310,2082 336,2081 362,2080 387,2080 413,2079 438,2078 464,2077 489,2077 515,2076 541,2075 566,2074 592,2073 617,2071 643,2069 669,2067"/>
                <TextEquiv>
                    <Unicode>viel in fünf Akten von</Unicode>
                </TextEquiv>
            </TextLine>
            <TextLine id="r1l22" custom="readingOrder {index:21;}">
                <Coords points="723,2119 1940,2082 1939,2042 722,2073"/>
                <Baseline points="737,2111 796,2110 855,2109 915,2108 974,2107 1033,2106 1093,2105 1152,2104 1211,2103 1271,2102 1330,2100 1389,2099 1449,2098 1508,2096 1567,2094 1627,2093 1686,2091 1745,2090 1805,2088 1864,2086 1924,2084"/>
                <TextEquiv>
                    <Unicode>würdige ist es, sdaß beide in dem, wenn man so sagen</Unicode>
                </TextEquiv>
            </TextLine>
            <TextLine id="r1l23" custom="readingOrder {index:22;}">
                <Coords points="1941,2135 3143,2122 3176,2067 1941,2090"/>
                <Baseline points="1957,2130 2017,2130 2077,2129 2137,2128 2197,2127 2257,2126 2317,2125 2378,2124 2438,2123 2498,2122 2558,2121 2618,2120 2678,2119 2738,2117 2799,2116 2859,2115 2919,2114 2979,2112 3039,2111 3099,2110 3160,2109"/>
                <TextEquiv>
                    <Unicode>den Gala letztes großes Erlebnis und geht mit ihm zu</Unicode>
                </TextEquiv>
            </TextLine>
            <TextLine id="r1l24" custom="readingOrder {index:23;}">
                <Coords points="171,2167 284,2158 300,2139 331,2136 328,2097 313,2098 301,2108 273,2098 239,2104 221,2099 194,2107 181,2096 165,2097"/>
                <Baseline points="185,2149 211,2146 237,2144 263,2142 289,2140 315,2139"/>
                <TextEquiv>
                    <Unicode>ler.</Unicode>
                </TextEquiv>
            </TextLine>
            <TextLine id="r1l25" custom="readingOrder {index:24;}">
                <Coords points="724,2166 1748,2159 1913,2139 1936,2084 723,2120"/>
                <Baseline points="738,2162 797,2161 856,2159 915,2158 975,2157 1034,2156 1093,2155 1152,2153 1212,2152 1271,2151 1330,2149 1389,2148 1449,2147 1508,2145 1567,2143 1626,2142 1686,2140 1745,2138 1804,2136 1863,2133 1923,2131"/>
                <TextEquiv>
                    <Unicode>darf, „gefährlichen“ Alter stehen. Sie haben beide das</Unicode>
                </TextEquiv>
            </TextLine>
            <TextLine id="r1l26" custom="readingOrder {index:25;}">
                <Coords points="1948,2186 3165,2173 3176,2108 1947,2146"/>
                <Baseline points="1962,2180 2021,2180 2081,2178 2141,2177 2201,2177 2261,2175 2321,2174 2381,2173 2441,2171 2501,2170 2561,2169 2620,2167 2680,2166 2740,2164 2800,2163 2860,2162 2920,2161 2980,2160 3040,2158 3100,2158 3160,2157"/>
                <TextEquiv>
                    <Unicode>Grunde. Irene Herms war einmal auf ihren Lebenswege</Unicode>
                </TextEquiv>
            </TextLine>
            <TextLine id="r1l27" custom="readingOrder {index:26;}">
                <Coords points="714,2210 1812,2207 1934,2195 1933,2146 713,2164"/>
                <Baseline points="730,2209 789,2208 848,2207 908,2206 967,2205 1027,2204 1086,2203 1146,2202 1205,2201 1265,2199 1324,2198 1383,2197 1443,2195 1502,2194 1562,2192 1621,2191 1681,2189 1740,2187 1800,2185 1859,2184 1919,2181"/>
                <TextEquiv>
                    <Unicode>Leben genossen. Jeder nach seiner Art. Und zu welchem</Unicode>
                </TextEquiv>
            </TextLine>
            <TextLine id="r1l28" custom="readingOrder {index:27;}">
                <Coords points="180,2228 699,2206 697,2148 177,2151"/>
                <Baseline points="195,2206 220,2206 246,2206 272,2207 297,2207 323,2207 349,2206 374,2206 400,2206 426,2205 451,2205 477,2204 503,2203 528,2201 554,2201 580,2198 605,2197 631,2195 657,2193 683,2190"/>
                <TextEquiv>
                    <Unicode>Ehrenpflicht gegen Ar¬</Unicode>
                </TextEquiv>
            </TextLine>
            <TextLine id="r1l29" custom="readingOrder {index:28;}">
                <Coords points="1955,2243 3172,2216 3171,2170 3088,2163 1954,2188"/>
                <Baseline points="1969,2232 2028,2230 2087,2228 2147,2226 2206,2225 2266,2223 2325,2222 2384,2221 2444,2219 2503,2218 2563,2217 2622,2216 2681,2215 2741,2214 2800,2213 2860,2212 2919,2211 2978,2210 3038,2209 3097,2209 3157,2208"/>
                <TextEquiv>
                    <Unicode>Fichtner begenet und ihm zum Opfer gefallen. Sie trug</Unicode>
                </TextEquiv>
            </TextLine>
            <TextLine id="r1l30" custom="readingOrder {index:29;}">
                <Coords points="714,2265 1922,2242 1942,2187 713,2213"/>
                <Baseline points="729,2259 788,2258 848,2257 908,2256 968,2255 1028,2254 1088,2253 1148,2252 1208,2251 1268,2250 1328,2249 1387,2248 1447,2247 1507,2246 1567,2244 1627,2242 1687,2239 1747,2237 1807,2234 1867,2230 1927,2227"/>
                <TextEquiv>
                    <Unicode>Endergebnis sind sie gelangt? In einer Szene des vier¬</Unicode>
                </TextEquiv>
            </TextLine>
            <TextLine id="r1l31" custom="readingOrder {index:30;}">
                <Coords points="177,2264 438,2269 556,2241 609,2264 700,2243 699,2203 677,2201 519,2218 176,2212"/>
                <Baseline points="194,2262 219,2260 245,2259 271,2258 297,2257 323,2257 349,2256 374,2256 400,2256 426,2256 452,2256 478,2255 504,2254 529,2254 555,2253 581,2251 607,2249 633,2247 659,2245 685,2241"/>
                <TextEquiv>
                    <Unicode>es sein reifstes — leider</Unicode>
                </TextEquiv>
            </TextLine>
            <TextLine id="r1l32" custom="readingOrder {index:31;}">
                <Coords points="1943,2281 3093,2270 3175,2256 3174,2210 1942,2247"/>
                <Baseline points="1959,2280 2019,2278 2079,2277 2139,2276 2199,2274 2259,2273 2319,2272 2379,2271 2439,2270 2499,2269 2559,2268 2619,2267 2679,2265 2739,2264 2799,2263 2859,2262 2919,2260 2979,2259 3039,2257 3099,2255 3159,2253"/>
                <TextEquiv>
                    <Unicode>das Leid tapfer und suchte Vergessenheit beim Theater.</Unicode>
                </TextEquiv>
            </TextLine>
            <TextLine id="r1l33" custom="readingOrder {index:32;}">
                <Coords points="726,2318 1942,2275 1911,2233 725,2263"/>
                <Baseline points="741,2311 800,2309 859,2307 918,2305 978,2304 1037,2302 1096,2301 1156,2300 1215,2298 1274,2297 1334,2296 1393,2295 1452,2294 1511,2292 1571,2291 1630,2289 1689,2287 1749,2285 1808,2283 1867,2279 1927,2276"/>
                <TextEquiv>
                    <Unicode>ten Aktes gibt uns der Dichter sdie Antwort auf diese</Unicode>
                </TextEquiv>
            </TextLine>
            <TextLine id="r1l34" custom="readingOrder {index:33;}">
                <Coords points="170,2327 277,2322 304,2302 384,2320 527,2297 644,2310 712,2276 711,2242 608,2263 561,2238 528,2264 167,2266"/>
                <Baseline points="185,2306 210,2306 236,2306 261,2306 287,2306 313,2305 338,2305 364,2304 390,2303 415,2303 441,2301 467,2300 492,2299 518,2297 544,2296 569,2293 595,2291 621,2289 646,2285 672,2283 698,2279"/>
                <TextEquiv>
                    <Unicode>DDer einsame Weg“</Unicode>
                </TextEquiv>
            </TextLine>
            <TextLine id="r1l35" custom="readingOrder {index:34;}">
                <Coords points="1950,2328 3161,2328 3187,2257 1949,2282"/>
                <Baseline points="1966,2332 2026,2330 2086,2328 2147,2326 2207,2324 2267,2323 2328,2321 2388,2320 2448,2319 2509,2318 2569,2317 2629,2316 2690,2314 2750,2313 2810,2312 2871,2310 2931,2309 2991,2307 3052,2306 3112,2303 3173,2301"/>
                <TextEquiv>
                    <Unicode>Ein „süßes Mädel“, das naiv geblieben war trotz seiner</Unicode>
                </TextEquiv>
            </TextLine>
            <TextLine id="r1l36" custom="readingOrder {index:35;}">
                <Coords points="1260,2347 1933,2346 1931,2285 1258,2304"/>
                <Baseline points="1275,2344 1307,2344 1339,2344 1371,2344 1403,2344 1435,2343 1467,2342 1499,2341 1531,2341 1563,2340 1596,2339 1628,2338 1660,2337 1692,2336 1724,2334 1756,2333 1788,2332 1820,2331 1852,2330 1884,2328 1917,2327"/>
                <TextEquiv>
                    <Unicode>übrigens von unvergleichlicher</Unicode>
                </TextEquiv>
            </TextLine>
            <TextLine id="r1l37" custom="readingOrder {index:36;}">
                <Coords points="165,2365 664,2359 703,2345 701,2293 163,2322"/>
                <Baseline points="181,2360 206,2360 231,2359 256,2358 282,2357 307,2357 332,2356 358,2355 383,2354 408,2353 434,2352 459,2351 484,2350 509,2348 535,2348 560,2346 585,2345 611,2343 636,2342 661,2340 687,2338"/>
                <TextEquiv>
                    <Unicode>Behn Jahren hat Schnitz¬</Unicode>
                </TextEquiv>
            </TextLine>
            <TextLine id="r1l38" custom="readingOrder {index:37;}">
                <Coords points="725,2364 920,2359 994,2375 1040,2354 1196,2360 1193,2296 1142,2311 1071,2298 989,2320 961,2302 891,2321 723,2312"/>
                <Baseline points="739,2365 765,2363 791,2362 817,2360 843,2359 869,2358 895,2357 921,2356 947,2355 973,2354 999,2353 1025,2353 1051,2352 1077,2350 1103,2350 1129,2348 1155,2347 1181,2345"/>
                <TextEquiv>
                    <Unicode>Frage. Diese Szene</Unicode>
                </TextEquiv>
            </TextLine>
            <TextLine id="r1l39" custom="readingOrder {index:38;}">
                <Coords points="1944,2396 3176,2353 3175,2313 3108,2309 1943,2326"/>
                <Baseline points="1958,2378 2018,2377 2078,2376 2138,2375 2198,2374 2258,2373 2318,2372 2378,2371 2438,2370 2498,2368 2559,2367 2619,2365 2679,2364 2739,2362 2799,2361 2859,2359 2919,2358 2979,2356 3039,2354 3099,2353 3160,2351"/>
                <TextEquiv>
                    <Unicode>Erlebnisse. So gehen diese Menschen an uns vorüber, lau¬</Unicode>
                </TextEquiv>
            </TextLine>
            <TextLine id="r1l40" custom="readingOrder {index:39;}">
                <Coords points="717,2408 1940,2384 1938,2335 716,2359"/>
                <Baseline points="733,2407 792,2406 852,2404 911,2403 971,2402 1030,2401 1090,2399 1149,2398 1209,2397 1268,2395 1328,2394 1388,2392 1447,2391 1507,2389 1566,2388 1626,2386 1685,2384 1745,2383 1804,2381 1864,2379 1924,2378"/>
                <TextEquiv>
                    <Unicode>Schönheit — stellt den starken Sala dem schwachen</Unicode>
                </TextEquiv>
            </TextLine>
            <TextLine id="r1l41" custom="readingOrder {index:40;}">
                <Coords points="175,2426 278,2404 306,2427 412,2405 498,2414 534,2394 722,2418 719,2339 622,2361 172,2362"/>
                <Baseline points="189,2406 214,2406 240,2406 266,2406 292,2406 318,2405 343,2404 369,2403 395,2403 421,2402 447,2400 472,2399 498,2398 524,2397 550,2395 576,2394 601,2393 627,2392 653,2391 679,2391 705,2390"/>
                <TextEquiv>
                    <Unicode>dder prangenden Pracht</Unicode>
                </TextEquiv>
            </TextLine>
            <TextLine id="r1l42" custom="readingOrder {index:41;}">
                <Coords points="1945,2424 3052,2427 3177,2409 3176,2354 1944,2388"/>
                <Baseline points="1961,2429 2021,2428 2081,2427 2141,2426 2201,2424 2261,2423 2321,2422 2381,2421 2441,2419 2501,2418 2561,2417 2621,2416 2681,2414 2741,2413 2801,2412 2861,2410 2921,2409 2981,2407 3041,2405 3101,2403 3162,2401"/>
                <TextEquiv>
                    <Unicode>ter Bankrotteure des Lebens, und wenn zum Schlusse</Unicode>
                </TextEquiv>
            </TextLine>
            <TextLine id="r1l43" custom="readingOrder {index:42;}">
                <Coords points="717,2467 1934,2432 1933,2386 1859,2382 716,2406"/>
                <Baseline points="733,2463 792,2460 851,2458 910,2455 970,2453 1029,2451 1088,2449 1147,2447 1207,2446 1266,2445 1325,2443 1384,2442 1444,2440 1503,2439 1562,2438 1621,2437 1681,2435 1740,2434 1799,2432 1858,2430 1918,2428"/>
                <TextEquiv>
                    <Unicode>Fichtner gegenüber. Die Werte des Daseins werden ge¬</Unicode>
                </TextEquiv>
            </TextLine>
            <TextLine id="r1l44" custom="readingOrder {index:43;}">
                <Coords points="183,2457 287,2472 376,2450 410,2468 666,2444 688,2465 721,2452 720,2403 539,2393 494,2416 414,2403 381,2423 307,2425 285,2407 182,2426"/>
                <Baseline points="199,2453 224,2454 249,2454 275,2455 300,2455 326,2454 351,2454 376,2453 402,2452 427,2451 453,2450 478,2449 503,2448 529,2447 554,2446 580,2444 605,2443 630,2442 656,2442 681,2441 707,2441"/>
                <TextEquiv>
                    <Unicode>doch zu einer Zeit, wo</Unicode>
                </TextEquiv>
            </TextLine>
            <TextLine id="r1l45" custom="readingOrder {index:44;}">
                <Coords points="1944,2474 2522,2462 2636,2499 2730,2461 3185,2460 3184,2405 1943,2434"/>
                <Baseline points="1959,2479 2019,2477 2080,2475 2140,2474 2201,2472 2262,2471 2322,2470 2383,2469 2443,2468 2504,2467 2565,2467 2625,2466 2686,2464 2746,2463 2807,2462 2868,2461 2928,2459 2989,2457 3049,2455 3110,2452 3171,2450"/>
                <TextEquiv>
                    <Unicode>der alte Wegrath allein völlig gebrochen dasteht und</Unicode>
                </TextEquiv>
            </TextLine>
            <TextLine id="r1l46" custom="readingOrder {index:45;}">
                <Coords points="725,2523 1950,2480 1949,2428 724,2465"/>
                <Baseline points="739,2507 798,2505 858,2504 918,2502 978,2501 1037,2499 1097,2498 1157,2497 1217,2495 1276,2494 1336,2493 1396,2491 1456,2490 1515,2489 1575,2487 1635,2485 1695,2483 1754,2481 1814,2479 1874,2477 1934,2474"/>
                <TextEquiv>
                    <Unicode>wogen, bis Sala kurz und bündig dem Fichtner die fol¬</Unicode>
                </TextEquiv>
            </TextLine>
            <TextLine id="r1l47" custom="readingOrder {index:46;}">
                <Coords points="172,2525 285,2504 407,2516 431,2497 453,2515 557,2509 581,2487 692,2512 716,2502 715,2459 666,2445 440,2454 422,2470 384,2452 170,2458"/>
                <Baseline points="187,2504 212,2504 238,2504 264,2504 289,2503 315,2502 341,2502 366,2501 392,2500 418,2498 444,2498 469,2497 495,2496 521,2495 546,2494 572,2494 598,2494 623,2493 649,2494 675,2494 701,2495"/>
                <TextEquiv>
                    <Unicode>tern denkt, denken muß,</Unicode>
                </TextEquiv>
            </TextLine>
            <TextLine id="r1l48" custom="readingOrder {index:47;}">
                <Coords points="1944,2530 3180,2519 3178,2449 1943,2481"/>
                <Baseline points="1961,2532 2021,2528 2081,2526 2141,2523 2201,2521 2262,2519 2322,2518 2382,2517 2442,2517 2502,2516 2563,2516 2623,2516 2683,2515 2743,2514 2803,2513 2864,2512 2924,2510 2984,2507 3044,2503 3104,2500 3165,2495"/>
                <TextEquiv>
                    <Unicode>Fichtner's Sohn ihm „Vater!“ zuschreit, so werden wir</Unicode>
                </TextEquiv>
            </TextLine>
            <TextLine id="r1l49" custom="readingOrder {index:48;}">
                <Coords points="720,2580 1939,2546 1938,2488 718,2510"/>
                <Baseline points="733,2556 792,2554 852,2552 911,2550 971,2549 1030,2548 1090,2547 1149,2545 1209,2544 1268,2543 1328,2542 1387,2541 1447,2540 1506,2539 1566,2537 1625,2536 1685,2534 1744,2532 1804,2530 1863,2528 1923,2524"/>
                <TextEquiv>
                    <Unicode>gende Lebensbilanz ins Gesicht schleudert: „Lieben heißt,</Unicode>
                </TextEquiv>
            </TextLine>
            <TextLine id="r1l50" custom="readingOrder {index:49;}">
                <Coords points="175,2565 246,2569 266,2547 377,2563 450,2549 475,2564 710,2546 709,2500 174,2513"/>
                <Baseline points="191,2553 216,2553 241,2552 266,2552 291,2551 316,2551 341,2550 366,2550 391,2549 416,2548 442,2548 467,2547 492,2547 517,2546 542,2546 567,2545 592,2544 617,2544 642,2542 667,2542 693,2540"/>
                <TextEquiv>
                    <Unicode>end Abschied zu nehmen,</Unicode>
                </TextEquiv>
            </TextLine>
            <TextLine id="r1l51" custom="readingOrder {index:50;}">
                <Coords points="1959,2582 3191,2578 3189,2505 3079,2501 1958,2552"/>
                <Baseline points="1973,2576 2033,2575 2093,2574 2153,2573 2213,2572 2273,2571 2333,2570 2393,2569 2453,2567 2513,2566 2574,2565 2634,2563 2694,2562 2754,2560 2814,2559 2874,2557 2934,2556 2994,2554 3054,2552 3114,2550 3175,2548"/>
                <TextEquiv>
                    <Unicode>gewahr, daß auch Schnitzler zu keinem anderen Schlusse</Unicode>
                </TextEquiv>
            </TextLine>
            <TextLine id="r1l52" custom="readingOrder {index:51;}">
                <Coords points="726,2610 1919,2590 1942,2532 725,2564"/>
                <Baseline points="743,2605 802,2603 861,2601 920,2599 979,2597 1039,2596 1098,2595 1157,2594 1216,2593 1275,2592 1335,2590 1394,2589 1453,2588 1512,2587 1571,2585 1631,2584 1690,2582 1749,2580 1808,2578 1867,2575 1927,2573"/>
                <TextEquiv>
                    <Unicode>für jemand anderen auf der Welt sein. Ich sage nicht,</Unicode>
                </TextEquiv>
            </TextLine>
            <TextLine id="r1l53" custom="readingOrder {index:52;}">
                <Coords points="169,2616 502,2614 605,2586 710,2604 708,2549 378,2563 267,2548 167,2573"/>
                <Baseline points="185,2607 210,2605 236,2603 261,2602 287,2600 312,2599 338,2598 363,2597 389,2596 414,2596 440,2595 465,2594 491,2594 516,2593 542,2593 567,2592 593,2591 618,2590 644,2589 669,2588 695,2586"/>
                <TextEquiv>
                    <Unicode>ße Abschiednehmen von</Unicode>
                </TextEquiv>
            </TextLine>
            <TextLine id="r1l54" custom="readingOrder {index:53;}">
                <Coords points="1950,2629 2969,2636 3182,2586 3181,2553 1950,2586"/>
                <Baseline points="1966,2624 2026,2622 2086,2621 2146,2620 2206,2618 2266,2617 2326,2616 2386,2614 2446,2613 2506,2612 2566,2610 2626,2609 2686,2608 2746,2607 2806,2606 2866,2605 2926,2604 2986,2603 3046,2602 3106,2602 3166,2601"/>
                <TextEquiv>
                    <Unicode>kommen konnte, als daß die Schicksale der Menschen uner¬</Unicode>
                </TextEquiv>
            </TextLine>
            <TextLine id="r1l55" custom="readingOrder {index:54;}">
                <Coords points="730,2663 1940,2626 1939,2580 729,2611"/>
                <Baseline points="744,2656 803,2654 862,2652 921,2650 980,2648 1039,2646 1098,2645 1157,2644 1216,2643 1275,2642 1335,2641 1394,2640 1453,2639 1512,2637 1571,2636 1630,2634 1689,2632 1748,2629 1807,2627 1866,2623 1926,2620"/>
                <TextEquiv>
                    <Unicode>daß es ein wünschenswerter Zustand sei, aber jedenfalls</Unicode>
                </TextEquiv>
            </TextLine>
            <TextLine id="r1l56" custom="readingOrder {index:55;}">
                <Coords points="195,2673 234,2653 324,2668 369,2650 394,2665 525,2644 574,2664 638,2643 709,2652 706,2597 682,2595 193,2621"/>
                <Baseline points="211,2652 236,2652 261,2652 287,2652 312,2651 337,2651 363,2650 388,2649 413,2648 439,2647 464,2646 490,2644 515,2643 540,2642 566,2641 591,2639 616,2638 642,2637 667,2636 693,2635"/>
                <TextEquiv>
                    <Unicode>hbesitzt, hat noch jedem</Unicode>
                </TextEquiv>
            </TextLine>
            <TextLine id="r1l57" custom="readingOrder {index:56;}">
                <Coords points="1960,2692 1988,2697 2024,2678 2040,2690 2097,2673 2144,2687 2198,2673 2241,2685 2253,2675 2306,2680 2304,2634 2262,2638 2243,2623 2002,2635 1959,2621"/>
                <Baseline points="1975,2675 2001,2673 2027,2671 2054,2669 2080,2668 2106,2667 2133,2667 2159,2666 2185,2666 2212,2666 2238,2666 2264,2666 2291,2666"/>
                <TextEquiv>
                    <Unicode>gründlich sind.</Unicode>
                </TextEquiv>
            </TextLine>
            <TextLine id="r1l58" custom="readingOrder {index:57;}">
                <Coords points="724,2696 1865,2699 1944,2688 1943,2629 723,2666"/>
                <Baseline points="738,2700 797,2699 856,2698 916,2697 975,2696 1035,2695 1094,2694 1154,2693 1213,2692 1273,2691 1332,2689 1391,2688 1451,2687 1510,2685 1570,2684 1629,2682 1689,2680 1748,2678 1808,2677 1867,2675 1927,2673"/>
                <TextEquiv>
                    <Unicode>denke ich, wir waren beide sehr fern davon. Was hat</Unicode>
                </TextEquiv>
            </TextLine>
            <TextLine id="r1l59" custom="readingOrder {index:58;}">
                <Coords points="202,2713 437,2712 479,2695 529,2709 583,2683 679,2704 712,2691 711,2651 579,2637 402,2664 200,2661"/>
                <Baseline points="215,2697 240,2698 265,2698 290,2698 316,2698 341,2698 366,2698 391,2697 417,2696 442,2694 467,2694 492,2693 518,2692 543,2690 568,2690 593,2688 619,2687 644,2686 669,2686 695,2685"/>
                <TextEquiv>
                    <Unicode>Schnitzler wurde nach¬</Unicode>
                </TextEquiv>
            </TextLine>
            <TextLine id="r1l60" custom="readingOrder {index:59;}">
                <Coords points="2037,2724 3189,2709 3188,2632 2036,2675"/>
                <Baseline points="2051,2718 2107,2718 2163,2718 2219,2718 2275,2717 2331,2716 2387,2715 2443,2713 2499,2712 2555,2710 2612,2709 2668,2707 2724,2705 2780,2704 2836,2703 2892,2702 2948,2701 3004,2700 3060,2699 3116,2699 3173,2699"/>
                <TextEquiv>
                    <Unicode>Das Burgtheater lieh dem Stücke seine ganze Kunft.</Unicode>
                </TextEquiv>
            </TextLine>
            <TextLine id="r1l61" custom="readingOrder {index:60;}">
                <Coords points="730,2757 1953,2744 1952,2677 729,2711"/>
                <Baseline points="746,2750 805,2749 865,2748 924,2747 984,2745 1044,2745 1103,2743 1163,2742 1223,2741 1282,2740 1342,2738 1402,2737 1461,2735 1521,2734 1581,2732 1640,2731 1700,2729 1760,2728 1819,2726 1879,2724 1939,2722"/>
                <TextEquiv>
                    <Unicode>das, was unsereiner in sdie Welt bringt, mit Liebe zu</Unicode>
                </TextEquiv>
            </TextLine>
            <TextLine id="r1l62" custom="readingOrder {index:61;}">
                <Coords points="193,2750 276,2765 557,2741 692,2752 725,2747 724,2695 192,2707"/>
                <Baseline points="209,2748 234,2750 259,2750 284,2750 309,2750 334,2750 359,2749 384,2748 409,2747 434,2746 459,2744 484,2744 509,2742 534,2741 559,2739 584,2739 609,2738 634,2737 659,2737 684,2737 710,2738"/>
                <TextEquiv>
                    <Unicode>resigniert. Das Leben</Unicode>
                </TextEquiv>
            </TextLine>
            <TextLine id="r1l63" custom="readingOrder {index:62;}">
                <Coords points="1958,2784 3122,2761 3182,2698 1956,2729"/>
                <Baseline points="1973,2767 2032,2768 2092,2768 2152,2768 2211,2768 2271,2767 2331,2766 2390,2765 2450,2764 2510,2763 2570,2761 2629,2760 2689,2758 2749,2757 2808,2755 2868,2754 2928,2752 2987,2751 3047,2749 3107,2748 3167,2747"/>
                <TextEquiv>
                    <Unicode>Den Herrn von Sala spielte Harry Walden. Anfangs</Unicode>
                </TextEquiv>
            </TextLine>
            <TextLine id="r1l64" custom="readingOrder {index:63;}">
                <Coords points="731,2800 1942,2789 1940,2743 1866,2723 730,2764"/>
                <Baseline points="746,2803 805,2802 864,2800 923,2798 982,2797 1041,2795 1100,2794 1159,2792 1218,2790 1277,2788 1336,2787 1395,2785 1454,2783 1513,2782 1572,2780 1631,2779 1690,2777 1749,2776 1808,2775 1867,2773 1926,2772"/>
                <TextEquiv>
                    <Unicode>tun? Es mag allerlei Lustiges, Verlogenes, Zärtliches,</Unicode>
                </TextEquiv>
            </TextLine>
            <TextLine id="r1l65" custom="readingOrder {index:64;}">
                <Coords points="169,2812 297,2805 335,2822 395,2801 689,2798 716,2791 715,2751 555,2741 305,2765 167,2751"/>
                <Baseline points="185,2803 210,2803 236,2802 262,2802 288,2801 314,2800 339,2799 365,2798 391,2797 417,2795 443,2793 468,2793 494,2791 520,2791 546,2790 572,2789 597,2789 623,2789 649,2789 675,2790 701,2791"/>
                <TextEquiv>
                    <Unicode>In forschenden Blick und</Unicode>
                </TextEquiv>
            </TextLine>
            <TextLine id="r1l66" custom="readingOrder {index:65;}">
                <Coords points="1954,2836 3183,2799 3181,2735 1953,2771"/>
                <Baseline points="1969,2825 2032,2824 2095,2821 2158,2819 2221,2818 2284,2817 2347,2815 2410,2814 2473,2813 2536,2812 2600,2810 2663,2809 2726,2808 2789,2806 2852,2804 2915,2802 2978,2800 3041,2798 3104,2795 3168,2792"/>
                <TextEquiv>
                    <Unicode>zaghaft, tastend. Die Rolle schien ihm nicht zu liegen. Erst</Unicode>
                </TextEquiv>
            </TextLine>
            <TextLine id="r1l67" custom="readingOrder {index:66;}">
                <Coords points="736,2859 1947,2836 1945,2778 735,2807"/>
                <Baseline points="750,2852 809,2850 868,2848 927,2846 986,2844 1045,2843 1104,2842 1163,2840 1222,2839 1281,2838 1340,2836 1399,2835 1458,2834 1517,2833 1576,2831 1635,2829 1694,2827 1753,2825 1812,2823 1871,2820 1930,2817"/>
                <TextEquiv>
                    <Unicode>Gemeines, Leidenschaftliches sein, das sich als Liebe aus¬</Unicode>
                </TextEquiv>
            </TextLine>
            <TextLine id="r1l68" custom="readingOrder {index:67;}">
                <Coords points="182,2867 259,2871 277,2852 356,2846 433,2856 460,2840 525,2863 594,2836 726,2854 724,2793 180,2809"/>
                <Baseline points="197,2851 222,2850 248,2849 273,2849 299,2848 325,2847 350,2846 376,2845 402,2844 427,2843 453,2842 479,2841 504,2840 530,2840 556,2839 581,2838 607,2838 633,2838 658,2838 684,2837 710,2838"/>
                <TextEquiv>
                    <Unicode>sophen. So geriet ihm</Unicode>
                </TextEquiv>
            </TextLine>
            <TextLine id="r1l69" custom="readingOrder {index:68;}">
                <Coords points="1947,2880 2996,2867 3191,2848 3190,2789 1946,2831"/>
                <Baseline points="1963,2876 2023,2873 2084,2870 2145,2868 2205,2866 2266,2865 2327,2863 2387,2862 2448,2861 2509,2859 2570,2858 2630,2858 2691,2857 2752,2856 2812,2855 2873,2854 2934,2852 2994,2851 3055,2850 3116,2848 3177,2846"/>
                <TextEquiv>
                    <Unicode>im Schlußakt wuchs er zur Höhe der Dichtung empor.</Unicode>
                </TextEquiv>
            </TextLine>
            <TextLine id="r1l70" custom="readingOrder {index:69;}">
                <Coords points="729,2918 1401,2904 1486,2868 1795,2891 1957,2874 1956,2825 727,2850"/>
                <Baseline points="743,2901 802,2899 862,2897 922,2895 982,2894 1042,2892 1102,2891 1162,2890 1222,2889 1282,2888 1342,2887 1401,2885 1461,2884 1521,2883 1581,2881 1641,2879 1701,2877 1761,2875 1821,2873 1881,2869 1941,2866"/>
                <TextEquiv>
                    <Unicode>gibt, aber Liebe ist es doch nicht... Haben wir jemals</Unicode>
                </TextEquiv>
            </TextLine>
            <TextLine id="r1l71" custom="readingOrder {index:70;}">
                <Coords points="184,2907 371,2911 520,2885 652,2903 725,2880 724,2843 595,2837 523,2864 455,2841 183,2867"/>
                <Baseline points="199,2899 224,2898 250,2898 275,2897 301,2896 326,2895 352,2894 377,2893 403,2893 428,2892 454,2891 480,2890 505,2890 531,2889 556,2888 582,2888 607,2887 633,2887 658,2886 684,2886 710,2886"/>
                <TextEquiv>
                    <Unicode>en Dingen bis in ihre</Unicode>
                </TextEquiv>
            </TextLine>
            <TextLine id="r1l72" custom="readingOrder {index:71;}">
                <Coords points="1963,2917 3082,2912 3179,2897 3179,2855 1962,2880"/>
                <Baseline points="1979,2918 2038,2917 2097,2916 2156,2915 2216,2914 2275,2913 2334,2912 2393,2911 2453,2909 2512,2908 2571,2907 2630,2906 2690,2904 2749,2903 2808,2902 2867,2901 2927,2899 2986,2898 3045,2896 3104,2895 3164,2894"/>
                <TextEquiv>
                    <Unicode>Ganz wundervoll Frau Bleibtreu als Irene Herms.</Unicode>
                </TextEquiv>
            </TextLine>
            <TextLine id="r1l73" custom="readingOrder {index:72;}">
                <Coords points="729,2973 1679,2925 1909,2953 1951,2943 1949,2872 727,2906"/>
                <Baseline points="743,2947 802,2946 862,2946 921,2945 981,2944 1041,2943 1100,2942 1160,2941 1219,2939 1279,2938 1339,2937 1398,2935 1458,2934 1517,2932 1577,2930 1637,2928 1696,2926 1756,2924 1815,2922 1875,2920 1935,2917"/>
                <TextEquiv>
                    <Unicode>ein Opfer gebracht, von dem nicht unsere Sinnlichkeit</Unicode>
                </TextEquiv>
            </TextLine>
            <TextLine id="r1l74" custom="readingOrder {index:73;}">
                <Coords points="177,2958 220,2966 244,2944 260,2958 718,2951 716,2902 682,2891 447,2890 340,2910 175,2900"/>
                <Baseline points="192,2953 217,2951 243,2949 268,2948 294,2946 319,2946 345,2945 370,2943 396,2942 421,2942 447,2940 473,2939 498,2939 524,2938 549,2937 575,2937 600,2936 626,2935 651,2935 677,2934 703,2933"/>
                <TextEquiv>
                    <Unicode>ck, in dem wir auch inter¬</Unicode>
                </TextEquiv>
            </TextLine>
            <TextLine id="r1l75" custom="readingOrder {index:74;}">
                <Coords points="1959,2991 3197,2957 3195,2893 1958,2923"/>
                <Baseline points="1975,2964 2035,2964 2095,2964 2156,2964 2216,2963 2276,2963 2337,2962 2397,2961 2457,2960 2518,2958 2578,2957 2638,2955 2699,2953 2759,2951 2819,2950 2880,2948 2940,2946 3000,2945 3061,2943 3121,2942 3182,2940"/>
                <TextEquiv>
                    <Unicode>Sie war von herzgewinnender Frische und fand doch, wo</Unicode>
                </TextEquiv>
            </TextLine>
            <TextLine id="r1l76" custom="readingOrder {index:75;}">
                <Coords points="738,3016 1710,2992 1871,2976 1870,2933 736,2952"/>
                <Baseline points="751,2999 806,2997 861,2996 916,2995 972,2993 1027,2992 1082,2991 1138,2990 1193,2989 1248,2988 1304,2987 1359,2985 1414,2984 1469,2983 1525,2981 1580,2980 1635,2978 1691,2976 1746,2974 1801,2972 1857,2969"/>
                <TextEquiv>
                    <Unicode>oder unsere Eitelkeit ihren Vorteil gehabt hätte? .</Unicode>
                </TextEquiv>
            </TextLine>
            <TextLine id="r1l77" custom="readingOrder {index:76;}">
                <Coords points="169,3018 199,3002 343,3009 358,2993 401,3007 566,2989 698,2999 719,2995 718,2946 244,2946 168,2972"/>
                <Baseline points="184,2998 211,2996 238,2995 265,2994 293,2993 320,2992 347,2991 375,2991 402,2990 429,2990 457,2990 484,2989 511,2989 539,2989 566,2989 593,2988 621,2987 648,2987 675,2986 703,2985"/>
                <TextEquiv>
                    <Unicode>peifellos irgendwo leben</Unicode>
                </TextEquiv>
            </TextLine>
            <TextLine id="r1l78" custom="readingOrder {index:77;}">
                <Coords points="721,3078 3197,3014 3140,2948 719,2983"/>
                <Baseline points="735,3052 857,3048 979,3044 1101,3040 1224,3037 1346,3034 1468,3030 1590,3028 1713,3024 1835,3022 1957,3019 2079,3016 2202,3014 2324,3011 2446,3008 2568,3006 2691,3003 2813,3000 2935,2998 3057,2995 3180,2993"/>
                <TextEquiv>
                    <Unicode>Haben wir je gezögert, anständige Menschen zu betrügen, es nottat, einen Unterton, der uns die Tränen in die</Unicode>
                </TextEquiv>
            </TextLine>
            <TextLine id="r1l79" custom="readingOrder {index:78;}">
                <Coords points="173,3059 365,3043 494,3062 570,3050 592,3065 720,3041 718,2992 699,2990 171,3004"/>
                <Baseline points="187,3045 212,3046 238,3047 264,3047 290,3047 316,3046 342,3045 368,3044 394,3043 420,3041 446,3040 471,3038 497,3037 523,3035 549,3034 575,3033 601,3032 627,3031 653,3031 679,3032 705,3033"/>
                <TextEquiv>
                    <Unicode>Stück, in dem der Dichter</Unicode>
                </TextEquiv>
            </TextLine>
            <TextLine id="r1l80" custom="readingOrder {index:79;}">
                <Coords points="1963,3057 2902,3070 3186,3049 3186,3007 1962,3012"/>
                <Baseline points="1978,3065 2037,3064 2097,3062 2157,3061 2216,3060 2276,3058 2336,3057 2395,3056 2455,3055 2515,3055 2575,3054 2634,3053 2694,3052 2754,3050 2813,3050 2873,3048 2933,3047 2992,3045 3052,3044 3112,3042 3172,3040"/>
                <TextEquiv>
                    <Unicode>Augen tireb. Herr Devrient versagte als Julian Ficht¬</Unicode>
                </TextEquiv>
            </TextLine>
            <TextLine id="r1l81" custom="readingOrder {index:80;}">
                <Coords points="738,3108 1885,3087 1955,3079 1953,2999 737,3065"/>
                <Baseline points="753,3096 812,3095 871,3093 930,3091 990,3090 1049,3089 1108,3088 1168,3086 1227,3085 1286,3084 1346,3083 1405,3082 1464,3081 1523,3079 1583,3078 1642,3076 1701,3074 1761,3073 1820,3070 1879,3067 1939,3064"/>
                <TextEquiv>
                    <Unicode>wenn wir dadurch um eine Stunde des Glückes oder</Unicode>
                </TextEquiv>
            </TextLine>
            <TextLine id="r1l82" custom="readingOrder {index:81;}">
                <Coords points="175,3112 206,3117 245,3103 270,3118 309,3095 359,3109 389,3108 404,3095 432,3107 478,3096 476,3044 366,3044 299,3062 222,3052 174,3060"/>
                <Baseline points="189,3095 216,3096 243,3096 270,3096 297,3095 325,3095 352,3093 379,3092 406,3091 433,3089 461,3087"/>
                <TextEquiv>
                    <Unicode>stand bleibt.</Unicode>
                </TextEquiv>
            </TextLine>
            <TextLine id="r1l83" custom="readingOrder {index:82;}">
                <Coords points="1965,3122 3200,3094 3178,3040 1964,3067"/>
                <Baseline points="1981,3115 2041,3114 2101,3113 2161,3112 2221,3111 2282,3110 2342,3109 2402,3108 2462,3107 2522,3106 2583,3105 2643,3104 2703,3103 2763,3101 2823,3100 2884,3099 2944,3097 3004,3096 3064,3093 3124,3091 3185,3089"/>
                <TextEquiv>
                    <Unicode>ner. Gehirnmenschen darzustellen, ist nun einmal nicht</Unicode>
                </TextEquiv>
            </TextLine>
            <TextLine id="r1l84" custom="readingOrder {index:83;}">
                <Coords points="730,3174 1952,3118 1951,3072 729,3104"/>
                <Baseline points="745,3143 804,3141 864,3140 923,3139 983,3138 1043,3137 1102,3136 1162,3135 1222,3134 1281,3133 1341,3132 1401,3131 1460,3130 1520,3129 1580,3128 1639,3126 1699,3124 1759,3122 1818,3120 1878,3117 1938,3114"/>
                <TextEquiv>
                    <Unicode>der Lust reicher wersden konnten? ... Haben wir je</Unicode>
                </TextEquiv>
            </TextLine>
            <TextLine id="r1l85" custom="readingOrder {index:84;}">
                <Coords points="174,3179 225,3159 259,3174 579,3146 696,3158 723,3154 722,3102 660,3088 642,3104 590,3075 554,3107 513,3086 450,3110 404,3096 172,3115"/>
                <Baseline points="188,3154 214,3155 240,3156 266,3156 292,3156 318,3156 344,3155 370,3154 396,3153 422,3151 448,3150 474,3149 500,3148 526,3147 552,3145 578,3144 604,3144 630,3144 656,3144 682,3145 708,3146"/>
                <TextEquiv>
                    <Unicode>ung steht Herr von Sala,</Unicode>
                </TextEquiv>
            </TextLine>
            <TextLine id="r1l86" custom="readingOrder {index:85;}">
                <Coords points="1973,3171 3184,3156 3198,3094 1972,3126"/>
                <Baseline points="1987,3167 2046,3166 2106,3165 2166,3163 2226,3162 2286,3161 2345,3160 2405,3159 2465,3158 2525,3156 2585,3155 2644,3154 2704,3153 2764,3151 2824,3150 2884,3148 2943,3147 3003,3144 3063,3142 3123,3140 3183,3137"/>
                <TextEquiv>
                    <Unicode>seine Art. Frl. Wohlgemuth sah als Johanna wun¬</Unicode>
                </TextEquiv>
            </TextLine>
            <TextLine id="r1l87" custom="readingOrder {index:86;}">
                <Coords points="739,3214 1778,3191 1967,3175 1966,3117 737,3153"/>
                <Baseline points="752,3194 815,3192 878,3190 941,3189 1004,3188 1067,3187 1130,3186 1193,3185 1256,3184 1319,3183 1383,3182 1446,3181 1509,3180 1572,3178 1635,3177 1698,3175 1761,3173 1824,3170 1887,3167 1951,3163"/>
                <TextEquiv>
                    <Unicode>unsere Ruhe oder unser Leben aufs Spiel gesetzt, nicht</Unicode>
                </TextEquiv>
            </TextLine>
            <TextLine id="r1l88" custom="readingOrder {index:87;}">
                <Coords points="199,3218 483,3197 511,3212 550,3195 728,3205 726,3153 705,3151 198,3163"/>
                <Baseline points="213,3203 238,3204 263,3204 288,3204 313,3204 338,3204 363,3203 388,3203 413,3202 438,3201 463,3200 488,3199 513,3198 538,3197 563,3196 588,3195 613,3194 638,3193 663,3192 688,3191 713,3191"/>
                <TextEquiv>
                    <Unicode>seinem Sinn zu formen</Unicode>
                </TextEquiv>
            </TextLine>
            <TextLine id="r1l89" custom="readingOrder {index:88;}">
                <Coords points="1963,3230 3183,3215 3200,3154 1962,3178"/>
                <Baseline points="1979,3215 2039,3213 2099,3211 2159,3210 2220,3209 2280,3208 2340,3208 2401,3207 2461,3207 2521,3206 2582,3206 2642,3205 2702,3204 2762,3203 2823,3202 2883,3200 2943,3198 3004,3195 3064,3191 3124,3188 3185,3183"/>
                <TextEquiv>
                    <Unicode>derschön aus. Aber an den Schönheiten, die in der Mäd¬</Unicode>
                </TextEquiv>
            </TextLine>
            <TextLine id="r1l90" custom="readingOrder {index:89;}">
                <Coords points="736,3253 1952,3214 1951,3177 1835,3164 735,3213"/>
                <Baseline points="752,3247 811,3243 870,3240 929,3237 989,3236 1048,3234 1107,3233 1166,3233 1226,3232 1285,3232 1344,3232 1403,3231 1463,3231 1522,3230 1581,3228 1640,3226 1700,3224 1759,3222 1818,3218 1877,3214 1937,3208"/>
                <TextEquiv>
                    <Unicode>aus Laune oder Leichtsinn ... nein, um sdas Wohl¬</Unicode>
                </TextEquiv>
            </TextLine>
            <TextLine id="r1l91" custom="readingOrder {index:90;}">
                <Coords points="177,3269 452,3251 513,3268 730,3245 729,3208 692,3197 176,3214"/>
                <Baseline points="191,3252 217,3252 243,3252 269,3251 295,3251 321,3251 347,3250 373,3250 399,3249 425,3248 452,3248 478,3247 504,3247 530,3246 556,3245 582,3245 608,3244 634,3244 660,3243 686,3243 713,3243"/>
                <TextEquiv>
                    <Unicode>ber ein mutiger Mensch,</Unicode>
                </TextEquiv>
            </TextLine>
            <TextLine id="r1l92" custom="readingOrder {index:91;}">
                <Coords points="1967,3284 3202,3236 3125,3191 1966,3226"/>
                <Baseline points="1981,3262 2041,3261 2101,3260 2162,3259 2222,3258 2282,3257 2343,3257 2403,3256 2463,3256 2524,3255 2584,3254 2644,3254 2705,3253 2765,3251 2825,3250 2886,3249 2946,3247 3006,3245 3067,3243 3127,3241 3188,3238"/>
                <TextEquiv>
                    <Unicode>chengestalt, die sie zu verkörpern hatte, liegen, ging sie</Unicode>
                </TextEquiv>
            </TextLine>
            <TextLine id="r1l93" custom="readingOrder {index:92;}">
                <Coords points="737,3304 1966,3271 1965,3225 1879,3221 736,3252"/>
                <Baseline points="753,3295 812,3293 872,3290 932,3288 992,3286 1052,3285 1112,3284 1172,3283 1232,3282 1292,3281 1352,3280 1411,3279 1471,3278 1531,3277 1591,3276 1651,3274 1711,3272 1771,3269 1831,3267 1891,3263 1951,3259"/>
                <TextEquiv>
                    <Unicode>ergehen eines Wesens zu fördern, das sich uns gegeben</Unicode>
                </TextEquiv>
            </TextLine>
            <TextLine id="r1l94" custom="readingOrder {index:93;}">
                <Coords points="180,3313 232,3324 259,3298 477,3313 516,3293 559,3310 626,3292 740,3310 737,3237 512,3269 352,3249 179,3267"/>
                <Baseline points="194,3305 220,3304 246,3303 273,3302 299,3301 326,3301 352,3300 379,3299 405,3298 432,3298 458,3296 484,3296 511,3295 537,3294 564,3293 590,3292 617,3291 643,3290 670,3289 696,3288 723,3287"/>
                <TextEquiv>
                    <Unicode>ng verliert, da man ihm</Unicode>
                </TextEquiv>
            </TextLine>
            <TextLine id="r1l95" custom="readingOrder {index:94;}">
                <Coords points="1970,3318 3193,3310 3210,3239 1969,3276"/>
                <Baseline points="1985,3312 2045,3310 2106,3308 2166,3307 2227,3306 2287,3305 2348,3305 2408,3304 2469,3304 2529,3303 2590,3303 2651,3302 2711,3301 2772,3300 2832,3299 2893,3298 2953,3296 3014,3294 3074,3292 3135,3289 3196,3285"/>
                <TextEquiv>
                    <Unicode>achtlos vorüber. Sehr charakteristisch noch Frau Hae¬</Unicode>
                </TextEquiv>
            </TextLine>
            <TextLine id="r1l96" custom="readingOrder {index:95;}">
                <Coords points="739,3358 1897,3332 1958,3324 1957,3269 737,3303"/>
                <Baseline points="753,3344 812,3342 872,3340 931,3338 991,3337 1050,3335 1110,3334 1169,3333 1229,3331 1288,3330 1348,3329 1407,3328 1467,3327 1526,3325 1586,3324 1645,3322 1705,3320 1764,3318 1824,3316 1883,3313 1943,3311"/>
                <TextEquiv>
                    <Unicode>hatte? Haben wir je auf ein Glück verzichtet, wenn dieser</Unicode>
                </TextEquiv>
            </TextLine>
            <TextLine id="r1l97" custom="readingOrder {index:96;}">
                <Coords points="213,3361 479,3343 535,3375 568,3343 730,3347 728,3289 212,3312"/>
                <Baseline points="227,3351 252,3351 278,3350 304,3350 329,3349 355,3349 381,3348 406,3347 432,3346 458,3345 483,3344 509,3344 535,3343 560,3341 586,3340 612,3339 637,3339 663,3337 689,3337 715,3336"/>
                <TextEquiv>
                    <Unicode>Gegenteil. Ein echter</Unicode>
                </TextEquiv>
            </TextLine>
            <TextLine id="r1l98" custom="readingOrder {index:97;}">
                <Coords points="1962,3350 2434,3387 3217,3367 3188,3288 1962,3322"/>
                <Baseline points="1979,3362 2040,3360 2101,3358 2162,3357 2223,3355 2284,3354 2345,3353 2406,3352 2467,3351 2528,3350 2589,3349 2650,3348 2711,3348 2772,3347 2833,3346 2894,3345 2955,3343 3016,3342 3077,3340 3138,3339 3200,3336"/>
                <TextEquiv>
                    <Unicode> berle und Herr Paulsen, nur Herr Gerasch zu</Unicode>
                </TextEquiv>
            </TextLine>
            <TextLine id="r1l99" custom="readingOrder {index:98;}">
                <Coords points="746,3401 1816,3391 1962,3366 1961,3314 745,3352"/>
                <Baseline points="760,3391 819,3389 878,3388 938,3387 997,3386 1056,3385 1116,3384 1175,3383 1234,3382 1294,3381 1353,3380 1412,3378 1472,3377 1531,3376 1590,3374 1650,3372 1709,3370 1768,3368 1828,3365 1887,3362 1947,3358"/>
                <TextEquiv>
                    <Unicode>Verzicht nicht wenigstens zu unserer Bequemlichkeit bei¬</Unicode>
                </TextEquiv>
            </TextLine>
            <TextLine id="r1l100" custom="readingOrder {index:99;}">
                <Coords points="209,3402 720,3401 738,3397 737,3336 633,3357 566,3346 545,3365 477,3345 208,3357"/>
                <Baseline points="223,3395 248,3396 273,3396 298,3397 323,3397 348,3397 373,3397 398,3396 423,3396 448,3395 473,3395 498,3394 523,3393 548,3392 573,3391 598,3391 623,3389 648,3389 673,3388 698,3388 723,3387"/>
                <TextEquiv>
                    <Unicode>einem Apercu auf den</Unicode>
                </TextEquiv>
            </TextLine>
            <TextLine id="r1l101" custom="readingOrder {index:100;}">
                <Coords points="1977,3429 2023,3438 2083,3403 2157,3425 2185,3412 2322,3409 2352,3403 2352,3363 1976,3371"/>
                <Baseline points="1993,3411 2019,3409 2045,3407 2072,3405 2098,3403 2125,3402 2151,3401 2178,3401 2204,3401 2231,3401 2257,3401 2284,3401 2310,3402 2337,3403"/>
                <TextEquiv>
                    <Unicode>sehr Schablone.</Unicode>
                </TextEquiv>
            </TextLine>
            <TextLine id="r1l102" custom="readingOrder {index:101;}">
                <Coords points="747,3457 1958,3429 1956,3365 746,3402"/>
                <Baseline points="761,3441 820,3440 879,3438 938,3437 997,3436 1056,3435 1115,3434 1174,3433 1233,3432 1292,3432 1352,3431 1411,3429 1470,3428 1529,3427 1588,3425 1647,3423 1706,3421 1765,3419 1824,3416 1883,3413 1943,3409"/>
                <TextEquiv>
                    <Unicode>getragen hätte? Und glauben Sie, daß wir von einem</Unicode>
                </TextEquiv>
            </TextLine>
            <TextLine id="r1l103" custom="readingOrder {index:102;}">
                <Coords points="177,3458 339,3461 357,3443 388,3460 556,3457 626,3431 736,3457 735,3396 176,3409"/>
                <Baseline points="193,3447 219,3447 245,3447 272,3447 298,3447 325,3446 351,3446 377,3446 404,3446 430,3446 457,3445 483,3445 509,3445 536,3444 562,3443 589,3442 615,3441 641,3440 668,3439 694,3437 721,3435"/>
                <TextEquiv>
                    <Unicode>rhaupt, daß wieder ein</Unicode>
                </TextEquiv>
            </TextLine>
            <TextLine id="r1l104" custom="readingOrder {index:103;}">
                <Coords points="2054,3455 3204,3443 3203,3373 3095,3366 2054,3416"/>
                <Baseline points="2071,3454 2126,3453 2182,3453 2238,3452 2294,3451 2350,3450 2405,3450 2461,3449 2517,3448 2573,3447 2629,3446 2684,3445 2740,3443 2796,3442 2852,3441 2908,3439 2963,3437 3019,3436 3075,3434 3131,3432 3187,3429"/>
                <TextEquiv>
                    <Unicode>Das Stück wurde von dem Premierenpublikum des</Unicode>
                </TextEquiv>
            </TextLine>
            <TextLine id="r1l105" custom="readingOrder {index:104;}">
                <Coords points="747,3494 1952,3478 1969,3417 746,3454"/>
                <Baseline points="761,3487 820,3486 880,3486 940,3485 999,3485 1059,3484 1119,3483 1178,3482 1238,3481 1298,3479 1358,3478 1417,3477 1477,3475 1537,3473 1596,3472 1656,3470 1716,3468 1775,3466 1835,3464 1895,3462 1955,3459"/>
                <TextEquiv>
                    <Unicode>Menschen, Mann oder Weib, irgend etwas zurückfordern</Unicode>
                </TextEquiv>
            </TextLine>
            <TextLine id="r1l106" custom="readingOrder {index:105;}">
                <Coords points="167,3526 280,3497 298,3512 549,3489 711,3505 741,3498 740,3437 166,3459"/>
                <Baseline points="183,3498 210,3497 237,3497 264,3496 291,3495 318,3495 345,3494 372,3494 399,3494 426,3494 454,3493 481,3493 508,3493 535,3492 562,3492 589,3491 616,3491 643,3490 670,3489 697,3488 725,3486"/>
                <TextEquiv>
                    <Unicode>Frehr Haltung und weniger</Unicode>
                </TextEquiv>
            </TextLine>
            <TextLine id="r1l107" custom="readingOrder {index:106;}">
                <Coords points="1979,3526 3061,3502 3171,3490 3209,3431 1977,3462"/>
                <Baseline points="1994,3505 2054,3505 2114,3504 2174,3503 2234,3503 2294,3502 2354,3501 2414,3501 2474,3500 2534,3499 2594,3498 2654,3497 2714,3496 2774,3494 2834,3492 2894,3491 2954,3489 3014,3487 3074,3485 3134,3482 3194,3480"/>
                <TextEquiv>
                    <Unicode>Burgtheaters mit feierlichem Beifall ausgenommen. Es</Unicode>
                </TextEquiv>
            </TextLine>
            <TextLine id="r1l108" custom="readingOrder {index:107;}">
                <Coords points="747,3553 1972,3513 1953,3462 746,3492"/>
                <Baseline points="761,3537 820,3537 880,3537 940,3536 1000,3535 1060,3534 1119,3533 1179,3532 1239,3530 1299,3529 1359,3527 1418,3526 1478,3523 1538,3522 1598,3520 1658,3518 1717,3516 1777,3514 1837,3513 1897,3511 1957,3510"/>
                <TextEquiv>
                    <Unicode>dürften, was wir ihm geschenkt hatten? Ein Stück von</Unicode>
                </TextEquiv>
            </TextLine>
            <TextLine id="r1l109" custom="readingOrder {index:108;}">
                <Coords points="183,3556 375,3545 403,3569 424,3550 608,3558 684,3541 740,3570 738,3499 182,3504"/>
                <Baseline points="199,3546 225,3547 251,3547 277,3547 304,3547 330,3546 356,3546 383,3546 409,3545 435,3544 462,3544 488,3543 514,3543 540,3541 567,3541 593,3539 619,3539 646,3538 672,3537 698,3536 725,3535"/>
                <TextEquiv>
                    <Unicode>r Maler Julius Fichtner.</Unicode>
                </TextEquiv>
            </TextLine>
            <TextLine id="r1l110" custom="readingOrder {index:109;}">
                <Coords points="1978,3561 3204,3541 3203,3474 1978,3518"/>
                <Baseline points="1992,3556 2051,3554 2111,3553 2171,3552 2231,3551 2291,3550 2351,3549 2411,3548 2471,3548 2531,3547 2591,3546 2650,3546 2710,3545 2770,3544 2830,3543 2890,3542 2950,3541 3010,3539 3070,3537 3130,3535 3190,3532"/>
                <TextEquiv>
                    <Unicode>rief wiederholt Arthur Schnitzler vor die Rampe und</Unicode>
                </TextEquiv>
            </TextLine>
            <TextLine id="r1l111" custom="readingOrder {index:110;}">
                <Coords points="744,3607 1948,3576 1974,3514 742,3549"/>
                <Baseline points="760,3588 820,3587 880,3585 940,3583 1000,3582 1060,3580 1120,3579 1180,3577 1240,3575 1300,3574 1360,3573 1420,3571 1480,3570 1540,3569 1600,3567 1660,3566 1720,3565 1780,3564 1840,3563 1900,3562 1960,3561"/>
                <TextEquiv>
                    <Unicode>unserem Wesen, eine Stunde unseres Daseins, das wir</Unicode>
                </TextEquiv>
            </TextLine>
            <TextLine id="r1l112" custom="readingOrder {index:111;}">
                <Coords points="173,3611 241,3601 265,3619 412,3591 430,3609 555,3594 595,3609 638,3590 724,3603 742,3600 741,3536 655,3553 432,3548 405,3567 368,3549 172,3556"/>
                <Baseline points="189,3597 215,3597 242,3597 269,3597 296,3597 323,3597 349,3596 376,3596 403,3595 430,3594 457,3594 483,3593 510,3593 537,3592 564,3591 591,3590 617,3590 644,3589 671,3589 698,3588 725,3588"/>
                <TextEquiv>
                    <Unicode>in vollen Zügen genoß,</Unicode>
                </TextEquiv>
            </TextLine>
            <TextLine id="r1l113" custom="readingOrder {index:112;}">
                <Coords points="1963,3638 2262,3600 3213,3613 3178,3537 1962,3567"/>
                <Baseline points="1978,3614 2039,3611 2100,3608 2161,3606 2222,3604 2283,3602 2344,3600 2405,3599 2466,3598 2527,3597 2588,3596 2649,3595 2710,3594 2771,3593 2832,3592 2893,3591 2954,3589 3015,3588 3076,3586 3137,3583 3198,3581"/>
                <TextEquiv>
                    <Unicode>schien ihn so aufmuntern zu wollen, auch fernerhin „ein¬</Unicode>
                </TextEquiv>
            </TextLine>
            <TextLine id="r1l114" custom="readingOrder {index:113;}">
                <Coords points="748,3650 1679,3610 1928,3641 1980,3627 1978,3551 746,3589"/>
                <Baseline points="762,3640 822,3638 882,3637 942,3635 1002,3634 1062,3632 1122,3631 1182,3630 1242,3629 1302,3628 1362,3627 1422,3625 1482,3624 1542,3623 1602,3621 1662,3620 1722,3618 1782,3617 1842,3614 1902,3612 1963,3610"/>
                <TextEquiv>
                    <Unicode>wirklich an sie verloren hätten, ohne uns gleich dafür</Unicode>
                </TextEquiv>
            </TextLine>
            <TextLine id="r1l115" custom="readingOrder {index:114;}">
                <Coords points="3051,3660 3073,3659 3082,3664 3097,3648 3103,3651 3109,3645 3115,3651 3127,3647 3134,3653 3142,3643 3149,3649 3158,3642 3176,3642 3175,3614 3156,3615 3134,3595 3128,3598 3115,3592 3113,3596 3103,3593 3079,3597 3063,3586 3048,3586"/>
                <Baseline points="3065,3639 3097,3638 3129,3636 3161,3635"/>
                <TextEquiv>
                    <Unicode>Phr.</Unicode>
                </TextEquiv>
            </TextLine>
            <TextLine id="r1l116" custom="readingOrder {index:115;}">
                <Coords points="172,3660 587,3640 679,3654 737,3637 736,3591 170,3608"/>
                <Baseline points="187,3646 213,3646 240,3646 267,3646 293,3645 320,3645 347,3644 373,3643 400,3642 427,3642 454,3641 480,3641 507,3639 534,3639 560,3638 587,3637 614,3637 640,3636 667,3636 694,3635 721,3635"/>
                <TextEquiv>
                    <Unicode>ein wonnetrunkenes Ange</Unicode>
                </TextEquiv>
            </TextLine>
            <TextLine id="r1l117" custom="readingOrder {index:116;}">
                <Coords points="1979,3679 2212,3688 2272,3644 2377,3679 2480,3658 2527,3687 2588,3683 2586,3603 1978,3611"/>
                <Baseline points="1993,3662 2022,3662 2051,3661 2080,3661 2109,3660 2138,3660 2167,3659 2196,3659 2225,3659 2254,3658 2283,3658 2312,3657 2341,3657 2370,3656 2399,3656 2428,3654 2457,3653 2486,3652 2515,3650 2544,3648 2573,3646"/>
                <TextEquiv>
                    <Unicode>same Wege“ zu wandeln.</Unicode>
                </TextEquiv>
            </TextLine>
            <TextLine id="r1l118" custom="readingOrder {index:117;}">
                <Coords points="216,3732 1726,3688 1808,3643 215,3662"/>
                <Baseline points="230,3706 308,3701 386,3698 464,3696 542,3694 620,3692 698,3690 776,3689 854,3688 932,3687 1011,3686 1089,3684 1167,3683 1245,3681 1323,3679 1401,3676 1479,3674 1557,3671 1635,3666 1713,3662 1792,3655"/>
                <TextEquiv>
                    <Unicode>er sich nie gekümmert bezahlt zu machen, mit welcher Münze immer?“</Unicode>
                </TextEquiv>
            </TextLine>
            <TextEquiv>
                <Unicode>
box 23/4
18. Der einsane zeg
 (Publ. Blatt.), Wien
—
Also spricht Sala, und die ganze Bitterkeit reifer
hatte, war gelehrt worden, einen anderen als Vater zu
menschlicher Erkenntnis spricht aus seinen Worten. Uebri¬
verehren. Aber in dem Augenblicke, sda Fichtner das
pn.
gens stehen sich genau so wie die beiden Männer zwei
Alter nahen fühlt, reklamiert er unbedenklich die Liebe
Frauengestalten gegenüber: die junge Johanna, die
seines Sohnes für sich. Umsonst. Einsam muß er seinen
Tochter Wegrath's, und (die ältere Irene Herms. Jene,
Weg weiterwandern. In diesen zwei Figuren spiegelt
ter.
ein poesieumflossenes Geschöpf, ein mystisches Weib das
sich die Weltanschauung sdes Dichters, und das Merk¬
die Gabe hat, dden Tod vorauszuahnen, wird des altern¬
viel in fünf Akten von
würdige ist es, sdaß beide in dem, wenn man so sagen
den Gala letztes großes Erlebnis und geht mit ihm zu
ler.
darf, „gefährlichen“ Alter stehen. Sie haben beide das
Grunde. Irene Herms war einmal auf ihren Lebenswege
Leben genossen. Jeder nach seiner Art. Und zu welchem
Ehrenpflicht gegen Ar¬
Fichtner begenet und ihm zum Opfer gefallen. Sie trug
Endergebnis sind sie gelangt? In einer Szene des vier¬
es sein reifstes — leider
das Leid tapfer und suchte Vergessenheit beim Theater.
ten Aktes gibt uns der Dichter sdie Antwort auf diese
DDer einsame Weg“
Ein „süßes Mädel“, das naiv geblieben war trotz seiner
übrigens von unvergleichlicher
Behn Jahren hat Schnitz¬
Frage. Diese Szene
Erlebnisse. So gehen diese Menschen an uns vorüber, lau¬
Schönheit — stellt den starken Sala dem schwachen
dder prangenden Pracht
ter Bankrotteure des Lebens, und wenn zum Schlusse
Fichtner gegenüber. Die Werte des Daseins werden ge¬
doch zu einer Zeit, wo
der alte Wegrath allein völlig gebrochen dasteht und
wogen, bis Sala kurz und bündig dem Fichtner die fol¬
tern denkt, denken muß,
Fichtner's Sohn ihm „Vater!“ zuschreit, so werden wir
gende Lebensbilanz ins Gesicht schleudert: „Lieben heißt,
end Abschied zu nehmen,
gewahr, daß auch Schnitzler zu keinem anderen Schlusse
für jemand anderen auf der Welt sein. Ich sage nicht,
ße Abschiednehmen von
kommen konnte, als daß die Schicksale der Menschen uner¬
daß es ein wünschenswerter Zustand sei, aber jedenfalls
hbesitzt, hat noch jedem
gründlich sind.
denke ich, wir waren beide sehr fern davon. Was hat
Schnitzler wurde nach¬
Das Burgtheater lieh dem Stücke seine ganze Kunft.
das, was unsereiner in sdie Welt bringt, mit Liebe zu
resigniert. Das Leben
Den Herrn von Sala spielte Harry Walden. Anfangs
tun? Es mag allerlei Lustiges, Verlogenes, Zärtliches,
In forschenden Blick und
zaghaft, tastend. Die Rolle schien ihm nicht zu liegen. Erst
Gemeines, Leidenschaftliches sein, das sich als Liebe aus¬
sophen. So geriet ihm
im Schlußakt wuchs er zur Höhe der Dichtung empor.
gibt, aber Liebe ist es doch nicht... Haben wir jemals
en Dingen bis in ihre
Ganz wundervoll Frau Bleibtreu als Irene Herms.
ein Opfer gebracht, von dem nicht unsere Sinnlichkeit
ck, in dem wir auch inter¬
Sie war von herzgewinnender Frische und fand doch, wo
oder unsere Eitelkeit ihren Vorteil gehabt hätte? .
peifellos irgendwo leben
Haben wir je gezögert, anständige Menschen zu betrügen, es nottat, einen Unterton, der uns die Tränen in die
Stück, in dem der Dichter
Augen tireb. Herr Devrient versagte als Julian Ficht¬
wenn wir dadurch um eine Stunde des Glückes oder
stand bleibt.
ner. Gehirnmenschen darzustellen, ist nun einmal nicht
der Lust reicher wersden konnten? ... Haben wir je
ung steht Herr von Sala,
seine Art. Frl. Wohlgemuth sah als Johanna wun¬
unsere Ruhe oder unser Leben aufs Spiel gesetzt, nicht
seinem Sinn zu formen
derschön aus. Aber an den Schönheiten, die in der Mäd¬
aus Laune oder Leichtsinn ... nein, um sdas Wohl¬
ber ein mutiger Mensch,
chengestalt, die sie zu verkörpern hatte, liegen, ging sie
ergehen eines Wesens zu fördern, das sich uns gegeben
ng verliert, da man ihm
achtlos vorüber. Sehr charakteristisch noch Frau Hae¬
hatte? Haben wir je auf ein Glück verzichtet, wenn dieser
Gegenteil. Ein echter
 berle und Herr Paulsen, nur Herr Gerasch zu
Verzicht nicht wenigstens zu unserer Bequemlichkeit bei¬
einem Apercu auf den
sehr Schablone.
getragen hätte? Und glauben Sie, daß wir von einem
rhaupt, daß wieder ein
Das Stück wurde von dem Premierenpublikum des
Menschen, Mann oder Weib, irgend etwas zurückfordern
Frehr Haltung und weniger
Burgtheaters mit feierlichem Beifall ausgenommen. Es
dürften, was wir ihm geschenkt hatten? Ein Stück von
r Maler Julius Fichtner.
rief wiederholt Arthur Schnitzler vor die Rampe und
unserem Wesen, eine Stunde unseres Daseins, das wir
in vollen Zügen genoß,
schien ihn so aufmuntern zu wollen, auch fernerhin „ein¬
wirklich an sie verloren hätten, ohne uns gleich dafür
Phr.
ein wonnetrunkenes Ange
same Wege“ zu wandeln.
er sich nie gekümmert bezahlt zu machen, mit welcher Münze immer?“</Unicode>
            </TextEquiv>
        </TextRegion>
    </Page>
</PcGts>
