<?xml version="1.0" encoding="UTF-8" standalone="yes"?>
<PcGts xmlns="http://schema.primaresearch.org/PAGE/gts/pagecontent/2013-07-15" xmlns:xsi="http://www.w3.org/2001/XMLSchema-instance" xsi:schemaLocation="http://schema.primaresearch.org/PAGE/gts/pagecontent/2013-07-15 http://schema.primaresearch.org/PAGE/gts/pagecontent/2013-07-15/pagecontent.xsd">
    <Metadata>
        <Creator>prov=University of Rostock/Institute of Mathematics/CITlab/Gundram Leifert/gundram.leifert@uni-rostock.de:name=ONB_Newseye_GT_M1+(htr_id=10810)::::v=2.4.2
prov=University of Rostock/Institute of Mathematics/CITlab/Tobias Gruening/tobias.gruening@uni-rostock.de:name=de.uros.citlab.module.baseline2polygon.B2PSeamMultiOriented:v=2.4.2
prov=University of Rostock/Institute of Mathematics/CITlab/Tobias Gruening/tobias.gruening@uni-rostock.de:name=/mnt/transkribus/LA/DEA/URO/LA_news_onb_att.pb:de.uros.citlab.segmentation.CITlab_LA_ML:v=2.4.2
Transkribus</Creator>
        <Created>2019-10-07T11:28:20.339+02:00</Created>
        <LastChange>2019-10-08T09:54:29.128+02:00</LastChange>
        <TranskribusMetadata docId="223970" pageId="9500260" pageNr="240" tsid="16514521" status="IN_PROGRESS" userId="40391" imgUrl="https://files.transkribus.eu/Get?id=QHPLIJSAQWBXNVCRPHPCDIQK&amp;fileType=view" xmlUrl="https://files.transkribus.eu/Get?id=GQBJOYPEMBGCLZQNGFOLUJVK" imageId="6190482"/>
    </Metadata>
    <Page imageFilename="223970_0240.jpeg" imageWidth="3484" imageHeight="4352">
        <ReadingOrder>
            <OrderedGroup id="ro_1711450693041" caption="Regions reading order">
                <RegionRefIndexed index="0" regionRef="r1"/>
                <RegionRefIndexed index="1" regionRef="r2"/>
            </OrderedGroup>
        </ReadingOrder>
        <TextRegion orientation="0.0" id="r1" custom="readingOrder {index:0;}">
            <Coords points="272,264 272,2603 1858,2603 1858,264"/>
            <TextLine id="r1l1" custom="readingOrder {index:0;}">
                <Coords points="1417,313 1441,320 1486,294 1542,314 1681,296 1751,311 1791,293 1865,315 1867,238 1815,223 1742,241 1698,221 1616,247 1493,252 1460,229 1418,246"/>
                <Baseline points="1426,290 1451,290 1476,290 1502,290 1527,290 1553,290 1578,290 1603,291 1629,291 1654,291 1680,292 1705,293 1730,293 1756,294 1781,295 1807,296 1832,297 1858,298"/>
                <TextEquiv>
                    <Unicode>box 23/2</Unicode>
                </TextEquiv>
            </TextLine>
            <TextLine id="r1l2" custom="readingOrder {index:1;}">
                <Coords points="264,311 661,341 1258,313 1258,246 1129,234 1041,267 756,243 660,282 560,249 405,271 265,246"/>
                <Baseline points="272,297 320,301 369,305 418,308 467,311 516,312 565,314 614,314 663,315 712,315 761,315 809,314 858,314 907,313 956,313 1005,312 1054,311 1103,311 1152,311 1201,311 1250,311"/>
                <TextEquiv>
                    <Unicode>18. Der einsane Neg</Unicode>
                </TextEquiv>
            </TextLine>
            <TextLine id="r1l3" custom="readingOrder {index:2;}">
                <Coords points="837,1451 945,1449 999,1467 1019,1454 1210,1456 1245,1448 1247,1385 1215,1397 1198,1381 1111,1390 1078,1379 1022,1397 944,1368 875,1387 839,1378"/>
                <Baseline points="846,1422 872,1424 898,1424 924,1425 950,1425 976,1426 1002,1426 1028,1426 1055,1426 1081,1426 1107,1427 1133,1428 1159,1429 1185,1431 1211,1434 1238,1437"/>
                <TextEquiv>
                    <Unicode>Telephon 12801.</Unicode>
                </TextEquiv>
            </TextLine>
            <TextLine id="r1l4" custom="readingOrder {index:3;}">
                <Coords points="470,1531 1598,1523 1597,1477 1473,1457 470,1468"/>
                <Baseline points="478,1513 533,1514 589,1514 644,1515 700,1515 755,1516 811,1516 866,1516 922,1516 977,1516 1033,1516 1089,1516 1144,1515 1200,1515 1255,1514 1311,1513 1366,1512 1422,1511 1477,1510 1533,1509 1589,1507"/>
                <TextEquiv>
                    <Unicode>Alex. Weigls Unternehmen für Zeitungs-Ausschnilto</Unicode>
                </TextEquiv>
            </TextLine>
            <TextLine id="r1l5" custom="readingOrder {index:4;}">
                <Coords points="658,1651 818,1625 1317,1641 1411,1614 1409,1553 1298,1531 1159,1556 1123,1531 794,1541 731,1590 656,1603"/>
                <Baseline points="666,1646 702,1640 739,1634 776,1631 813,1627 850,1626 887,1624 923,1624 960,1623 997,1623 1034,1624 1071,1624 1108,1624 1145,1624 1181,1623 1218,1621 1255,1620 1292,1616 1329,1613 1366,1607 1403,1601"/>
                <TextEquiv>
                    <Unicode>„OBSERVER“</Unicode>
                </TextEquiv>
            </TextLine>
            <TextLine id="r1l6" custom="readingOrder {index:5;}">
                <Coords points="467,1714 1464,1722 1593,1707 1593,1644 808,1673 540,1638 467,1667"/>
                <Baseline points="475,1705 530,1704 586,1703 641,1703 697,1703 752,1703 808,1703 863,1703 919,1704 974,1704 1030,1705 1085,1705 1141,1706 1196,1706 1252,1706 1307,1705 1363,1705 1418,1704 1474,1702 1529,1701 1585,1697"/>
                <TextEquiv>
                    <Unicode>L. österr. behördl. konz. Buroau für Zeitungsberichte u. Personalnachrichten</Unicode>
                </TextEquiv>
            </TextLine>
            <TextLine id="r1l7" custom="readingOrder {index:6;}">
                <Coords points="674,1796 738,1776 890,1797 928,1771 958,1791 1316,1792 1346,1769 1437,1790 1437,1743 1375,1725 1134,1715 1088,1738 869,1711 844,1736 675,1715"/>
                <Baseline points="683,1771 720,1771 757,1771 794,1771 832,1772 869,1772 906,1772 944,1772 981,1773 1018,1773 1056,1773 1093,1773 1130,1774 1167,1774 1205,1774 1242,1774 1279,1773 1317,1773 1354,1773 1391,1772 1429,1771"/>
                <TextEquiv>
                    <Unicode>Wien, I., Concordiaplatz 4.</Unicode>
                </TextEquiv>
            </TextLine>
            <TextLine id="r1l8" custom="readingOrder {index:7;}">
                <Coords points="898,1837 947,1832 966,1842 985,1831 1035,1838 1055,1853 1099,1840 1143,1847 1194,1832 1195,1797 1129,1801 1105,1788 1093,1799 1064,1800 1016,1787 998,1798 983,1788 970,1799 948,1786 898,1789"/>
                <Baseline points="905,1828 930,1826 956,1826 981,1826 1007,1826 1032,1827 1058,1828 1083,1828 1109,1829 1134,1829 1160,1828 1186,1827"/>
                <TextEquiv>
                    <Unicode>Vertretungen</Unicode>
                </TextEquiv>
            </TextLine>
            <TextLine id="r1l9" custom="readingOrder {index:8;}">
                <Coords points="467,1878 1612,1891 1612,1844 1535,1823 1344,1854 1262,1822 1069,1856 467,1832"/>
                <Baseline points="475,1875 531,1876 587,1876 644,1877 700,1877 757,1877 813,1877 870,1877 926,1877 983,1877 1039,1877 1095,1877 1152,1877 1208,1877 1265,1877 1321,1877 1378,1877 1434,1877 1491,1878 1547,1878 1604,1878"/>
                <TextEquiv>
                    <Unicode>In Berlin, Budapest, Chicago, Genf, London, New-York,</Unicode>
                </TextEquiv>
            </TextLine>
            <TextLine id="r1l10" custom="readingOrder {index:9;}">
                <Coords points="473,1922 1344,1946 1569,1936 1611,1891 473,1896"/>
                <Baseline points="482,1916 538,1917 594,1917 650,1917 706,1918 762,1918 818,1918 874,1918 930,1918 986,1917 1042,1917 1098,1917 1154,1917 1210,1918 1266,1918 1322,1918 1378,1918 1434,1919 1490,1920 1546,1921 1602,1922"/>
                <TextEquiv>
                    <Unicode>Paris, Rom, Mailand, Stockholm, Christiania, St. Petersburg.</Unicode>
                </TextEquiv>
            </TextLine>
            <TextLine id="r1l11" custom="readingOrder {index:10;}">
                <Coords points="751,1974 838,1999 903,1976 953,1988 991,1971 1109,1983 1177,1968 1278,1986 1327,1969 1327,1944 1287,1928 1070,1929 1038,1949 1003,1927 751,1923"/>
                <Baseline points="759,1972 787,1971 815,1971 843,1971 871,1970 899,1970 927,1969 955,1969 983,1969 1011,1968 1039,1968 1067,1967 1095,1967 1123,1967 1151,1967 1179,1966 1207,1966 1235,1966 1263,1966 1291,1966 1319,1966"/>
                <TextEquiv>
                    <Unicode>(Quellenangabe ohne Gewähr.)</Unicode>
                </TextEquiv>
            </TextLine>
            <TextLine id="r1l12" custom="readingOrder {index:11;}">
                <Coords points="471,2076 1028,2072 1202,2114 1296,2070 1762,2118 1763,2067 1398,2003 1272,2039 1091,1995 955,2042 815,2007 472,2030"/>
                <Baseline points="479,2074 542,2072 606,2071 670,2071 734,2070 797,2071 861,2072 925,2073 989,2074 1052,2076 1116,2078 1180,2080 1244,2081 1307,2083 1371,2086 1435,2088 1499,2090 1562,2091 1626,2092 1690,2094 1754,2094"/>
                <TextEquiv>
                    <Unicode>Ausschnitt aus: Belme escrucn,</Unicode>
                </TextEquiv>
            </TextLine>
            <TextLine id="r1l13" custom="readingOrder {index:12;}">
                <Coords points="482,2171 625,2189 659,2168 696,2182 764,2169 786,2185 854,2164 934,2184 1010,2141 1009,2108 917,2095 880,2118 767,2101 555,2143 480,2137"/>
                <Baseline points="489,2171 514,2172 540,2172 565,2172 591,2172 617,2172 642,2171 668,2171 694,2170 719,2169 745,2169 771,2167 796,2166 822,2164 848,2162 873,2159 899,2157 925,2154 950,2150 976,2146 1002,2142"/>
                <TextEquiv>
                    <Unicode>vome 17. 7.19%</Unicode>
                </TextEquiv>
            </TextLine>
            <TextLine id="r1l14" custom="readingOrder {index:13;}">
                <Coords points="546,2279 590,2254 1560,2272 1527,2204 1304,2226 1100,2180 548,2188"/>
                <Baseline points="555,2254 604,2255 654,2256 704,2257 754,2258 804,2258 853,2259 903,2260 953,2261 1003,2261 1053,2262 1102,2263 1152,2264 1202,2265 1252,2267 1302,2268 1351,2270 1401,2272 1451,2273 1501,2275 1551,2277"/>
                <TextEquiv>
                    <Unicode>mim Fraukfurt a. M. meldet und ein Pibon¬</Unicode>
                </TextEquiv>
            </TextLine>
            <TextLine id="r1l15" custom="readingOrder {index:14;}">
                <Coords points="515,2302 1555,2312 1530,2275 589,2254 515,2286"/>
                <Baseline points="522,2299 573,2299 624,2298 675,2299 727,2299 778,2300 829,2301 880,2302 932,2303 983,2304 1034,2306 1085,2307 1137,2309 1188,2310 1239,2312 1290,2313 1342,2314 1393,2315 1444,2316 1495,2317 1547,2317"/>
                <TextEquiv>
                    <Unicode>Telegramm: Schnitzlers Drama „Der einsame</Unicode>
                </TextEquiv>
            </TextLine>
            <TextLine id="r1l16" custom="readingOrder {index:15;}">
                <Coords points="521,2348 1532,2367 1562,2315 522,2302"/>
                <Baseline points="529,2338 580,2338 631,2338 682,2338 733,2339 785,2340 836,2341 887,2343 938,2344 989,2346 1041,2347 1092,2349 1143,2350 1194,2351 1245,2353 1297,2354 1348,2355 1399,2356 1450,2357 1501,2357 1553,2357"/>
                <TextEquiv>
                    <Unicode>Peg“ war von Quincke stimmungsvoll inszeniert und</Unicode>
                </TextEquiv>
            </TextLine>
            <TextLine id="r1l17" custom="readingOrder {index:16;}">
                <Coords points="522,2381 1562,2395 1562,2360 1511,2357 522,2349"/>
                <Baseline points="530,2377 581,2378 632,2379 683,2381 734,2382 785,2383 836,2385 888,2386 939,2388 990,2389 1041,2390 1092,2392 1143,2393 1194,2394 1246,2395 1297,2396 1348,2397 1399,2397 1450,2398 1501,2398 1553,2398"/>
                <TextEquiv>
                    <Unicode>wurde teilweise recht gut gespielt. Besonders sind</Unicode>
                </TextEquiv>
            </TextLine>
            <TextLine id="r1l18" custom="readingOrder {index:17;}">
                <Coords points="507,2422 1502,2449 1560,2416 507,2382"/>
                <Baseline points="515,2420 566,2420 618,2421 670,2422 722,2422 774,2423 825,2425 877,2425 929,2426 981,2428 1033,2429 1084,2430 1136,2431 1188,2432 1240,2433 1292,2434 1343,2436 1395,2437 1447,2437 1499,2438 1551,2439"/>
                <TextEquiv>
                    <Unicode>[Bolz und Hedwig Lange hervorzuheben. Die</Unicode>
                </TextEquiv>
            </TextLine>
            <TextLine id="r1l19" custom="readingOrder {index:18;}">
                <Coords points="507,2463 1561,2496 1562,2447 1437,2434 508,2421"/>
                <Baseline points="516,2459 567,2459 619,2458 671,2459 723,2459 775,2460 827,2462 878,2463 930,2464 982,2466 1034,2468 1086,2470 1138,2472 1190,2473 1241,2474 1293,2476 1345,2477 1397,2477 1449,2478 1501,2478 1553,2477"/>
                <TextEquiv>
                    <Unicode>übermäßige Breite des Werkes wirkte aber ermüdend</Unicode>
                </TextEquiv>
            </TextLine>
            <TextLine id="r1l20" custom="readingOrder {index:19;}">
                <Coords points="518,2502 1351,2519 1430,2560 1567,2540 1510,2482 519,2475"/>
                <Baseline points="527,2501 578,2502 630,2504 681,2504 733,2505 785,2506 836,2506 888,2507 939,2507 991,2508 1043,2509 1094,2509 1146,2510 1197,2511 1249,2512 1301,2514 1352,2515 1404,2518 1455,2520 1507,2523 1559,2526"/>
                <TextEquiv>
                    <Unicode>und die konstruierten Voraussetzungen verstimmten, so</Unicode>
                </TextEquiv>
            </TextLine>
            <TextLine id="r1l21" custom="readingOrder {index:20;}">
                <Coords points="506,2542 789,2575 823,2551 916,2548 987,2567 1128,2556 1156,2575 1157,2529 506,2502"/>
                <Baseline points="514,2543 545,2543 577,2543 609,2543 641,2543 672,2543 704,2543 736,2543 768,2543 799,2543 831,2543 863,2544 895,2544 926,2545 958,2546 990,2547 1022,2548 1053,2549 1085,2550 1117,2552 1149,2554"/>
                <TextEquiv>
                    <Unicode>daß die Aufnahme recht lan war.</Unicode>
                </TextEquiv>
            </TextLine>
            <TextLine id="r1l22" custom="readingOrder {index:21;}">
                <Coords points="1207,2591 1240,2598 1258,2592 1267,2601 1288,2598 1315,2612 1344,2593 1380,2596 1382,2534 1366,2533 1354,2520 1327,2524 1317,2534 1301,2519 1272,2539 1237,2526 1224,2536 1208,2530"/>
                <Baseline points="1215,2583 1241,2585 1267,2586 1294,2586 1320,2586 1346,2587 1373,2590"/>
                <TextEquiv>
                    <Unicode>42-</Unicode>
                </TextEquiv>
            </TextLine>
            <TextEquiv>
                <Unicode>box 23/2
18. Der einsane Neg
Telephon 12801.
Alex. Weigls Unternehmen für Zeitungs-Ausschnilto
„OBSERVER“
L. österr. behördl. konz. Buroau für Zeitungsberichte u. Personalnachrichten
Wien, I., Concordiaplatz 4.
Vertretungen
In Berlin, Budapest, Chicago, Genf, London, New-York,
Paris, Rom, Mailand, Stockholm, Christiania, St. Petersburg.
(Quellenangabe ohne Gewähr.)
Ausschnitt aus: Belme escrucn,
vome 17. 7.19%
mim Fraukfurt a. M. meldet und ein Pibon¬
Telegramm: Schnitzlers Drama „Der einsame
Peg“ war von Quincke stimmungsvoll inszeniert und
wurde teilweise recht gut gespielt. Besonders sind
[Bolz und Hedwig Lange hervorzuheben. Die
übermäßige Breite des Werkes wirkte aber ermüdend
und die konstruierten Voraussetzungen verstimmten, so
daß die Aufnahme recht lan war.
42-</Unicode>
            </TextEquiv>
        </TextRegion>
        <TextRegion orientation="0.0" id="r2" custom="readingOrder {index:1;}">
            <Coords points="1950,1498 1950,2938 3159,2938 3159,1498"/>
            <TextLine id="r2l1" custom="readingOrder {index:0;}">
                <Coords points="2360,1564 2479,1554 2529,1572 2545,1560 2664,1557 2706,1571 2763,1557 2764,1485 2715,1478 2679,1496 2581,1475 2542,1496 2420,1471 2364,1480"/>
                <Baseline points="2370,1522 2395,1524 2421,1526 2447,1527 2472,1528 2498,1529 2524,1530 2550,1530 2575,1531 2601,1532 2627,1533 2653,1534 2678,1536 2704,1538 2730,1541 2756,1544"/>
                <TextEquiv>
                    <Unicode>Telephon 12801.</Unicode>
                </TextEquiv>
            </TextLine>
            <TextLine id="r2l2" custom="readingOrder {index:1;}">
                <Coords points="1995,1606 2932,1654 3079,1649 3122,1591 3002,1553 2720,1583 1996,1561"/>
                <Baseline points="2004,1603 2059,1605 2114,1606 2170,1608 2225,1609 2281,1611 2336,1612 2392,1614 2447,1616 2503,1618 2558,1619 2613,1621 2669,1622 2724,1623 2780,1624 2835,1626 2891,1626 2946,1627 3002,1627 3057,1628 3113,1628"/>
                <TextEquiv>
                    <Unicode>Alex. Weigls Untornehmen für Zeitungs-Ausschnitte</Unicode>
                </TextEquiv>
            </TextLine>
            <TextLine id="r2l3" custom="readingOrder {index:2;}">
                <Coords points="2180,1725 2252,1755 2287,1731 2364,1751 2512,1733 2732,1771 2874,1722 2940,1745 2939,1664 2819,1644 2315,1639 2180,1700"/>
                <Baseline points="2188,1741 2225,1736 2262,1732 2299,1729 2336,1727 2374,1726 2411,1726 2448,1727 2485,1728 2522,1728 2560,1730 2597,1731 2634,1732 2671,1732 2708,1733 2746,1732 2783,1730 2820,1728 2857,1725 2894,1721 2932,1715"/>
                <TextEquiv>
                    <Unicode>„OBSERVER“</Unicode>
                </TextEquiv>
            </TextLine>
            <TextLine id="r2l4" custom="readingOrder {index:3;}">
                <Coords points="2004,1810 3122,1823 3123,1784 3066,1766 2006,1758"/>
                <Baseline points="2013,1797 2068,1797 2123,1797 2178,1798 2233,1800 2288,1801 2343,1803 2398,1805 2453,1808 2508,1809 2563,1812 2618,1814 2673,1816 2728,1817 2783,1818 2838,1819 2893,1819 2948,1819 3003,1818 3058,1817 3114,1814"/>
                <TextEquiv>
                    <Unicode>L. österr. behördl. konz. Bureau für Zeitungsberichte u. Personalnachrichten</Unicode>
                </TextEquiv>
            </TextLine>
            <TextLine id="r2l5" custom="readingOrder {index:4;}">
                <Coords points="2184,1855 2285,1895 2448,1876 2818,1909 2946,1894 2947,1833 2923,1826 2848,1850 2745,1824 2605,1846 2185,1816"/>
                <Baseline points="2192,1868 2229,1869 2266,1870 2303,1872 2341,1874 2378,1875 2415,1876 2453,1877 2490,1878 2527,1879 2565,1880 2602,1881 2639,1881 2676,1882 2714,1883 2751,1883 2788,1884 2826,1884 2863,1885 2900,1885 2938,1885"/>
                <TextEquiv>
                    <Unicode>Wien, I., Concordiaplatz 4.</Unicode>
                </TextEquiv>
            </TextLine>
            <TextLine id="r2l6" custom="readingOrder {index:5;}">
                <Coords points="2414,1928 2473,1949 2500,1941 2549,1953 2572,1942 2593,1954 2605,1944 2644,1958 2666,1948 2704,1950 2705,1922 2657,1904 2569,1909 2542,1894 2528,1908 2496,1897 2485,1906 2450,1893 2415,1904"/>
                <Baseline points="2422,1935 2449,1936 2476,1937 2504,1938 2531,1939 2559,1939 2586,1939 2613,1939 2641,1939 2668,1939 2696,1939"/>
                <TextEquiv>
                    <Unicode>Vertretungen</Unicode>
                </TextEquiv>
            </TextLine>
            <TextLine id="r2l7" custom="readingOrder {index:6;}">
                <Coords points="2001,1965 3107,2015 3108,1963 2908,1939 2599,1969 2001,1938"/>
                <Baseline points="2008,1969 2062,1972 2117,1974 2171,1976 2226,1978 2281,1980 2335,1981 2390,1983 2444,1984 2499,1985 2554,1986 2608,1987 2663,1988 2717,1989 2772,1990 2827,1991 2881,1992 2936,1993 2990,1994 3045,1995 3100,1997"/>
                <TextEquiv>
                    <Unicode>in Berlin, Budapest, Chicago, Genf, London, New-York,</Unicode>
                </TextEquiv>
            </TextLine>
            <TextLine id="r2l8" custom="readingOrder {index:7;}">
                <Coords points="1998,2016 3112,2060 3112,2008 1999,1981"/>
                <Baseline points="2006,2011 2060,2013 2115,2014 2170,2016 2225,2017 2280,2019 2335,2020 2390,2021 2445,2022 2500,2024 2555,2025 2609,2027 2664,2028 2719,2029 2774,2031 2829,2032 2884,2034 2939,2036 2994,2037 3049,2039 3104,2041"/>
                <TextEquiv>
                    <Unicode>Paris, Rom, Mailand, Stockholm, Christiania, St. Petersburg.</Unicode>
                </TextEquiv>
            </TextLine>
            <TextLine id="r2l9" custom="readingOrder {index:8;}">
                <Coords points="2259,2072 2360,2089 2505,2080 2527,2098 2578,2079 2621,2097 2649,2076 2675,2100 2764,2106 2832,2084 2833,2044 2503,2029 2423,2045 2329,2023 2260,2053"/>
                <Baseline points="2268,2073 2295,2072 2323,2071 2351,2071 2379,2071 2407,2072 2434,2072 2462,2072 2490,2073 2518,2074 2546,2075 2573,2076 2601,2077 2629,2078 2657,2079 2685,2080 2712,2081 2740,2082 2768,2082 2796,2083 2824,2083"/>
                <TextEquiv>
                    <Unicode>(Quellenangabe ohne Gewähr.)</Unicode>
                </TextEquiv>
            </TextLine>
            <TextLine id="r2l10" custom="readingOrder {index:9;}">
                <Coords points="1995,2160 3105,2230 3166,2222 3169,2126 2396,2087 2332,2131 1996,2136"/>
                <Baseline points="2003,2173 2060,2171 2118,2169 2176,2168 2234,2167 2292,2168 2349,2168 2407,2169 2465,2171 2523,2173 2581,2175 2638,2177 2696,2180 2754,2183 2812,2185 2870,2189 2927,2191 2985,2194 3043,2197 3101,2200 3159,2203"/>
                <TextEquiv>
                    <Unicode>Ausschnitt aulbie Zeit Wien (Tägliche Ausgabe)</Unicode>
                </TextEquiv>
            </TextLine>
            <TextLine id="r2l11" custom="readingOrder {index:10;}">
                <Coords points="2119,2230 2200,2251 2221,2239 2268,2265 2320,2243 2399,2247 2401,2200 2303,2179 2261,2194 2227,2180 2200,2197 2173,2176 2145,2185 2121,2177"/>
                <Baseline points="2128,2225 2154,2227 2180,2229 2207,2231 2233,2233 2260,2235 2286,2236 2312,2237 2339,2237 2365,2236 2392,2234"/>
                <TextEquiv>
                    <Unicode>73. 3. 1904</Unicode>
                </TextEquiv>
            </TextLine>
            <TextLine id="r2l12" custom="readingOrder {index:11;}">
                <Coords points="1990,2290 2030,2287 2045,2273 2054,2282 2095,2288 2177,2285 2180,2240 2130,2229 2115,2235 2107,2229 2084,2241 2049,2217 1993,2239"/>
                <Baseline points="2000,2267 2028,2269 2056,2271 2085,2273 2113,2274 2141,2276 2170,2279"/>
                <TextEquiv>
                    <Unicode>vom:</Unicode>
                </TextEquiv>
            </TextLine>
            <TextLine id="r2l13" custom="readingOrder {index:12;}">
                <Coords points="1967,2487 2362,2507 2888,2482 2888,2445 2770,2449 2723,2411 1967,2425"/>
                <Baseline points="1975,2487 2020,2487 2065,2487 2110,2487 2156,2487 2201,2487 2246,2486 2291,2486 2337,2485 2382,2485 2427,2484 2472,2484 2518,2484 2563,2483 2608,2483 2653,2483 2699,2483 2744,2483 2789,2483 2834,2484 2880,2485"/>
                <TextEquiv>
                    <Unicode>o Schnitzlers „Einsamer Weg“. Aus Frank¬</Unicode>
                </TextEquiv>
            </TextLine>
            <TextLine id="r2l14" custom="readingOrder {index:13;}">
                <Coords points="1953,2536 2477,2529 2576,2555 2891,2527 2873,2479 2365,2513 1953,2481"/>
                <Baseline points="1961,2536 2007,2535 2053,2534 2099,2533 2145,2533 2191,2533 2237,2532 2283,2532 2329,2532 2375,2532 2422,2532 2468,2532 2514,2531 2560,2531 2606,2531 2652,2530 2698,2529 2744,2528 2790,2527 2836,2526 2883,2523"/>
                <TextEquiv>
                    <Unicode>furt a. M., 17. d., wird uns telegraphiert:</Unicode>
                </TextEquiv>
            </TextLine>
            <TextLine id="r2l15" custom="readingOrder {index:14;}">
                <Coords points="2285,2599 2404,2573 2492,2594 2554,2570 2853,2581 2908,2565 2907,2514 2815,2539 2633,2531 2570,2557 2487,2532 2284,2546"/>
                <Baseline points="2292,2583 2322,2581 2352,2579 2383,2578 2413,2576 2444,2575 2474,2575 2504,2574 2535,2574 2565,2573 2596,2573 2626,2572 2656,2572 2687,2572 2717,2571 2748,2570 2778,2568 2808,2567 2839,2564 2869,2562 2900,2559"/>
                <TextEquiv>
                    <Unicode>ers Drama „Der einsame</Unicode>
                </TextEquiv>
            </TextLine>
            <TextLine id="r2l16" custom="readingOrder {index:15;}">
                <Coords points="2021,2609 2562,2631 2923,2610 2922,2554 2835,2582 2557,2570 2476,2600 2404,2572 2313,2591 2231,2535 2021,2542"/>
                <Baseline points="2029,2625 2073,2623 2117,2622 2161,2621 2206,2620 2250,2620 2294,2620 2339,2619 2383,2619 2427,2619 2472,2619 2516,2619 2560,2619 2604,2619 2649,2618 2693,2617 2737,2615 2782,2614 2826,2612 2870,2609 2915,2606"/>
                <TextEquiv>
                    <Unicode> mancher geistvoller Anaraus</Unicode>
                </TextEquiv>
            </TextLine>
            <TextLine id="r2l17" custom="readingOrder {index:16;}">
                <Coords points="2186,2653 2203,2651 2209,2658 2214,2658 2221,2652 2229,2658 2237,2658 2245,2652 2269,2655 2271,2623 2250,2620 2243,2623 2188,2620"/>
                <Baseline points="2195,2634 2228,2640 2261,2638"/>
                <TextEquiv>
                    <Unicode>G</Unicode>
                </TextEquiv>
            </TextLine>
            <TextLine id="r2l18" custom="readingOrder {index:17;}">
                <Coords points="1949,2706 2914,2723 2915,2675 1950,2660"/>
                <Baseline points="1957,2694 2004,2694 2051,2694 2099,2694 2146,2695 2194,2696 2241,2697 2288,2698 2336,2699 2383,2700 2431,2702 2478,2704 2525,2705 2573,2707 2620,2708 2668,2711 2715,2712 2762,2714 2810,2716 2857,2717 2905,2719"/>
                <TextEquiv>
                    <Unicode>und trotz redlicher Mühe der Künstler nur laue</Unicode>
                </TextEquiv>
            </TextLine>
            <TextLine id="r2l19" custom="readingOrder {index:18;}">
                <Coords points="1949,2735 2866,2777 2908,2774 2909,2726 1949,2706"/>
                <Baseline points="1957,2738 2004,2738 2051,2739 2098,2739 2145,2740 2193,2741 2240,2743 2287,2744 2334,2746 2381,2747 2429,2749 2476,2750 2523,2752 2570,2753 2617,2755 2665,2757 2712,2758 2759,2760 2806,2761 2853,2763 2901,2764"/>
                <TextEquiv>
                    <Unicode>Aufnahme. Die gezwungenen Voraussetzungen</Unicode>
                </TextEquiv>
            </TextLine>
            <TextLine id="r2l20" custom="readingOrder {index:19;}">
                <Coords points="1948,2779 2607,2817 2652,2793 2777,2827 2913,2818 2915,2778 1948,2749"/>
                <Baseline points="1956,2786 2003,2785 2050,2785 2098,2784 2145,2785 2193,2785 2240,2786 2288,2787 2335,2789 2383,2790 2430,2792 2477,2794 2525,2796 2572,2798 2620,2800 2667,2802 2715,2803 2762,2806 2810,2807 2857,2808 2905,2810"/>
                <TextEquiv>
                    <Unicode>gingen dem Publikum gegen den Strich. Von</Unicode>
                </TextEquiv>
            </TextLine>
            <TextLine id="r2l21" custom="readingOrder {index:20;}">
                <Coords points="1959,2826 2912,2863 2914,2819 2841,2805 2800,2828 2541,2792 2418,2816 2258,2784 1961,2789"/>
                <Baseline points="1968,2823 2014,2824 2061,2825 2108,2826 2155,2827 2202,2828 2248,2830 2295,2831 2342,2832 2389,2834 2436,2835 2482,2837 2529,2839 2576,2840 2623,2842 2670,2844 2716,2847 2763,2848 2810,2850 2857,2853 2904,2855"/>
                <TextEquiv>
                    <Unicode>den Einzelleistungen gefielen Bolz, der</Unicode>
                </TextEquiv>
            </TextLine>
            <TextLine id="r2l22" custom="readingOrder {index:21;}">
                <Coords points="1950,2861 1993,2885 2544,2876 2600,2916 2913,2934 2916,2862 2887,2856 1951,2831"/>
                <Baseline points="1958,2871 2005,2871 2052,2871 2100,2871 2147,2871 2195,2872 2242,2873 2290,2873 2337,2874 2385,2876 2432,2877 2479,2879 2527,2881 2574,2884 2622,2887 2669,2889 2717,2892 2764,2895 2812,2897 2859,2901 2907,2905"/>
                <TextEquiv>
                    <Unicode>Räsoneur des Stückes, und Hedwig Lange</Unicode>
                </TextEquiv>
            </TextLine>
            <TextLine id="r2l23" custom="readingOrder {index:22;}">
                <Coords points="1942,2920 2327,2917 2350,2935 2561,2945 2585,2942 2586,2902 2542,2875 2458,2894 1943,2872"/>
                <Baseline points="1950,2916 1981,2915 2012,2914 2044,2913 2075,2913 2106,2912 2138,2912 2169,2912 2200,2913 2232,2913 2263,2914 2294,2914 2326,2916 2357,2917 2388,2918 2420,2920 2451,2921 2482,2923 2514,2925 2545,2926 2577,2928"/>
                <TextEquiv>
                    <Unicode>in der Partie der Irene Herm.</Unicode>
                </TextEquiv>
            </TextLine>
            <TextEquiv>
                <Unicode>Telephon 12801.
Alex. Weigls Untornehmen für Zeitungs-Ausschnitte
„OBSERVER“
L. österr. behördl. konz. Bureau für Zeitungsberichte u. Personalnachrichten
Wien, I., Concordiaplatz 4.
Vertretungen
in Berlin, Budapest, Chicago, Genf, London, New-York,
Paris, Rom, Mailand, Stockholm, Christiania, St. Petersburg.
(Quellenangabe ohne Gewähr.)
Ausschnitt aulbie Zeit Wien (Tägliche Ausgabe)
73. 3. 1904
vom:
o Schnitzlers „Einsamer Weg“. Aus Frank¬
furt a. M., 17. d., wird uns telegraphiert:
ers Drama „Der einsame
 mancher geistvoller Anaraus
G
und trotz redlicher Mühe der Künstler nur laue
Aufnahme. Die gezwungenen Voraussetzungen
gingen dem Publikum gegen den Strich. Von
den Einzelleistungen gefielen Bolz, der
Räsoneur des Stückes, und Hedwig Lange
in der Partie der Irene Herm.</Unicode>
            </TextEquiv>
        </TextRegion>
    </Page>
</PcGts>
