3436 4352
1399 229 1847 330 box 23/2
245 241 1316 347 18. Der einsane Neg
1276 1268 1634 1365 Telephon 12.801.
1357 1348 1426 1413 56
761 1288 1381 1496 „OBSENVER
537 1483 1644 1561 I. österr. behördl. konz. Unternehmung für Zeitungs-Ausschnitte
672 1523 1493 1623 Wien, I., Concordlaplatz 4.
754 1599 914 1659 RR
938 1597 1270 1669 Vertretungen
548 1630 1638 1720 in Berlin, Basel, Budapest, Chitago, Cleveland, Christiania,
546 1674 1635 1750 Genf, Kopenhagen, London, Madrid, Mailand, Minneapolis,
514 1701 1645 1818 New-York, Paris, Rom, San Francisco, Stockholm, St. Peters¬
945 1771 1223 1829 burg, Toronto.
840 1791 1343 1887 (Quellenangabe ohne Gewähr.)
534 1848 939 1946 Ausschnitt au
1097 1871 1176 1924 3
942 1869 1674 2040 feue Zuricher Zeitung
543 1940 983 2021 vom: 3-S6P190
639 2050 1518 2125 . Däs Pfällentheater, d. h. die Schau¬
565 2111 1514 2179 spielbühne unseres Stadttheaters, bringt uns am Mon¬
555 2166 1510 2221 tag gleich zum Beginn der Saison — recht verheißungs¬
559 2210 1514 2252 voll und hoffentlich verbindlich für die neue Spielzeit —
555 2253 1513 2313 eine interessante Novität: Artux Schnitzlers, des
561 2293 1512 2353 Dichters der „Liebelei“, Drama „Der einsame
554 2327 1514 2396 Weg“. Eine Novität freilich nur in Hinsicht auf unsere
562 2380 1520 2432 Bühne; denn schon vor reichlich zwei Jahren ist das
567 2424 1520 2487 Stück hervorgetreten, und seither sind ihm die Komödie
561 2466 1624 2532 „Zwischenspiel“ und „Der Ruf des Lebens“ gefolgt und ##¬
557 2515 1515 2573 au großen deutschen Bühnen aufgeführt worden. Aber
555 2551 1522 2618 wir wollen doch dankbar dafür sein, daß wir den „Ein¬
558 2597 1513 2659 samen Weg“ überhaupt hier zu sehen bekommen, denn
555 2652 1517 2700 dieses Schauspiel mit seinen Mollakkorden und tragischen
549 2693 1514 2737 Klängen enthält so viel Feines und Eigenartiges, ist
555 2734 1527 2784 von so echt Schnitzlerscher Lebensstimmung erfüllt, daß
554 2782 1522 2832 auch seine Schwächen den Eindruck, einem delikat ge¬
556 2822 1513 2868 arteten, interessanten Werk gegenüberzustehen, nicht auf¬
548 2871 1521 2917 zuheben vermögen. Die Gestalt des Herrn v. Sala, die
557 2915 1521 2963 seelisch wichtigste des Stückes, gehört zu jenen Figuren,
545 2960 1516 3000 wie sie heute doch nur Schnitzler in diesen leifen, deli¬
546 3004 1523 3055 katen Tönen zu geben vermag. Wir wollten deshalb
550 3037 1523 3102 nicht versäumen, auf diese Vorstellung, die den Schau¬
544 3087 1509 3144 spielern manche psychologisch schwierige und darum reiz¬
552 3133 1518 3172 volle Aufgaben stellt, auch an dieser Stelle noch hinzu¬
548 3187 1522 3248 weisen. Die Literaturfreunde sollten sich das Stück un¬
536 3216 859 3273 bedingt ansehen.
642 3272 1535 3366 Slaszeiger enriniten¬
2559 1510 2891 1612 Telephon 12.801.
2046 1547 2646 1768 „OBSERGER‘
1820 1732 2920 1795 I. österr. behördl. konz. Unternehmung für Zeitungs-Ausschnitte
1995 1803 2774 1886 Wien, I., Concordlaplatz 4.
2213 1865 2533 1932 Vertretungen
1833 1881 2352 1965 in Berlin, Basel, Budapest, (
2503 1887 2702 1969 Cleveland,
1833 1956 2343 2012 Genf Kopenhagen, London,
2514 1957 2740 2007 Mailand, Min
1817 1991 2346 2066 New-Vork, Paris, Rom, San
2511 1994 2951 2068 Stockholm, St. Peters
2238 2035 2367 2091 burg,
2125 2067 2597 2148 (Quellenangabe ohne Gewähr.)
1824 2120 2304 2213 Ausschnitt aus:
1985 2176 2839 2292 4- 9. Ieue Zuricher- Zeitül
1842 2228 1983 2285 vom:
2145 2348 2579 2450 Tokales.
1976 2416 2844 2491 — T. Pfauentheater. Die erste Aufführung
1872 2480 2853 2533 von Arthur Schnitzlers Schauspiel „Der ein¬
1889 2499 2923 2578 samWontag abend vor nicht sehr (S
1879 2560 2924 2620 stark besetztem Hause vor sich. Man merkte ihr in er¬
1890 2609 2859 2666 freulicher Weise ein fleißiges Studium an. Die Regie
1875 2654 2857 2715 (Hr. Jos. Danegger) ging dem Stimmungsgehalt des
1879 2696 2872 2757 Stückes liebevoll nach und schuf gute szenische Bilder;
1874 2746 2917 2800 fatal war nur, daß bei der Kleinheit der Bühne, die —
1873 2799 2854 2845 dem technischen Personal eine freie, rasche Bewegung
1873 2837 2861 2897 nicht gestattet oder doch sehr erschwert, die Verwand¬
1875 2884 2848 2934 lungen ungewöhnlich lange Zeit in Anspruch nahmen,
1876 2921 2865 2986 so lange Zeit, daß die Vorstellung bis ¾12 Uhr
1874 2966 2866 3023 dauerte und vor Ungeduld dem Auditorium die Füße
1881 3015 2215 3087 in Takt gerieten.
