3436 4352
1372 335 1826 434 box 23/1
226 338 1345 446 18. Der einsane Meg
141 1889 1959 2002 Echwungtre verloren ging, möchtel den Hintergrund und den Kontraft, die zuviel sagen wollen und
156 1962 1960 2048 ngenheit ein letztes Glück ergreifen, darum irritieren. Das hat eine gewisse Unklarheit der Worte und
165 2010 1958 2084 i Sohn ein Vater sein. Er muß es leine Verschwommenheit der Physiognomien zur Folge, die gemein¬
156 2048 1961 2142 seiner Vaterschaft ihm den Sohn, sam mit einem Mangel an zielsicherer Entwicklungkraft dazu bei¬
152 2093 1966 2174 kentfremdet, welcher fühlt, daß man tragen, daß dies und das nicht zeitig und nicht deutlich genug in
773 2143 1975 2209 seinen menschlichen Gründen faßbar wird. Wie Ibsen hat
156 2171 782 2225 etan hat, wenn man nichts tat, als
778 2198 1982 2254 Schnitzler in den engen Grenzen räumlicher und zeitlicher Einheit
160 2206 773 2269 lian wird den Weg hinab so allein
147 2236 1975 2314 n, die „niemandem gehört haben“. aus Längstvergangenem nur die letzten Schlüsse ziehen wollen.
153 2262 1986 2376 st, der in eine erklärende Reflexion Aber wem das gelingen soll, der muß auch über die Kunst verfügen,
166 2310 1983 2403 ", d. h. in Handlung oder Char.k= mit der bei Ibsen die Vergangenheit und der Augenblick sich gegen¬
155 2356 1983 2454 stephan von Sala, dessen Niederlage seitig durchleuchten. Und wer menschliche Konflikte intimster Art
155 2396 1984 2488 kein die zweite Hälfte der Dichtung zum Austrag bringen will, der muß auch wirkliche Menschen gegen
159 2443 1992 2522 list sich selbst zeitlebens ein schönes einander führen. Bei Schnitzler sehen wir Menschenschicksale, aber
782 2484 1985 2545 keine Menschenkinder. Feine, bleiche Geister, schiermütige Schatten
156 2519 780 2572 Sein Leben hat ihn niemals fort¬
784 2515 1996 2593 mit zarten Konturen wallen den einsamen Weg zu ihrem Schicksal.
158 2560 782 2634 gehabt und ängstlich betastet und mit
156 2581 1987 2674 hen Antithesen und Nuancen aus. Das Schicksal, das sich jedesmal erfüllt, ist wie ein Aetherstäub¬
156 2637 1991 2706 kgeben. Ihm hat alle Naivetät, alle lchen unter vielen, auf das nur ein stärkerer Sonnenstrahl fällt.
161 2659 1985 2751 fehlt, und die Kühle seines Naturells Und hier ist der Punkt, wo Schnitzler allerdings von Ibsen so
155 2699 1995 2800 haffen, in dem er am Ende versinkt. weit abrückt, wie seine sentimentale, nervös einseitige Lebens¬
800 2742 2000 2816 auffassung weitab von der Größe und Ganzheit einer umfassenden
157 2786 783 2842 h des Schnitzlerschen Problems, das
801 2774 1998 2870 Weltanschauun, liegt; wo sich dem Wiener kaum etwas von der
160 2837 789 2883 auf die Frage hinausläuft: wie ver¬
793 2831 1994 2910 grandiosen Kraft des Skandinaven und aller wahren Dramatiker
160 2871 784 2924 heration, meiner Kultur und meines
797 2874 2008 2949 mitgeteilt hat, der Kraft, jedes Menschenschicksal mit dem Weltlauf
181 2919 790 2971 der sensitive Dilettant mit über¬
792 2922 1999 3001 zu verknüpfen, in jedem einen Sinn zu finden, der Ewigkeitperspek¬
157 2964 789 3014 gen, mit wenig Willen und einem
797 2974 1995 3041 tiven eröffnet . . ... Und dennoch! Es gibt Dichtungen, die auf
162 3002 787 3062 und Naivetät, wie verhält sich dieser
798 3007 1996 3080 uns wirken, nicht durch künstlerische Wucht, nicht durch die Gestal¬
167 3046 783 3108 ist einfach: eigentlich hat er zwischen
794 3052 1999 3119 tungstärke ihres Autors, sondern durch das reine, warme Wesen
154 3094 792 3163 atz und kann mit dem Leben nichts
156 3095 2001 3203 #nchmal sterben. Oder er stellt sich dessen, der sie schuf. Und das erstreckt sich soweit, daß wir den
162 3148 1997 3235 Iin nur der Starke ist am mächtigsten Inhalt des Buches eher vergessen als den Widerhall, den es in uns
793 3176 2012 3263 weckte, als die Fülle seelischer Beziehungen, die wir von ihm in
158 3228 792 3298 it hochmütiger Resignation ein zer¬
801 3221 2003 3293 unser Leben strömen ließen. So wird es glaub' ich, mit dem „Ein¬
167 3271 803 3327 einsam mitten unter den Menschen
798 3277 2006 3361 samen Weg“ gehen, der an Fülle der seelischen Beziehungen alle
168 3325 799 3391 tionen ihr heimlicher Herr wie der
799 3328 1405 3408 # erke seines Dichters übertrifft.
978 3360 2015 3420 Die Aufführung des Deutschen Theaters bewies, mit
168 3401 2015 3468 Schnitzlers vorletztes — einaktiges welcher Vornehmheit Schnitzler jeder Theatralik aus dem Wege
168 3448 2012 3521 Ton schon das letzte — fünfaktige — gegangen ist, aber sie lewies auch, bis zu welchem Grade diese
176 3486 2011 3567 der Dichter analytisch vorgegangen. Glücksucher, diese Mimosennaturen und Autopsychologen in der Idee
807 3524 2023 3609 stecken geblieben sind. Nir ihr Schicksal im allgemeinen ist hand¬
173 3558 814 3616 wie im kleinen Rahmen, hat er ge¬
171 3574 2010 3647 in nicht so geläufig ist wie die greiflich geworden, nicht ilr Leben im einzelnen. So konnten aus¬
176 3622 2007 3684 wi gelt im „Einsamen Weg“ von gesprochene Wirklichkeitgestalter wie Rittner und die Lehmann
175 3666 2011 3739 Lundlung noch der weniger plasti=nichts tun als ihre eigene herzhafte Menschlichkeit ins Spiel stellen.
189 3711 2008 3782 dienen; von Zügen, die man mehr Besser war Bassermann dran, der sich als Sala von seiner geist¬
179 3773 2037 3831 n; von flüchtigen Farbenflecken für reichsten Seite zeigen durfte, der diesen sehr modernen Typus, wenn
1969 1881 3180 1959 er auch mit dem Dialekt nicht ins Reine kam, mit der edelsten
1963 1933 3175 2011 Kulturfinesse und etwas Poesie des Krankseins ugab und dabei
1971 1979 3173 2064 so sublime Verbindungen walten ließ, daß der Typus Individuali¬
1973 2039 2554 2124 tät, der Begriff Leben erhielt.
2543 2049 3175 2154 Siegfried Jacobsohn
