3392 4256
1072 255 1132 327 W
1407 253 1868 341 box 23/5
913 260 980 328 m
265 263 1275 363 18. Der einsalenen
710 1308 879 1380 Note
531 1358 1870 1439 zn uuern und individuell aufstelle und ähnliche Schritte Meutzunt
2188 1375 2709 1453 ##nmmmenden Ansicht,
573 1422 2712 1448 der Entscheidung anderer Regierungen überlasse. daß es nicht am Platze sei, auf dem Giebel eines
526 1502 648 1564 a=
654 1512 2704 1549 Die erstmalig innerhalb des 2. Deutschen Tänzer= Tanzkunst durch die amtlichen Kreise hat bereits ein
605 1546 1642 1615 kongresses zusammengeschlossenen Balettmeister und
1649 1561 2710 1628 Resultat von katastrophaler Tragweite gezeitigt:
608 1584 1639 1645 Tanzleiter der staatlichen und städtischen Bühnen
1646 1601 2699 1663 Mary Wigman hat auf dem Kongreß öffentlich erklärt,
608 1621 1637 1693 Deutschlands und Oesterreichs stellen in enger Zusam¬
1652 1642 2699 1700 daß sie aus wirtschaftlichen Gründen ihre Tanzgruppe
606 1661 1378 1725 menarbeit folgende Hauptforderungen:
1636 1676 2702 1747 auflösen müsse. Damit verliert der Tanz sein kostbares
1646 1716 2701 1783 Gut; ihre letzte Kongreßdarbietung, die Aufführung
650 1705 1631 1773 1. In der Tanzerziehung und Bühnenpraxis eine
1651 1752 2714 1813 ihres Gruppentanzspiels „Die Feier“ hatte damit
610 1748 1639 1833 klare Unterscheidung und Trennung des Theatertanzes
1649 1790 2536 1852 einen requiemartigen Charakter angenommen.
611 1795 1077 1856 und des Konzerttanzes.
1698 1826 2700 1895 Die Vorträge und Debatten waren außerordentlich
526 1840 609 1909 a¬
650 1839 1648 1902 2. Anerkennung und Einführung einer gemeinsamen
1650 1861 2692 1936 lebhaft; ess prachen Kurt Jooß über „Tanztheater und
592 1878 1634 1958 Tanzschrift. Als solche hat sich die dem Tänzerkongreß
1634 1918 2700 1986 Theatertanz", Fritz Böhme über „Choreologie und
596 1919 1412 1990 vorgeführte Tanzschrift Labans erwiesen.
1630 1955 2699 2021 Tanzschrift“ Dr. Rudolf Lämmel über „Tanzpäda¬
642 1953 1637 2032 3. Schaffung einer Hochschule, die ganz besonders
1637 1996 2703 2062 gogik und Martin Gleisner über „Bedingungen und
603 1993 1626 2086 den hohen Anforderungen des Theatertanzes in jeder
1646 2036 2223 2095 Fragen des Laienianzes“.
2220 2026 2696 2095 Professor Dr. Franz
594 2039 1020 2103 Weise gerecht wird.
1638 2071 2688 2135 Popischil, Brünn, hielt einen sehr interessanten Licht¬
645 2082 1637 2153 Zwischen den Vorständen des Deutschen
1638 2105 2693 2180 bilder=Filmvortrag über alte euröpäische Volks¬
593 2124 1638 2191 Chorsängerverbandes und Tänzerbun¬
1640 2145 1778 2196 tänze.
519 2157 580 2206 in
606 2170 1640 2237 des und der Deutschen Tanzgemeinschaft
1686 2173 2693 2257 Die tänzerischen Darbietungen standen auf beacht¬
604 2208 1559 2278 ist folgendes Uebereinkommen getroffen worden:
1627 2216 2690 2299 licher Höhe; aus ihrer erdrückenden Fülle (weniger
637 2253 1627 2316 Die Freiheit der verschiedenen Richtungen künst¬
1631 2270 2686 2336 wäre mehr gewesen!) seien genannt: Das Terpis¬
595 2281 1632 2371 lerischer Art soll in keiner Weise beeinträchtigt wer¬
1634 2308 2689 2358 balett „Der letzte Pierrot“, das Kröllerbalett „Pa¬
598 2332 715 2394 den.
1629 2352 2685 2415 goden“, Harald Kreutzberg mit Yvonne Georgi, Gret
1629 2396 2684 2448 Palucea, Vera Skoronel, die entzückende Lucienne
648 2376 1622 2456 In organisatorischer Beziehung besteht zwischen bei¬
1640 2424 2692 2472 Lamballe von der Grande Opéra, Paris, ferner
599 2425 1628 2495 den Verbänden Einigkeit darüber, daß ein gemein¬
1629 2459 2684 2538 deutsche und englische Nationaltänzer, Javanische
606 2470 1622 2542 sames Vorgehen in allen diesbezüglichen Fragen erfor¬
594 2506 825 2562 derlich ist.
1624 2504 2681 2555 Tänze des Roben Maj. Jodjana mit seinem Gamelan¬
1634 2541 2676 2606 orchester, Lubans „Grüne Clowns“ und endlich Wig¬
644 2532 1631 2612 Zu diesem Zweck ist aus den Reihen der beiden Or¬
1632 2574 1929 2641 mans „Feler“.
2356 2589 2650 2650 Dr. W. Sch.
597 2594 1627 2652 ganisationen ein paritätischer Ausschuß gebildet wor¬
589 2627 1637 2706 den, der aus je drei Vertretern und drei Stellvertretern
594 2669 771 2727 besteht.
1835 2658 2561 2746 Bassermann in Paris.
646 2720 1639 2805 Der Kongreß selbst stand unter dem Zeichen einer
1673 2741 2695 2798 -II- Es ist ein Ereignis, über das man nicht so viel
588 2743 1625 2828 sachlichen und damit nutzbringenden Kampfstimmung.
1624 2773 2687 2819 die Lärmtrommel schlägt wie zur Reklame der verschie¬
595 2806 1609 2863 Daß die „Labanesen“ und die „Wigmanianerin#“
1632 2816 2713 2871 denen, zurzeit in Paris gastierenden jüdischen und
589 2842 1618 2901 und die Balettleutchen alle unter einen Hut komimen
1629 2851 2726 2917 yiddischen Theater. Es ist dennoch ein wichtiges Ereig¬
585 2874 1622 2927 würden, war nicht zu erwarten: umsomehr ist das Er¬
1620 2882 2763 2957 nis: Albert Bassermann, tritt im Théatre-du¬
596 2920 2685 3001 gebnis des Kongresses als stärkster Beweis fü  den all= Gymnase an den Grand' Boulevards auf. Die deutsche
592 2965 2689 3035 seitigen Einigungswillen der gemeinsamen Kunst. Truppe, die den Parisern Wedekinds „Erdgeist“ als
596 2998 1627 3064 zuliebe zu werten. Viele Reden wurden gehalten, wie
1622 3007 2680 3070 Beispiel deutscher Bühnenkunst zeigte, hat ihr Pro¬
591 3030 2675 3109 dies üblich ist. Die Regierungen aller Länder haben gramm und ihre Schauspieler gewechselt. In Arthur
580 3079 2677 3145 „bisher wohl die Musik und die Dichtkunst, nie aber [Schnitzlers Schauspiel „Der einsame Weg“
570 3103 2683 3204 den Tanz subventioniert. Diese Vernachlässigung der hat Albert Bassermann es vermocht, sich an einem ein¬
3248 4139 3310 4200 22
