3436 4352
862 312 949 380 1 m
1274 305 1821 400 box 23/1
206 314 1220 412 18. Der einsane Neg
999 715 1502 822 emendienst durch
723 795 1268 891 eisene Korrespondenten.
1013 839 1447 931 Telephon: III, 3051.
522 880 909 962 Berlin N. 24.
1050 909 1258 970 —
540 912 1029 1001 —
773 974 1237 1072 Ausschnitt aus
396 1184 1330 1347 Khntgsberger Hartungsche Zeitung
1026 1397 1387 1486 15 FEB.1904
1903 1445 2187 1533 S a
1686 1477 3019 1599 Mitleid angewiesen ist; sie gibt sich an Sala hin, nachdem ihr sein naher
1707 1525 3023 1618 Tod durch den Hausarzt gewiß geworden — und sie ertränkt sich im
754 1557 1355 1655 Berliner Theater.
1710 1588 3016 1661 Bach seines Landhauses. Sala macht am Morgen darauf mit eisiger
457 1612 1709 1701 Artur Schnitzler: Der einsame Weg. Sch##viel in fünf
1708 1611 3027 1708 Klarheit gleichfalls den Strich unter sein Leben, da er weiß, daß er durch
389 1676 1716 1766 Akten=ter, Erstaufführung: Se##nd den
1711 1689 2394 1765 sein Herzleiden ein Todgeweihter ist.
1767 1698 3021 1784 Den beiden Egoisten steht ein Altruist gegenüber. Professor Weg¬
405 1737 677 1811 13. Februar.
1707 1759 3017 1826 rath ist in den Verwickelungen des Lebens ein hilfloses Kind, aber sein
473 1770 1704 1852 Die Tragödie des Egoisten, der seine Kräfte und Mittel ein Leben
1714 1812 3014 1878 Herz gehört seiner Familie, den Freunden, den Menschen. Er weiß nichts
404 1823 1704 1882 lang nur für seinen Genuß verwendet hat, und dem das Alter die Quit¬
1713 1830 3023 1917 von Gabrieles Fehltritt, er glaubt sich als seines Sohnes Vater, er ver¬
393 1864 1706 1941 tung der Einsamkeit und der Unbefriedigung präsentiert, bis er im Ekel
1713 1889 3022 1956 traut dem Maler und dem Dichter. Er muß viele blühende Hoffnungen,
405 1911 1712 1980 sich selbst beseitigt. An zwei Spielarten hat der Wiener Dichter diesen
1713 1935 3029 2019 die er einst gehegt, begraben, auch sein Alter wird einsam sein — doch
407 1953 1704 2025 Typus des Egoismus als Lebenszweck charakterisiert. Stefan von Sala
1710 1971 3020 2052 er hat sich einen Freund erworben in dem Sohne, der nicht der seine ist:
393 1998 1716 2076 und Julian Fichtner sind die Träger. Sala, der reiche Dichter und
1722 2018 3035 2092 Felix tritt an seine Seite, und in aller seelischen Erschütterung legt sich
396 2045 1718 2114 Kosmopolit, erklärt dem Kameraden, der Maler ist, mit rückhaltlosem
1712 2066 3035 2129 die verehrende Liebe des Sohnes wie Balsam auf seine Wunde: „Müssen
406 2084 1719 2150 Cynismus: „Wir haben niemandem gehört. Lieben heißt für jemand
1710 2106 3027 2195 solche Dinge geschehen, daß mir dieses Wort: Vater! klingt, als hört
397 2125 1707 2215 andern auf der Welt sein. Ich sage nicht, daß es ein wünschenswerter
2156 2155 2207 2214 40
1712 2152 2180 2243 ich's zum ersten Male?“
411 2162 1724 2231 Zustand sei, aber wir waren beide sehr fern davon. Es mag allerlei
1786 2187 3033 2261 Schnitzlers Dichtung ist ein seines Geflecht, reich an poctischen Tref¬
403 2210 1726 2292 Lustiges, Verlogenes, Zärtliches, Gemeines, Leidenschaftliches sein, das
1713 2238 3036 2329 fern, ebenso reich an geistvollen Epigrammen. Aber es wird einen dor¬
410 2239 1729 2328 unsereiner als Liebe ausgibt, aber Liebe ist es doch nicht. Haben wir
1723 2281 3036 2353 nigen Bühnenweg haben; vieles ist für das Theater zu zarte Pastell¬
406 2295 1716 2377 jemals ein Opser gebracht, von dem nicht unsere Sinnlichkeit oder unsere
1721 2325 3028 2391 tönung, manche tatsächliche Unklarheit der Linie kommt dazu, und minde¬
414 2345 1720 2413 Eitelkeit ihren Vorteil gehabt hätte? Haben wir je gezögert, anständige
1720 2349 3039 2451 stens zwei recht ungeschickte Aktschlüsse. So war der Erfolg im Deutschen
406 2388 1722 2461 Menschen zu betrügen oder zu belügen, wenn wir dadurch um eine
1728 2414 3034 2489 Theater ein magerer, die Arbeit des durch die „Liebelei“, die „Lebendigen
410 2432 1717 2500 Stunde des Glücks oder der Lust reicher werden konnten? Haben wir
1730 2465 3027 2523 Stunden" und „Der Schleier der Beatrice“ anerkannten Dramatikers,
412 2473 1722 2559 je unsere Ruhe oder unser Leben aufs Spiel gesetzt, nicht aus Laune oder
1719 2492 3031 2564 der zu unseren tüchtigsten zählt, hatte eigentlich ein besseres Los ver¬
407 2514 1730 2605 Leichtsinn, nein, um das Wohlergehen eines Wesens zu fördern, das sich
1734 2532 3038 2616 dient. Die Aufführung war sorgsam vorbereitet; Albert Basser¬
407 2558 1727 2624 uns gegeben hatte? Und glauben Sie, daß wir von einem Menschen
1735 2568 3042 2659 mann holte sich den ersten Preis als Sala, er schuf eine Figur, die
421 2605 1731 2679 irgend etwas zurückfordern dürften, ein Stück von unserem Wesen, das
1736 2623 3032 2701 sich so wenig wird vergessen lassen, wie sein Isidor Lechat dieser Saison.
412 2641 1734 2709 wir wirklich an ihn verloren hätten, ohne uns gleich dafür bezahlt zu
1732 2674 3033 2739 [Else Lehmann war prachtvoll in ihrer goldenen Laune als Irene,
410 2690 1730 2760 machen? Wir haben die Türen offen stehen und unsere Schätze sehen
1726 2721 3046 2800 Oskar Sauer gewissenhaft, aber zu nüchtern als Wegrath; Hed¬
413 2730 1729 2826 lassen — aber Verschwender sind wir nicht gewesen. Ich bin etwas weni¬
419 2756 3051 2850 ger wehleidig als Sie, das ist der ganze Unterschied. In unserer tief=swig Pauly brachte das Kranke im Wesen Gabrieles wirksam heraus.
1732 2806 3048 2882 [Rudolf Rittner, dem die Rolle des Fichtner nicht recht „lag“,
417 2819 1730 2900 sten Seele wissen wir immer, woran wir mit uns sind.“ Fichtner, dessen
1740 2842 3043 2919 kämpfte nicht immer erfolglos gegen seine Natur an, Kurt Stieler
425 2866 1728 2929 Konto zunächst am schwersten belastet erscheint, hat in jungen Tagen
1740 2881 3044 2965 (Felix) tat in den letzten Akten manchen glücklichen Fang, und Irene
426 2916 1736 2978 Gabriele geliebt; aus Egoismus, um sein Leben nicht festzulegen, hat er
1732 2931 3055 3007 [Triesch, die keinen guten Abend hatte, mühte sich redlich an der
421 2952 1733 3017 sie sitzen lassen, sie wurde seines Freundes Gattin. Felix, das älteste der
1736 2972 3055 3045 visionären, der Idee der Seelenwanderung huldigenden Johanna, deren
419 3005 1732 3053 beiden Kinder des Kunstakademiedirektors Wegrath, ist Fichtners Sohn.
423 3065 3055 3108 Frau Gabriele hat das Geheimnis ihres Lebens dem Gatten niemals rätselvolle Gestalt sie uns so wenig nahe zu bringen vermochte, wie
2475 3069 3021 3127 Theodor Kappstein.
1735 3075 2351 3165 dies dem Dichter gelungen war.
435 3080 1741 3149 geoffenbart, nur ihren Hausarzt weiht sie ein, bevor sie ihrem organi¬
423 3125 1752 3215 schen Leiden erliegt, auch Felix hat sie am letzten Abend ihres Lebens
434 3166 1757 3247 eine Andeutung gemacht. Denn Fichtner erfaßt nach Jahren ruhelosen;
435 3214 1758 3277 Wanderns die Sehnsucht nach einem Glück, das er ohne Pein sein eigen
431 3251 1767 3336 nennen könnte. Er eröffnet Felix, daß er sein Vater ist, um den jungen
428 3291 1763 3361 Offizier, den er liebt, an sich heranzuziehen, und empfängt die Antwort:
439 3341 1761 3426 „Ihr Sohn — es ist nichts als ein Wort. Es klingt ins Leere. Sie sind
428 3384 1761 3445 mir fremder geworden, seit ich es weiß.“ Auch seine spätere Geliebte
507 3429 1765 3494 eine von vielen —, die temperamentvolle ehemalige Schauspielerin
437 3470 1766 3544 Irene Herms, die sich in die Stille des Landlebens zurückgezogen hat,
445 3516 1767 3588 trägt diese ungestillte Sehnsucht nach dem eigenen Kinde. An seinem
436 3544 1769 3641 bequemen Egoismus hat sie sich, unheilbar für beide, tiefer verloren.
435 3598 1770 3658 Sein Widerspiel ist Stefan von Sala, der Frau und Kind begraben hat.
440 3645 1773 3725 Er ist ein überlegener Europäer, klug, unabhängig und kühl. Er will mit
433 3686 1762 3770 einer Expedition nach Asien gehen, um sich an den baktrischen und medi¬
445 3735 1772 3818 schen Ausgrabungen zu beteiligen; da die Gegenwart immer wieder Ver¬
434 3772 1764 3851 gangenheit wird, will er, ein Lebekünstler, die Vergangenheit sich ver¬
447 3848 1770 3903 gegenwärtigen und aus der Tiefe aus Licht rufen, seine Zeit voll aus¬
440 3853 1775 3942 genießend bis auf den Rest. Felix soll ihn begleiten als militärischer Bei¬
449 3896 1772 3991 stand der Truppe, und Johanna Wegrath bietet er an, als seine Frau
446 3945 1771 4017 ihm gleichfalls nach Baktrien zu folgen. Johanna ist eine Ibsensche Figur
448 3992 1771 4068 in dem Stück; sie hat einen hellseherischen Blick, der sie an das künftige
454 4042 1786 4131 Aahel bannt; sie haßt die kranke Mutter, wie sie jeden haßt, der auf ihr
