3436 4256
1394 199 1860 306 bor 23/1
779 225 965 291 nSam
239 223 1251 334 18. Der e Neg
747 953 1204 1047 Telephon 12801.
376 1042 1587 1141 Alex. Weigl’s Unternehmen für Zeitungs-Aussohnitte
1261 1115 1532 1215 " Ausschnitt
1355 1146 1649 1263 Nr. 71
372 1151 1297 1267 N 105 „OBSERVEN
270 1264 1695 1325 I. österr. behördl. conc. Bureau für Zeitungsberichte u. Persenalnsehriekten
519 1310 1447 1394 Wien, I., Concondiaplatz 4.
264 1378 1741 1443 Vertretungen in Berlin, Budapest, Chicago, Genf, London, Newyork, Paris. Ron.
625 1431 1350 1503 Stockholm, Kristiania, St. Petersburg.
246 1552 1562 1658 Ausschnitt aus: Dresdner Anzeiger
268 1708 858 1822 vorde (6/2 /10
429 1853 1545 1956 * Berliner Theaterbrief. Man schreibt uns aus Berlin,
357 1926 1540 1986 13. Februar: Der heutige Abend brachte zwei Neuaufführungen,
358 1971 1554 2027 die ein ungleiches Schicksal hatten. Im Deutschen Theater
355 2017 1555 2064 wurde Arthur Schnitzlers neuestes Bühnenwerk, das feine
365 2055 1552 2116 und tiefnachdenkliche, leider aber nicht überall klare und bühnen¬
363 2107 1570 2160 wirksame fünfaktige Drama Der einsame Weg nur mit ge¬
355 2141 1563 2194 teiltem Beifall ausgenommen, wie denn auch der Charakter des
364 2185 1551 2246 Werkes, in dem es sich um Lebensanschauungskämpfe handelt
367 2235 1551 2295 und eine neue ernste und kraftvolle Auffassung des Lebens sicht¬
354 2283 1556 2340 bar wird, den lauten Erfolg ausschließt. Immerhin hätte man
353 2323 1557 2378 der Dichtung ein verständnisvolleres Publikum gewünscht, zumal
368 2365 1555 2429 auch die Aufführung die besten Kräfte des Deutschen Theaters
363 2415 1559 2468 ins Feld stellte. Im Berliner Theater feierte, in krassem
381 2459 1669 2525 Gegensatz zu der für das Publikum nicht eben ehrenvollen lauenselusire
271 2453 364 2512 Für
362 2500 1635 2553 Aufnahme des Schnitzlerschen Dramas, ein rührseliges Theater=dorto.
364 2539 1661 2588 stück von Fritz Skowronnek Waterkant einen rauschendenahlbar
365 2585 1697 2640 Triumph, und das Publikum ging so lebhaft mit, daß, als im Voraus.
367 2631 1693 2703 letzten Akt der Tod einer im ersten Akt besonders sympathisch ist da¬
368 2670 1699 2735 geschilderten Person gemeldet wird, ein allgemeines Bedauern#### der
266 2705 369 2757 Abor
369 2717 1590 2777 mit dem wackeren Manne im Zuschauerraume laut wurde.g.
279 2752 1565 2806 Adot Skowronnek meint es ganz ehrlich, wie es auch die meisten Ver¬
353 2798 1697 2872 fasser von rührenden Familienromanen ehrlich meinen. Er kämpftsend die
268 2844 1702 2912 Inha mit wackerer Gesinnung für seinen Helden, einen jungen Marinesorgen¬
269 2894 1690 2947 blä offizier, der mit Leib und Seele an seinem Berufe hängt undzeitung“)
281 2940 1693 2996 rod durch die zärtlich=ängstliche Fürsorge seiner Mutter zur Auf=haftliche
283 2973 1702 3037 Lebe gabe seines Berufes überredet wird, als sein Vater plötzlichie#e Ai#¬
286 3026 1557 3080 theil den Seemannstod gestorben ist. Der Kampf um den Beruf
377 3061 1557 3136 bildet für die letzten beiden Akte das Thema des Stückes.
362 3120 1558 3176 Manches hübsche ehrliche Wort zum Preise der Waterkant und
365 3154 1561 3212 Deo=Vermannsberuses wird gesprochen, auch ein flotter und herz¬
361 3200 1558 3255 hafter Humor kommt zu Wort, namentlich im ersten Akte, der
363 3245 1557 3283 an Bord des „Iltis“ im Hafen von Port Said spielt und uns
368 3281 1557 3354 auch eine Instruktionsstunde vorführt. Es ist nichts überwältigend
358 3322 1550 3384 Neues in diesem Schauspiele, das einen ernsten Maßstab nicht
369 3381 1551 3436 verträgt. Da das Stück auch gute Rollen enthält, wird es seinen
368 3418 1559 3462 Weg machen. Immerhin bleibt es sehr beachtenswert, daß in
358 3459 1549 3530 dem ganzen großen Theaterraume auch nicht eine einzige ab¬
363 3502 1545 3562 lehnende Stimme laut wurde: war man überall mit so geringen
364 3552 1559 3621 Erwartungen gekommen, daß man gar nicht daran dachte, einen
372 3582 1557 3646 künstlerischen Maßstab anzulegen, oder aber merkte man nicht,
365 3639 1556 3709 daß man im seichtesten Wasser schwamm? Ich glaube das
366 3688 533 3756 letztere.
2251 1045 2718 1141 Telephon 12801.
1831 1132 3097 1235 „ Alex. Weigl’s Unternehmen für Zeitungs-Ausschnitte
2727 1197 3041 1292 # Ausschnitt
2877 1252 3117 1352 Nr. 76
2121 1256 2797 1341 „OBSEHVEN
1762 1329 3219 1407 L. österr. behördl. conc. Bureau für Zeitungsberichte u. Personalnachrichten
2035 1398 2948 1484 Wien, I., Concondiaplarz 4.
1771 1476 3214 1531 Vertretungen in Berlin, Budapest, Chicago, Genf, London, Newyork, Paris, Rom.
2132 1519 2840 1585 Stockholm, Kristiania, St. Petersburg.
1764 1632 2928 1733 Kassene as ec uche
2260 1739 3249 1845 Jandesheiiune Dratennwoweg
1778 1786 2155 1886 vom: %
2016 1768 2243 1968 7
1959 2187 2945 2265 #Kunst, Wissenschaft und Leben.
1982 2239 3083 2318 /Berlin, 114. Februar. (Halber Durchfall.) Schnitzlers
1962 2298 3047 2353 Schauspiel „Der einsame Weg“ fand bei seiner Erstauf
1962 2353 3052 2397 führung im Deutschen Theater am Sonnabend nur eine laue
1971 2386 3089 2432 Aufnahme, die auch nicht ohne Widerspruch blieb. Es fehlt
1971 2425 3071 2468 dem Drama bei vielen stimmungsvollen Szenen an der rech¬
1959 2450 3084 2505 ten Klarheit; die Handlung ist nicht schlicht genug aufgebaut,
1968 2506 3078 2555 es überwuchert die Reflexion. Der einsame Weg ist der Weg
1786 2527 3188 2592 Für 50 derer, die nie Opfer zu bringen fähig sind. Der Sohn ers#ive
1890 2581 3142 2644 100 fährt, daß der Mann, der der Gatte seiner Mutter ist unds1o.
1888 2602 3159 2680 200 der ihn auferzogen, nicht sein Vater ist; er wendet sich trop=bar
1873 2651 3211 2717 500 dem im entscheidenden Augenblick ihm zu und von seinemsoraus.
1869 2687 3039 2745 1000 leiblichen Vater ab. Dazu eine Parallelhandlung, die d
1815 2721 1863 2778 „
1901 2745 3216 2798 Im Schwester einem anderen Einsamen in die Arme und dauligt das
1983 2768 2326 2821 in den Tod führt.
3048 2781 3208 2844 des den
1780 2789 2264 2840 Abonnene
1795 2806 3096 2893 Abonnenten frei die aufgegebenen Themen zu ergänzen oder zu ändern.
1893 2874 3215 2964 Der „OBSERVER“ veranstaltet täglich einen Auszug enthaltend die
1794 2944 3210 2997 Inhaltsangabe aller wichtigen Mittheilungen der Wiener Morgen¬
1796 2978 3206 3032 Plätter (Tagesjournale ausser „Neue Freie Presse“ und „Wiener Zeitung“)
1809 3022 3223 3077 wedurch eine Uebersicht über das gesammte politische und wirthschaftliche
1811 3066 3214 3119 Leben des In- und Auslandes in drastischer Kürze geboten wird. Diese Mit¬
1800 3106 2812 3180 shailungen werden in Wien um 9 Uhr Früh verschickt.
2113 3180 2872 3256 Prospecte gratis und franco.
2258 3240 2821 3292 Quellenangabe ohne Gewähr.
