3484 4256
1450 212 1903 299 box 23/3
1111 221 1164 285 W
296 225 1283 334 18. Deei
1167 497 1487 605 Telephon 12.801.
1857 609 2240 708 Telephon 12801.
643 594 1354 743 „OBSERVER
2638 692 2798 771 51
462 712 1567 808 I. österr. behördl. konz. Unternehmen für Zeitungs-Ausschnitte
2043 721 2743 819 „UBSERVER
651 781 1393 867 Wien, I., Concordiaplatz 4.
1834 798 2963 879 I. österr. behördl. konz. Unternehmen für Zeitungs-Ausschnitte
863 840 1189 904 Vertretungen
2036 856 2777 933 Wien, I., Concordiaplatz 4.
476 863 1580 955 in Berlin, Basel, Budapest, Chicago, Cleveland, Christiania,
2260 933 2572 988 Vertretungen
472 940 1568 983 Genf, Kopenhagen, London, Madrid, Mailand, Minneapolis,
479 962 1573 1029 New-Vork, Paris, Rom, San Francisco, Stockholm, St. Peters¬
1852 959 2961 1027 in Berlin, Budapest, Chicago, Christiania, Genf, Kopenhagen,
882 1013 1175 1069 burg, Toronto.
1864 1018 2948 1077 London, Madrid, Mailand, Minneapolis, New-Vork, Paris, Rom,
784 1025 1249 1118 (Quellenangabe ohne Gewähr.
2023 1056 2786 1126 San Francisco, Stockholm, St. Petersburg.
2201 1097 2616 1159 (Quellenangabe ohne Gewähr.)
468 1100 943 1197 Ausschnitt aus:
1012 1117 1317 1203 20 5. 1906
2183 1138 2999 1271 ner Hausfrauen Zeitung, Wien.
1856 1164 2282 1258 Ausschnitt aus:
488 1187 1387 1284 vom Münchner Neueste Nachrichten
2068 1235 2380 1331 20. 5. 1916
1856 1287 2026 1342 vom:
544 1293 1482 1379 Das Gastspiel des Berliner Lessing¬
1098 1357 1467 1422 ßlers „Einsa¬
544 1354 970 1425 [Theaters brachte
540 1363 1469 1466 imen Weg“ mit lebhaften ###d noch grö¬
2076 1402 2788 1491 Kleine Theaterplandereien.
551 1430 1465 1483 ßerem inneren Erfolge zur Aufführung. Die Dar¬
546 1476 1481 1517 stellung störte an wichtigen Stellen durch Unzu¬
2711 1460 3139 1533 Wien, 18. Mai 1906.
540 1498 1484 1568 jänglichkeiten: allein die sille, Glasse Schönbeit des
1805 1522 3159 1605 Die Berliner brachten zu Beginn dieser Woche das Schauspiel „Der
552 1556 1478 1634 Schauspiels, der Dust seiner adeligen Stimmun¬
1704 1585 3172 1660 einsame Weg“, eine fünfaktige Rätselaufgabe Schnitzlers, zur Aufführung, dessen
548 1624 1481 1676 gen, die herbstliche Melancholie seiner Lebensdäm¬
1698 1633 3162 1693 Lösung dem anwesenden Publikum trotz eifrigen Nachdenkens nicht gelungen ist.
545 1661 1473 1718 merungen packte die Hörer wie mit zarten und
1709 1700 3169 1745 Der Dichter blieb vom Anfange bis zum Schlusse unverstanden, weil sich die
547 1706 875 1773 felten Händen.
1709 1728 3172 1812 Zuschauer inmitten der mystischen Verwirrung, die seine Muse anrichtet, beim
1699 1781 3157 1849 besten Willen nicht zurechtfinden konnten. Das treffliche Ensemble des Lessing¬
667 1794 1393 1891 W
1487 1835 1594 1899 —
1706 1821 3170 1894 Theaters mit Else Lehmann, Albert Bassermann und Emanuel Reicher an der
1096 1856 1226 1954 500
1717 1867 3170 1943 Spitze bemühte sich ebenso eifrig wie vergeblich, der dunklen Rede Sinn dems
1713 1918 3169 1987 Publikum verständlich zu machen. Der laute Beifall, der nach den Aktschlüssen!
1699 1966 3161 2050 tobte, galt lediglich der Darstellun, für das Drama fehlte selbst der zahlreichen
1710 2015 2516 2090 Schnitzler=Gemeinde die nötige Beeisterung.
1898 2414 2264 2499 Telephen 12301.
1192 2496 1561 2583 Telephon 12801.
2088 2476 2776 2626 „OBSERVER
1339 2583 1457 2662 15
1904 2597 3026 2682 I. österr. behördl. konz. Unternahmen für Zeitungs-Ausschnitte
690 2595 1391 2699 „UBSERVER
2106 2652 2827 2759 Wien, I., Conoordiaplatn 4.
495 2680 1604 2755 I. österr. behördt. konz. Unternehmen für Zeitungs-Ausschnitte
2316 2727 2623 2798 Vertretungen
687 2744 1429 2819 Wien, I., Concordiaplatz 4.
1912 2748 3019 2839 in Berlin, Budapest, Chicago, Christiania, Genf, Kopenhagen,
909 2806 1227 2875 Vertretungen
1903 2823 3022 2886 Lendon, Madrid, Mailand, Minneapolis, New-York, Paris, Rom,
2096 2856 2852 2921 San Francisco, Stockholm, St. Petersburg.
504 2830 1622 2909 in Berlin, Budapest, Chicago, Christiania, Genf, Kopenhagen,
2263 2898 2686 2970 (Qustienangahn ehne Gowkhr.)
506 2903 1617 2965 London, Madrid, Mailand, Minneapolis, New-York, Paris, Rom,
684 2941 1436 3005 San Francisco, Stockholm, St. Petersburg.
845 2979 1262 3046 (Quellenangabe ohne Gewähr.)
1913 2966 2978 3079 Ausschnitt aus Die Wespen, Wien
2135 3051 2439 3120 23 5. 1906
518 3043 933 3146 Ausschnitt aus:
1195 3030 1653 3161 ges Zeitung, Wien
1921 3096 2069 3149 vom:
806 3119 1109 3216 21. 501906
517 3155 682 3217 vom:
951 3196 1094 3261 S
516 3194 1596 3322 (Theater an der Wien.) Das Gastspiel des Lessing=Theaters=
1964 3266 3049 3342 Die Berliner Schauspieler führten im Theater
402 3281 1592 3351 brachte in der vergangenen Woche Schnitzl###-Drama „Deri
1870 3326 3033 3384 a.d. Wien Schnitzlers „Der einsame Weg“ auf. Die
404 3303 1585 3398 einsame Weg“. Eine sehr feine, stellenweise vielleicht zu feine
406 3349 1582 3447 Studie über die seelische Not des Egoisten, der aus einem besonderen
1870 3380 3036 3432 Direktion Wallner=Karczag befand sich schon
411 3386 1577 3481 Räsonnement sich zur uneingeschränkten Ich=Sucht verpflichtet hält.
413 3426 1573 3514 Das Drama Schnitzlers verwirrt durch manche Unklarheit, doch kann
1865 3444 3035 3508 früher auf dem einsamen Weg, wohin das Publikum
422 3462 1577 3557 man sich dem melancholischen Zauber, der über die fünf Akte gebreitet
1876 3497 2263 3578 nicht folgen will.
423 3508 1587 3592 ist, sowenig entziehen, wie der unerbittlich pessimistischen Logik des
426 3541 1580 3652 Dichters. Schnitzlers Kunst des subtilen Dialogs versagt auch hier
420 3583 1590 3688 nicht; nur scheint es manchmal, als ob die redenden Personen zu sehr
420 3636 1592 3736 von der Bedeutung und Gewichtigkeit ihrer Rede durchdrungen wären.
418 3664 1587 3753 Leider fehlen dem Stück auch fast völlig die helleren Kontrastlichter,
421 3699 1592 3810 wodurch eine gewisse Monotonie der Düsterkeit erzielt wird. „Der
431 3741 1585 3842 einsame Weg“ wird von den Herren Bassermann, Sauer und
423 3779 1603 3867 Stieler vortrefflich gespielt. Frau Trient ist als entsagende, den
430 3815 1601 3919 Tod suchende Hypersensible nicht recht in ihrem Element, und Hert
434 3845 1617 3954 Reicher ist unzulänglich. Der Premierenabend brachte dem Dichter
418 3942 751 4014 Waße Ehrungen.
