3436 4256
150 88 1529 172 zu deu Kelet surzt. Ste lmtie snig mrte nriit „rei
163 139 1545 220 dem totkranken Herrn v. Sala, eingelassen. Dieser Sala aber ist gleich
163 192 1535 263 Fichtner von der Art jener Menschen, die stets ihren „einsamen Weg“
156 239 1556 305 #verden gehen müssen, weil sie nicht fähig sind, sich die Liebe der
161 300 1540 353 nderen — und stünden sie noch so nahe — durch ein Opfer zu er¬
150 347 1543 416 aufen. Mit diesen wenigen rohen Linien seien die Gestalten jenes Schau¬
174 392 776 466 spiels in Erinnerung gebracht.
254 412 1548 494 Es ist übrigens ganz merkwürdig — wir haben es erst kürzlich
153 483 1549 549 gehört — daß das Schauspiel „Der einsame Weg“ eigentlich die
173 523 1551 602 Keime der späteren Dichtung „Professor Bernhardi“ enthält. Die Wieder¬
1601 55 1972 151 en eren
1554 132 2958 176 höchst vernünstige kritische Bemerkung, Burckhard hätte besser getan,
1570 170 2964 239 statt sich persönlich dem Publikum zum Kampfe zu stellen, lieber mit
1557 225 2963 291 seiner berühmten Willenskraft den einzelnen Schauspieler zu laden
1560 257 2963 318 und dann mit dieser ganzen Batterie gegen das Publikum aufzufahren.
1565 315 2956 373 So wie wir es soeben beim Theaterfeldherrn Brahm beobachtet haben.
1661 365 2961 432 Nun sind die beiden Theaterleiter tot, die das größte Verdienst
1557 416 2955 468 um die Geltung Artur Schnitzlers auf der Bühne seiner Zeit sich er¬
1562 464 2974 524 worben haben: Burckhard, der ihm die Hofbühne eröffnet hat, noch
1562 512 2975 600 dazu mit einem Wiener Vorstadtdrama, der „Liebelei", und Brahm.
1593 564 3015 641 der ihn hochhielt, wenn ihn das Burgtheater fallen gelassen hatte. An
1589 626 3010 675 beider Wirken hat sich eine Literatur geknüpst. Kürzlich ist z. B. eine
1589 662 3018 743 Sammlung der kritischen Aufsätze Brahms erschienen. Auch für die
1588 715 3014 783 Publikation seiner Briefe wird die Zeit kommen. Schnitzler speziell
1591 775 3013 832 besitzt einen dicken Stoß Brahmscher Briefe, von denen viele — man
1583 822 3014 881 will's gar nicht glauben, weil der Mann sich doch immer so trocken¬
1584 861 3031 916 nüchtern gegeben hat — voll Humor stecken sollen. Aber in der
1581 906 3012 973 posthumen Literatur ist unser Burckhard seinem großen Berliner
1593 968 3016 1022 Kollegen und Konkurrenten entschieden über. Der Reichsdeutsche war
1583 999 3020 1062 der größere Künstler, unser Landsmann der interessantere Mensch.
1593 1063 3012 1117 Deshalb hat Otto Brahm auch nicht seinen Hermann Bahr gefunden.
1708 1112 3014 1161 Da schildert Burckhards Porträtist z. B., wie sein Held Rad¬
1593 1137 3013 1209 fahren gelernt hat. Von dem Grundsatz ausgehend, alles so zu
1586 1206 3010 1266 machen, wie es für ihn selbst taugt und nicht, wie es andere
1584 1243 3017 1300 vor ihm zu ihrem eigenen Gebrauch und Nutzen gemacht haben,
1587 1291 3006 1347 lehrte Burckhard das Radfahren sich selbst, denn er mußte nun
1589 1341 3013 1421 einmal alles, das Größte und das Kleinste, selbst von vorne an¬
1596 1386 3000 1459 sangen, ohne jemanden zu fragen. Also nahm er das Rad, saß auf,
2237 1449 3014 1505 fiel wieder um — so lange, bis er
1585 1448 2145 1513 fiel herab, saß wieder auf
1585 1481 3006 1545 nach drei Stunden schweißbedeckt das Gleichtgewicht fand, oben blieb
1581 1534 3016 1605 und Radfahren konnte. Dann nahm er den Schlüssel, drehte die
1582 1592 3010 1660 Schrauben auf, zerlegte das Rad und dachte nach, bis er herausfand,
1581 1632 3025 1687 es ungefähr wieder zusammenzusetzen. So entdeckte er sein eigenes
1597 1682 3009 1749 Radfahren. Er fragte nie: „Wie macht man das?", sondern er
1599 1724 3020 1804 fragte sich: „Wie machst iiu das?“ Ganz so nun, wie es Burckhard
1596 1776 3013 1843 mit seinem Rad getan, micht es Hermann Bahr in seinem Büchlein
1587 1827 3025 1907 mit Burckhard. Er zerlegt ihn vor unseren Augen, legt das letzte
1581 1874 3016 1927 Kugellager bloß, schraubt ihn wieder zusammen und läßt ihn dann
1582 1919 3018 2004 in seiner ganzen Feschheit an uns heranfahren, so daß wir glauben,
1595 1973 2997 2044 er müsse im nachsten Augenblick absitzen, „Ich habe die Ehre!“
1587 2012 3015 2091 sagen, mit uns zu plaudern beginnen und über irgend etwas lachen
1583 2071 1914 2145 und schimpfen.
1716 2104 3018 2181 Wäre Max Burckhard 1904 noch Direktor der Hofbühne gewesen
1584 2180 3013 2235 — Schnitzlers Schauspiel „Der einsame Weg“ wäre nicht erst zehn
1594 2215 3009 2284 Jahre nach seiner Berliner Premiere ins Burgtheater gekommen. Als
1586 2264 3007 2326 Dr. Freiherr v. Berger die Kanzlei auf dem Franzensring bezeg,
1589 2333 3015 2384 sprach er manchmal davon, demnächst entweder den „Schleier der
1592 2355 3011 2415 Beatrice“ (wobei mancherlei Besetzungsschwierigkeiten zu bewältigen
1600 2423 3018 2471 gewesen wären) oder den „Einsamen Weg“ herauszubringen. Die Er¬
1600 2468 3019 2521 füllung dieser Absicht blieb ihm, wie so vieles andere, versagt. Nun
1605 2509 3022 2584 hat sich Thimig für das zweitgenannte Schauspiel entschieden. Die
1607 2571 3020 2633 Regie führt Herr Devrient, der zugleich den Fichtner gibt, den Pro¬
1605 2617 3011 2675 fessor Wegrath gibt Herr Paulsen, seine Gattin Gabriele Frau
1597 2660 3014 2737 Haeberle, den Felix Herr Gerasch, die Johanna Fräulein Wohlgemuth,
1598 2702 2760 2768 die Herms Frau Bleibtreu und den Sala Herr Walden.
1717 2754 3012 2813 Wir haben vorhin der unglücklichen Wirkung erwähnt, die seiner¬
1725 2789 3011 2869 — im Gegensatze zum späteren Wien — der Ausgang des
1594 2805 1708 2873 zeit
1599 2858 3016 2916 vierten Aktes auf die Berliner geübt hat. Der Gedanke, nach dieser
1597 2889 3030 2962 Erfahrung den Aktschluß zu ändern und solcherart das Stück
1610 2959 3021 3011 „gefahrlos“ zu machen, lag nahe und mochte dem Verfasser auch
1604 3004 3016 3057 vielfach nahegelegt worden sein. Wie viele bekannte Bühnendichter
1596 3041 3019 3108 haben schon solcherart das Publikum zum Danke dafür, daß es das
1598 3086 3028 3152 Stück „angeblasen“ zum Mitarbeiter desselben Stückes erhoben!
1604 3140 2940 3209 Aber Artur Schnitzler hat derartige Insinuationen stets von sich
1605 3185 3035 3256 wiesen. Ein Stück sollte lier; durchfallen, aber ganz von ihm
1902 3233 2922 3307 sein. Das k mnte ihm doch Befriedigung
1605 3239 1891 3310 mußte es
1604 3283 3041 3359 währen. Aber ein Publikum rfolg nach oder vielleicht auch
1600 3343 3040 3403 durch Annahme eines fremden Ratschlages, von einem klugen:
1605 3376 3033 3442 Regisseur, einem besorgten Direktor oder dem bestmeinenden
1598 3425 3029 3495 Freunde ausgeheckt — derlei hätte ihm keinen Spaß gemacht. Er
1604 3473 3026 3545 gleicht in solcher Keuschheit seinem Freunde und Förderer Burckhard.
1606 3531 3029 3590 Hatte der Direktor ein Stück geschrieben, so gab er es Bahr zu lesen.
1608 3577 3028 3647 Der riet nun Burckhard diese und jene Aenderung, die der Autor
1607 3622 3029 3684 sogar klug fand, die auszuführen er aber als unredlich zurückwies.
1612 3675 3025 3739 „Es ist schad,“ meinte er, „daß mir das nicht eing'fallen ist, aber
1613 3714 3026 3784 es ist mir halt nicht eing'fallen!" Bahr fand einmal ein Werk
1608 3769 3014 3832 Burckhards unfertig. Dieser stimmte ihm zu, ließ es aber so und
1598 3817 3020 3877 meinte: „Wenn ein Kind nur eine Haxen hat, ist das ein Malheur,
1597 3862 2994 3926 aber die Mutter kann das Kind leider nicht noch einmal gebären!“
1605 3903 3031 3981 Und Stücke „mit künstlichen Haxen“ könne er nun einmal nicht
1610 3969 1837 4035 ausstehen.
1729 3984 3016 4092 Wie viele Komödien aber haben wir seither auf Bandagisten¬
2892 4051 2983 4130 St.
1617 4064 2416 4141 krücken über die Bühne humpeln sehen!
