3484 4448
1070 234 1137 316 W
1406 242 1858 342 box 23/1
247 248 1264 358 18. Der einsane-eß
988 541 1835 632 Les daporens Ccnundchanerclicer—
177 556 944 633 1y a-til de ## Loves qui soient
949 600 1507 643 avecune extrömé lenteur.
163 618 933 677 kpliquer proprement le sens du mot
990 616 1966 694 Une brigade d’infanterie, appuyée par de l’artille¬
172 657 937 721 1 viendra donc un moment ou les Fran¬
952 668 1969 718 rie, a été aux prises avec de la cavalerie russe à Da¬
948 698 1979 767 line, le 20 septembre. L’engagement semble avoir
157 704 937 756 sont plus du tout ce que vondront dire
959 754 1132 808 été vik.
169 752 934 802 Is auront le plus souvent l’occasion de
994 753 1969 852 Le quartier général de Kuroki est près de Bensi¬
165 787 934 869 es mots servant à désigner des inven¬
963 920 1980 1004 meilleure si le jeune homme ne se plaçait pas
179 933 948 1006 is lequel retentissent les derniers
970 988 1979 1050 de facon si claire et si critique en face des ses
167 997 940 1059 douce valse viennoise. Mais ses per¬
960 1027 1981 1105 instincts, puisqu'il aurait pu sauter à la gorge
162 1043 950 1099 edansent plus, peut-étre parce que
969 1078 1528 1134 du séducteur de sa mère.
174 1082 951 1144 ont trop dansé; ils sont tres fati¬
1003 1104 1973 1168 Mais méme les lieutenants de Schnitzler sont
161 1121 957 1200 brudents et préfèrent vivre dans le
965 1150 1978 1213 si prudents qu’ils raisonnent sur leur mère,
170 1168 945 1223 dans l’actualité. Choses mortes ré¬
976 1204 1976 1258 comme sur une étrangère qu'ils comprennent
158 1202 956 1290 ie, tel est le titre d’une de ses nou¬
967 1251 1973 1311 parfaitement; il pardonnent volontiers. Le
164 1257 946 1314 peut baisser les rideaux, quand le
978 1290 1978 1356 peintre au tempérament ardent qui aurait vonlu
175 1305 957 1354 frappe à la fenétre, on peut fermer
966 1335 1981 1392 arracher encore à la vie un lambeau de bonheur
168 1340 955 1408 Hlevant le soleil et le printemps
965 1371 1980 1438 a donc perdu son unique espérance. II résiste
191 1378 952 1440 n’ezistent plus. L’äme peut ré¬
966 1419 1981 1487 encore un peu jusqu'à ce que son ami, M. de
206 1425 944 1493 réfractaire à tout ce qui est
965 1464 1978 1529 Sala lui ait expliqué que des hommes comme
172 1468 951 1529 ut ce qui est vivant, elle ne peut
982 1513 1984 1566 eux qui ont été si avares de leur cceur, n’ont pas
163 1519 957 1583 fermer contre le souvenir. Sans
974 1556 1985 1611 le droit de compter sur une affection quelcon¬
163 1561 960 1626 ppelé, il se présente et il nese laisse
969 1599 1976 1660 que; nos folies, nos infamies peuvent rester
174 1605 955 1665 er. M. Schnitzler est un fin connais¬
974 1649 1980 1695 cachées àd’autres, mais pas à nous-mémes. Au
172 1662 957 1714 me moderne, par laquelle, en sa qua¬
969 1687 1974 1757 plus profond de notre äme nous savons tou¬
161 1691 959 1762 imental, il se laisse facilement sé¬
964 1726 1531 1801 jours ce que nous valons.
184 1741 955 1800 toutefois, se laisser tromper. Doux
1004 1755 1978 1830 Enfin ce jouisseur très expérimenté qui a
168 1778 956 1834 cadent viennois, il n’a pas la main
960 1809 1982 1862 l’intelligence si vive pour les choses de la vie,
175 1823 960 1879 reuse pour conduire la lourde ma¬
975 1863 1977 1926 doit encore supporter une catastrophe au déclin
164 1867 948 1923 Fame dans un mouvement ininter¬
968 1901 1991 1963 de son existence, catastrophe qui, par son re¬
161 1915 957 1969 t pourquoi il n’est bien à son aise,
966 1933 1985 1996 tentissement sensationnel, blesse son goüt
176 1956 947 2019 eurs aussi, que quand il peut laisser
969 1991 1981 2041 discret. Il a des relations avec la fille du direc¬
189 1998 954 2063 s personnages. Alors, observateur
970 2027 1991 2096 teur de l’Académie, ce qui frise presque l’in¬
183 2043 952 2109 il entreméle leurs destinées à l’aide
966 2070 1987 2146 ceste parce qu'il est considéré comme son ami
177 2085 951 2151 suggestives qu'il leur met dans la
973 2112 1986 2189 paternel, et comme la jeune fille, un person¬
169 2133 947 2193 ur cette première raison, ses pièces
970 2162 1981 2221 nage un peu énigmatique, se précipite dans
181 2184 958 2228 d’énergie dramatique; les per¬
973 2218 1990 2273 l’étang de son jardin, il ne restera d’autre
160 2215 950 2286 ont trop savants. IIs ne peuvent
972 2265 1985 2307 ressource à de Sala que de disparaftre lui¬
356 2259 952 2322 souffrir, ce qu'ils n’ont
173 2262 363 2321 dre, ni
972 2285 1989 2345 mème d’une manière élégante. Les deux
162 2308 941 2361 Ablement pensé. Plus ses inven¬
975 2336 1981 2399 égoistes s’enfuient comme des hommes qui ont
174 2350 945 2414 simples, comme dans sa première
972 2380 1979 2452 fait faillite à la vie, de la maison de l’ami qu’ils
171 2393 957 2458 purette, plus on oublie l'absence de
966 2430 1993 2489 ont trompé comme époux et comme père, et
174 2437 953 2498 construction, par suite des artifices
981 2479 1992 2532 on ressent vivement combien les frissons dela
170 2486 879 2539 de sa gräce ct de son amabilité.
969 2505 1976 2566 vieillesse viennent peser sur eux, lorsqu'ils
166 2516 960 2587 Pre pièce. le Chemin solilaire, a é16
968 2554 1986 2627 entrent dans le chemin solitaire. Lhonnéte
160 2569 944 2622 Ent alourdie d’une quantité d’hypo¬
975 2598 1982 2663 directeur est le seul qui soit sorti vainqueur,
175 2623 954 2678 faut plus de temps que d’habitude
962 2642 1983 2717 c’est-à-dire qui ait gagné un fils sur lequel la
175 2656 958 2711 er à goüter la finesse de ses ré¬
969 2687 1982 2753 nature seule ne lui avait donné aucun droit. Et
166 2706 955 2759 Enprincipe, c’est Thistoire tragique
963 2730 1984 2795 la dernière scène sonnerait une fanfare pour la
167 2748 957 2804 mmes vieillissants, qui doivent par¬
971 2776 1984 2850 vertu qui se sacrifie, si Schnitzler ne nous faisait
161 2788 946 2848 emin solitaire jusqu'à leur fin, par¬
976 2820 1979 2891 observer en méme lemps qu'il faut étre tres aveu¬
172 2833 950 2893 t toujours détruit, jamais construit.
978 2873 1377 2935 glepour étre hon.
178 2876 949 2937 Fichtner a séduit la flancée d’un
1012 2880 1983 2968 Dans cette fine comédie, l’épisode dela jeune
172 2914 960 2980 quelque vingt ans, et lorsquc, épouse
970 2952 1983 3006 fille est un sujet de bouleversement, II doit
165 2953 959 3024 Ete direcleur dAcadémie, elle est
975 2993 1976 3065 probablement son origine à cette considéra¬
173 3009 961 3068 svele à son fils Félix, un lieutenant
977 3043 1980 3104 tion que l'’auteur ne voulant pas donner à M. de
183 3057 959 3108 le secret de sa paternité, non pas
972 3081 1985 3141 Sala, qui a les choses les plus sensées à dire,
174 3100 957 3157 timent de remords, mais par simple
957 3126 1982 3184 1 le röle d’un simple raisonneur, a introduit son
164 3141 955 3205 ärce que, frölé par les premiers fris¬
963 3172 1985 3232 personnage dans l’action en la rendant lourde
168 3183 954 3248 pnaux de la vie, la solitude commen¬
961 3218 1994 3293 et diffuse an déiriment de la pièce. C’est ainsi
164 3222 950 3287 er. La scène prend un développe¬
972 3262 1987 3318 que cclle comédie qui fait penser ne donne
159 3280 949 3328 Wraisemblable, parce que, contraire¬
968 3307 1981 3370 pas la meilleure impression, la première fois
174 3313 952 3377 e vieille convention de théätre, la
977 3344 1987 3409 qu'on la voit représenter. II faut l’avoir vue
175 3360 955 3426 voix de la naiure ne se manifesie
970 3391 1985 3450 à plusieurs reprises pour en apprécier la fi¬
185 3397 958 3459 Félix était habituc à considèrer le
965 3439 1994 3487 nesse et la delichtesse psychologique. Nous som¬
175 3441 945 3512 ur comme son père, qui, sans Cgols¬
964 3486 1977 3538 mes habilues à ce que nos meilleurs dramatur¬
172 3480 953 3549 blises devoirs, ct la verité qulil vient
971 3518 1981 3587 ges ne se meuvent pas à Taise sur la scène, atel
174 3539 953 3589 fr n'a pour lui aucun effet, sinon que
965 3565 1986 3620 point que l’habileté technique chez nous est
173 3578 951 3629 Kilestimait et aimait, lui est devenn
175 3628 1849 3684 tranger. Cette scène serait encore j considèrée comme une qualité suspecte.
2654 588 3022 656 ed banls drapen.:
1998 568 2548 647 tovitch, avale valllamment
1999 625 2751 708 à la récente bataille de Qua-fan-gou.
2022 684 3024 755 Le général de brigade Fomine, du détachement
2001 724 3018 790 Orlof, que l’on croyait tué à Liao-Vang, a été seule¬
1986 782 2901 842 ment grièvement blessé. On espère le sauver.
2038 923 3018 982 C’est surtout le public cruellement sévère du
2002 977 3025 1045 & Théätre allemand nqui se plaçait à ce point
2000 1037 3025 1083 de que. C’était un tyran austèrc qui ne suppor¬
2004 1059 3022 1120 tait ri concessions, ni flatteries, et le meilleur
2000 1105 3019 1167 moyen pour lui déplaire était de chercher à lui
2001 1161 3031 1217 plaire. Par l’éducation naturaliste de son direc¬
1995 1189 3029 1244 teur, il avait été habitué à demander au théätre
2007 1234 3024 1289 toujours et toujours un coin de la nature qui
2002 1275 3033 1331 n’avait pas méme besoin d’étre vu à travers un
2009 1334 3028 1376 tempérament et la nature peut étre lourde, pro¬
2001 1372 3030 1418 lixe et confuse. Si une pièce se permettait d’étre
1998 1419 3023 1479 légère, claire, joveuse et méme gaie, on disait:
2043 1456 3029 1514 Elle n’est pas littéraire... On n’allait pas au
2002 1498 3022 1553 théätre pour s’amuser. Cet exclusivisme respec¬
2008 1539 3033 1595 table pouvait se maintenir aussi longtemps que
2010 1575 3039 1640 florissait le naturalisme sévère, aussilongtemps
2002 1626 3027 1694 que l’analyse cruelle d’Ibsen excitait lesresprits
2012 1678 2818 1733 chaque année par une nouvelle pièce.
2050 1690 3030 1777 Enfin, ce public réduisit aussi ses prétentions,
2002 1754 3026 1807 etle directeur profita de cette fatigue pour ac¬
2011 1788 3036 1859 cucillir dans son théätre les petits auteurs qu'il
1997 1842 3030 1898 avait écartés jusqu'alors. On essaya, non sans
1999 1885 3030 1948 succès avec Hermann Bahr, feuilletoniste vien¬
2004 1937 3035 1986 nois, qui cherchait à jouer chez nous le röle de
2003 1969 3028 2037 Jules Lemaitre, qui, comme lui, ne devint dra¬
2005 2018 3035 2074 maturge qu’après hon nombre d’années passées
1995 2062 3024 2124 à la critique. Ce publiciste spirituel a cherché à
2000 2100 3037 2166 indiquer pendant des années à la littérature
1998 2157 3036 2225 allemande la direction du lendemain et du
2001 2183 3033 2248 surlendemain, et comme il avait pour habi¬
1997 2227 3031 2293 tude de fréquenter les cercles littéraires d’Lu¬
1997 2288 3036 2333 rope ou il avait des relations internationales,
1997 2330 3032 2378 il put, à son retour, nous dire chaque fois
1999 2365 3033 2430 ce que l’année suivanie nous apporterait: soit
2001 2421 3030 2467 du naturalisme, soit du mysticisme, soit du
1999 2449 3027 2510 symbolisme, soit de l’art pour l’art ou de l’art
2003 2487 3030 2559 pour le peuple. II acxercé avec énormément
1999 2538 3022 2597 d’esprit celte fonction d’intermédiaire rapide
1995 2588 3015 2637 entre Paris et l’Allemagne, et dans ses innom¬
2006 2644 3023 2692 brables feuillelons il a laissé mainies pages,
1997 2675 3030 2734 dont la souplesse et la facilité d’assimilation ne
1998 2717 3034 2774 sont pas les seuis caractères admirables. Lors¬
2001 2769 3030 2827 qu'il devint dramaturge, quoique la naturc en
2000 2804 3036 2876 eüt fait un feuilletoniste, il'se erca par prudence
2006 2847 3037 2900 une théorie pour excuser le manque de force
1995 2882 3031 2951 eréatrice originale. Après avoir été revéche avcc
1997 2931 3029 2997 le public, il vint lui dire subitement à peu près
2001 2978 3029 3039 ceci: & Lelhcäire est convention; il appartient
2003 3021 3037 3087 à celui qui peut vons amuser pendant trois
1997 3081 3031 3137 heures etque iaisse indifférent ce que vous pen¬
2008 3109 3031 3184 sercz de lundemain et méeme si vons vpenserez. „
2040 3147 3030 3211 Avec sa comédie Le Muftreil üit un ragont
2006 3206 3029 3253 de mets provenant de la cuisine d’lbsen, de Su¬
2008 3254 3039 3301 dermann, de Schnilzler et méme de François
2005 3282 3026 3355 de Curel. Le Maitre est un charlatan qui, sans
2006 3341 3056 3389 avoir des titres officiels, se permet de traiter
2008 3365 3031 3439 des gens malades, et aussi de les guérir, ce quf
1999 3423 3030 3483 était plus grave aux yeux des médecins diplö¬
2000 3466 3037 3526 més. II est trompé par sa femme, comme cela
1998 3497 3034 3569 serait arrivé au docteur Donnat de la Nou¬
1997 3541 3026 3599 belle idole. Mais ce garcon robuste et plein de
1997 3591 3027 3657 tempérament est en méme temps, par une com¬
