3436 4320
1442 302 1883 386 box 23/2
286 303 1329 409 18. Der einsane Neg
1285 588 2119 760 Morgen=Zeitung.
1232 882 2589 954 r. B. Schröder: „Die Veilchensteine des Riesengebirges“. Gäste, sowie
1242 920 2124 990 ##dig Damen der Mitglieder sind willkommen.
1760 1054 2092 1151 Theater.
1341 1173 2582 1249 Lobetheater. Sonnabend, 19. November. „Der einsame
1241 1185 1425 1273 I[Weg“.
1495 1225 2576 1270 Schauspiel in fünf Akten. Von Arthur Schnitzler.
1296 1251 2589 1315 Bei Arthur Schnitzler scheint sich die umgekehrte Wandlung vollziehen
1280 1299 2592 1340 zu wollen, wie bei Arno Holz. Während dieser mit dem Theater pattiert,
1292 1335 2585 1397 beschreitet jener den einsamen Weg, der zu den Höhen der Kunist führt.
1290 1367 2587 1410 Frägt sich nur, ob Jeder sein Ziel erreicht. Holz, der sich den Abstieg
1298 1410 2587 1462 freilich leicht machte, ist in den Niederungen glücklich angekommen.
1284 1450 2578 1490 Schnitzler sehen wir noch im Aufklimmen begriffen, ringend mit den
1263 1488 2581 1529 Atembeklemmungen, die ihm die dünne Luft der Kunstfirnen verursacht.
1291 1520 2573 1568 „Der einsame Weg“ bedeutet keine Vollendung, eher wohl ein Ver¬
1291 1559 2587 1614 sprechen, auß dem sie dereinst emporblühen kann. Das neue Schauspiel
1295 1608 2574 1643 Schnitzlers hat vor allem mit der Szeme so gut wie nichts zu tun, es
1290 1634 2581 1679 ist eine breite, melancholische Réverie, geträumt von einigen Menschen,
1236 1659 1276 1732 n
1278 1679 2577 1732 auf denen das Leben lastet. Man fragt si.h, ob der Dichter nicht besser
1281 1701 2577 1763 getan hätte, sein nocturno con sordini in einen Roman zu komponieren,
1227 1716 1277 1783 8
1286 1756 2576 1802 zu dessen Wesensart der „Einsame Weg“ auch in seiner Technik bis¬
1229 1796 1280 1841 3
1290 1793 2582 1843 weilen hinneigt. Die wichtigere der beiden neben einander laufenden
1285 1827 2583 1884 Handlungen oder vielmehr Situationen entspringt in ganz romanhafter
1285 1870 2582 1908 Weise aus einer Liebesaffäre, die mehr als zwanzig Jahre zurückliegt
1282 1908 2577 1951 und als Lebensbeichte von dem einen Beteiligten erzählt wird. Damals
1236 1885 1274 1954 a
1284 1941 2581 1983 hat der genialische Maler Julian Fichtner wie ein Schurke an einem
1225 1943 1287 1998 e
1240 1985 2584 2039 ejungen Mädchen gehandelt und sie im letzten ontscheidenden Augenblicke
1249 2029 1286 2077 7
1280 2024 2569 2060 unter erschwerenden Umständen sitzen lassen. So liegt die Sache trotz
1279 2060 2563 2106 aller beschönigenden Redensarten, mit denen sich der Beichtende nach¬
1267 2104 2588 2130 sträglich halbwegs entschuldigen möchte. Das Mädchen heiratete nun
1276 2133 2575 2178 leinen parat stehenden Anderen, einen wackeren Brackenburg, an dessen
1278 2167 2577 2212 Seite sie, ohne ihre „Lebenslüge“ durch ein Geständnis abzuwälzen, ein
1285 2201 2576 2249 langes glückliches Dasein führte. Erst, als sie tot ist, unternimmt es
1218 2195 1274 2279 1
1287 2243 2583 2295 Fichtner, seinen in der Ehe des Anderen geborenen Sohn als sein Kind in
1284 2285 2573 2336 Beschlag zu nehmen. Der wilde Don Juan von dazumal ist alt und
1270 2322 2117 2377 müde geworden und er scheut sich
2114 2322 2580 2385 vor der Einsam¬
1280 2353 1646 2410 keit des ihm
1661 2353 2393 2419 noch bevorstehenden Lebensweges.
2439 2366 2566 2413 Nun
1273 2382 2572 2439 möchte er ernten, wo er nicht gesät hat, die Liebe des
1288 2436 2576 2488 Sohnes gewinnen, den er vor der Geburt verstoßen hat. Aber die
1292 2471 2566 2520 Stimme des Blutes schweigt. Vater ist dem aufrechten Jüngling der
1274 2514 2569 2553 Mann, der sein „Vater“ war; ihm fühlt er sich nur noch inniger vereint
1274 2552 2576 2602 durch den späten Anspruch des „Fremden“. Der hier kurz in Anlage
1277 2588 2573 2641 und Lösung geschilderte Konflikt st für das Drama nicht sehr ergiebig,
1262 2626 2586 2674 besonders nicht in der fast schüchtern diskreten Art der Schnitzlerschen
1275 2664 2574 2720 Ausführung, aber doch einfach und menschlich wahr. Schlimmer stehr
1280 2707 2569 2744 es um die zweite Situation des Stückes, die nicht aus der Vergangenheit
1272 2730 2578 2786 emporwächst, sondern lediglich der Gegenwart entspringt. Sie wird
1276 2777 2563 2826 am stärksten geschädigt durch die Skizzenhaftigkeit der weiblichen Haupt¬
1279 2822 2571 2860 figur, deren hysterische Absonderlichkeiten eine breitere Ausführung der
1272 2853 2579 2900 [Gestalt notwendig gemacht hätten, und durch die Seltsamkeit, daß Held
1286 2890 2570 2941 Nummer zwei dem Helden Nummer eins verblüffend ähnlich sieht.
1271 2926 2584 2987 Diesmal ists freilich ein Dichter, kein Maler, ein Witwer, kein Jung¬
1270 2972 2572 3025 geselle. Aber die müde Blasiertheit, die stumpfe Resignation nach einene
1261 3000 2569 3054 Aallzureichlich genossenen Lebensmahle, den brutalen Egoismus und die
1265 3049 2574 3089 [Lust an der selbstgefällig tönenden Phrase hat Herr von Sala mit Julian
1280 3082 2564 3132 Fichtner gemein. Schnitzler ist doch nicht Schöpfer genug, um diese
1273 3115 2572 3172 zwei ganz ähnlich angelegten Gestalten individuell verschieden auszu¬
1251 3147 2569 3222 rbauen. So üben die Zwiegespräche der beiden gleichgestimmten Seelen,
1271 3202 2567 3244 trotzdem gerade hier der Dichter seine feinsten Philosopheme wie ein
1255 3230 2571 3280 Krösus des Geistes ausstreut, eine monotone Wirkung. Die Affäre des
1261 3266 2572 3310 Herrn von Sala, bei der wiederum ein junges Mäbchen, eben unsere
1271 3312 2567 3367 kleine hysterische Seelenwanderungsgläubige und Mondscheintänzerin,
1271 3344 2560 3403 leiblichen Schaden nimmt, wird durch den Selbstmord der jungen
1263 3390 2572 3432 Dame beschlossen. Er findet nirgends eine Motivierung, sicherlich
1263 3424 2569 3462 nicht in dem Heiratsantrag, den ihr der Geliebte kurz zuvor gemacht hat.
1248 3456 2570 3509 Wir müssen den Gang ins Wasser hinnehmen als eine letzte Kaprize des
1242 3503 2558 3545 allzu kapriziösen Fräuleins. Denn wenn auch der geliebte, ältere
1246 3529 2570 3599 Herr krank ist, so liegt doch kein Grund für die romantische,
1250 3571 1885 3628 eblutjunge Dame vor, das
1892 3575 2560 3634 Leben freiwillig zu enden,
1238 3600 2558 3660 lange bevor jener es unfreiwillig enden muß. Dieser interessante
1263 3649 2560 3683 mit allen Reizen eines Romanhelden ausgestattete Herr von Sala ist
1272 3685 2559 3730 sicherlich der feinere, konsequentere Don Juan=Typus von den beiden
1265 3728 2556 3774 Genußmenschen des Stückes. Er präzisiert die Theorien des Einsam¬
1249 3769 2550 3825 keitsgefühles und Einsamkeitszwanges am klarsten und schärfsten. Er
1254 3801 2560 3839 ikennt auch keine gelegentlichen Rückfälle ins Sentimentale, wie Fichtner.
1258 3840 2568 3882 I(Er spricht prachtvoll — lauter Schnitzler=Gedanken — nur ist er leider
1253 3869 2567 3929 ein wenig Poseur, eine männliche Kokette des Weltschmerzes. Er sagt
1255 3916 2564 3976 leinmal zu Fichtner: „Er hat sich gut benommen, Ihr Sohn. „Wir werden
1258 3948 2558 3995 nicht unter einem Zelte schlafen.“ Nicht übel! Das hätte mir ein¬
1264 3992 2556 4045 fallen können.“ Solch eine kleine Selbstbeweihräucherung in einer weh¬
1262 4036 2559 4076 mütigen Stunde, da die letzten Schleier fallen, klingt doch recht fatal.
1266 4059 2560 4126 [Alle diese Menschen mit ihren konstruierten Sensibilitäten, Theorien,
1262 4100 2561 4161 Hysterien und Philosophien haben zudem etwas ganz Unpersönliches,
1242 4142 2568 4187 jlund sie würden dem Schauspiel den Stempel des Unerlebten aufdrücken,
1244 4183 2556 4222 wären nicht auch ein paar Leute da, vor deren gesunder Art die Atmo¬
