3484 4352
1456 343 1894 428 box 23/1
294 344 1292 441 18. Der einsane Neg
700 1865 1703 1929 Erst im dritten Akt, nachdem man nebenbei erfahren hat,
619 1910 1711 1969 daß auch der unternehmungslustige Herr v. Sala nahem
630 1963 1703 2016 Tode verfallen ist, enthüllt der zärtliche, wenn auch ehe¬
627 1985 1703 2047 brecherische Vater des jungen Wegrath (in dessen Hause)
622 2023 1706 2105 alles: wie er die Verstorbene einst als Braut seines Freundes
628 2083 1712 2143 geliebt und verführt hat, dann nicht heiraten wollte und
627 2121 1704 2158 wie es ihn jetzt doch in Liebe nach ihm, seinem Sohne, ver¬
626 2151 1706 2213 langt. Eine fatale Situation für den jungen Mann; das
636 2184 1700 2250 muß man zugeben. Ein zahmer Schurke, der sich ihm als
627 2216 1713 2292 leiblicher und liebevoller Vater anbietet. Der Sohn handelt
627 2269 1720 2322 verhältnismäßig noch sehr vernünstig, indem er dankend ab¬
635 2296 1716 2361 lehnt; er zieht den Mann, der nach dem Gesetze sein Vater
634 2358 1718 2412 ist, vor. Wieder bricht dieses Thema resultatlos ab. Im
635 2385 1726 2441 vierten Akt ist Johanna Wegrath, wie man längst gemerkt
633 2414 1719 2490 hat, eine kleine Hysterikerin, bei ihrem geliebten Sala in der
643 2473 1724 2519 einsamen Villa. Er war so gnädig, sie zu erhören, aber
641 2492 1730 2563 er ist erhaben genug, sie bei einbrechender Dunkelheit sich
634 2526 1731 2606 allein entfernen zu lassen. Mittlerweile sind noch
644 2571 1733 2640 andere Personen erschienen, auch der Maler, auch der unglück¬
644 2613 1718 2677 liche Sohn zweier Väter, sie alle reden, reden, reden unter
648 2649 1726 2725 fallendem Herbstlaub, zum Schluß bleibt Sala allein im
646 2687 1732 2753 Gartensalon; da taucht Johanna noch einmal auf. Sie
653 2726 1723 2789 blickt in das beleuchtete Zimmer, sie setzt sich an den dunklen
653 2767 1722 2835 Teich — sie tut, was jene spleenige Engländerin einst tat,
641 2803 1735 2863 die ausrief: „Ich sterbe für den Admiral Nelson!“ Nelson
645 2867 1205 2918 hatte das gar nicht gewünscht.
734 2878 1735 2950 Der Schlußakt bringt das langsame Bekanntwerden von
647 2931 1733 2989 Johannas Tode. Wieder umständliche Bemühung um ein
649 2963 1737 3025 Geheimnis, das der Zuschauer schon kennt. Herr v. Sala.
661 3013 1738 3069 von den acht Raisonneuren des Stücks (so viel Personen
647 3037 1734 3102 zählt das Stück) derjenige, der immer das Meiste weiß,
658 3081 1747 3139 kommt und verrät dem beunruhigten jungen Mann, daß
659 3113 1740 3185 seine Schwester seine Geliebte gewesen. Das ist wieder
661 3155 1747 3237 fatal: Nun steht zu seiner Rechten sein unehelicher Vater,
668 3188 1741 3269 zur Linken sein unehelicher Schwager. Mit dem letzteren
668 3238 1752 3296 verfährt er sehr kurz und schneidig. Statt ihn zur Rechen¬
663 3271 1751 3333 schaft zu ziehen, macht er ihm einfach die Mitteilung, daß
659 3313 1746 3379 er, der Todeskandidat, nach ärztlichem Ausspruch
1670 3345 1744 3377 91
666 3350 1728 3411 oynehin bald sterben werde. „Sie sind dessen siche::
932 3385 1743 3445 „Vollkommen,“ antwortet in strammer
662 3404 932 3460 fragt Sala.
677 3441 1754 3494 Haltung der junge Leutnant. All righte. Nach dieser groß¬
666 3476 1755 3542 artigen Genugtuung entfernt sich der junge Mann, und Max
660 3520 1765 3574 und Moritz, die bejden Familienschmaroter, der angebliche
1782 1845 2853 1911 Maler und der angebliche Dichter, nehmen gerührt von ein¬
1783 1902 2079 1958 ander Abschied.
1856 1923 2851 1985 Rührung am Anfang, Rührung am Ende, und das um
1782 1957 2859 2029 einer lumpigen Sache willen: das ist das eigentlich Ver¬
1780 2003 2861 2063 stimmende an dem Stück. Sein geringer Theaterwert ist
1780 2033 2871 2097 keineswegs sein entscheidender Fehler. Es könnte noch stiller
1783 2076 2861 2144 und handlungsarmer sein und doch durch seine bloße
1789 2111 2862 2184 Atmosphäre uns nahe kommen. Grade die aber ist unecht
1789 2157 2862 2215 in einem Grade, den wir bei Schnitzler trotz mancher schon
1785 2187 2867 2259 hervorgetretenen Neigung zur Pose und berechneten Ueber¬
1794 2230 2866 2302 stiegenheit nicht erwartet haben. Diese Meuschen sind alle
1784 2271 2874 2334 konstru ert in ihrer Wehleidigkeit, Kleinlichkeit und ihrem
1795 2307 2871 2380 Stimmungs=Egoismus, und der Verfasser hat nicht so viel
1792 2343 2875 2414 Unbefangenheit, um auch nur für eine Minute freien Aus¬
1802 2391 2868 2462 blick darüber zu gewinnen. Er steckt verblendet selber mitten
1793 2427 2885 2486 unter seinen Konstruktionen. Ich fürchte sogar, er glaubt
1801 2474 2874 2529 selber an die Sentenzen, die er seinen erfundenen Figuren
1794 2503 2872 2568 reichlich und überreichlich in den Mund legt, und doch sind diese
1804 2557 2881 2612 nur so weit richtig, als sentimentale überreizte Stimmungen
1809 2594 2878 2647 in unserem Leben Wert haben. So wenig nachhaltig wie
1817 2622 2876 2688 diese unaufhörlichen Sentenzen ist endlich auch die Sprache
1817 2658 2882 2723 des Dialogs überhaupt, der, gerade wo Feierlichkeit und
1822 2703 2881 2771 Rührung beabsichtigt sind, bei Schnitzler so leicht unsicher
1807 2735 2883 2803 und salopp wird. Wenn es sich um Schilderung eines
1827 2779 2877 2851 Natureindrucks, einer Wetterstimmung, eines realen Erleb¬
1824 2820 2878 2880 nisses oder eines Gemäldes, eines Gebäudes handelt, ver¬
1817 2849 2890 2926 sagt in diesem Stück die Sprache und ist erschreckend blaß
1814 2891 2884 2959 und nichtssagend; umso gesprächiger plätschert sie in
1819 2935 2889 2996 psychologisierenden Redereien dahin, unter denen kein festes
1816 2990 2072 3038 Terrain liegt.
1883 3006 2891 3074 Inszenierung und Aufführung unternahmen sehr viel
1819 3057 2888 3126 für dieses Stück, ohne daß man freilich die eine oder andere
1809 3091 2895 3148 Leistung besonders hervorheben müßte. Mit einer einzigen
1833 3126 2893 3191 Ausnahme Eise Leymann, deren freudige Natur durch
1843 3167 2889 3234 eine uninteressante Nebenfigur so erfrischend hindurch¬
1842 3196 2894 3277 schimmerte, wie Faustens liebes Himmelslicht, das durch ge¬
1824 3262 2230 3325 malte Scheiben bricht.
