3436 4384
218 2288 323 2353 reatse
291 2404 349 2455 eis
193 2419 356 2487 Anaden eun
174 2446 235 2519 felr.
264 2552 331 2634 Tel
218 2934 354 2994 anzjähr
257 2980 363 3048 e8 Hal
217 3034 313 3178 225
230 3045 314 3267 2
209 3252 291 3328 arig
2827 31 2931 150 4
1050 443 1142 527 W
1396 441 1867 544 box 23/4
243 464 1250 583 18. Der einsane en
537 1523 1909 1602 und den Tschechen gemacht wurden, hatten die Deutschene innerumm
2029 1533 3349 1617 — .. cer Macht lag, den Tscheihen Frieden durch den Ernst u
541 1600 3350 1654 im Reichsrat und im böhmischen Landtag die Mehrheit den Ausgleich als ein nationales Geschenk anzubieten. mit dem du ihn selbst fü
547 1642 1726 1705 und waren in der böhmischen Landesverwaltung die un¬
1787 1633 3320 1701 An dem böhmischen Sprachenstreit ist das geschicht= Böhmen wieder reich
544 1687 3357 1775 bedingten Herren. Das Mittelschulwesen war fast vollständig, liche Vorrecht der Deutschen, die Hegemonie in Oesterreich Deutschtum in Oesterreich
1691 1742 2852 1796 zu führen, zerschellt. An ihrer Weigerung, den Tschechen
543 1740 1711 1814 das Hochschulwesen ganz deutsch. Der tschechische Stamm
538 1777 2878 1868 war in Böhmen wirtschaftlich hilflos und politisch fast das Recht der selbständigen nationalen Entwicklung als
549 1919 1689 1988 Unverlangt eingesendete Manuskripte werden nicht zurückgeschickt, auch
1700 1919 3359 2003 wäre, wäre sie nicht ganz natürlich. Natürlich, weil es Egoist, der alle gierig
558 1981 1705 2053 dann nicht, wenn Rückporto beiliegt. Es ist daher notwendig, Kopien
1697 1974 3356 2045 eben Literaten sind; also Menschen, deren Metier das rächernde, fortwährend an
969 2016 1289 2090 zurückzubehelten.
1693 2038 3359 2087 Stochern in Inwendigkeiten; deren Sprache durch das ist vor allem: der
1691 2078 3357 2136 etliche Geziertheit und die Neigung aphoristisch zu schluckt die große Einsaml
1687 2131 3357 2193 gerinnen, eine Art dialektischer Echtheit bekommt; Menschenzsse viel höhere Mathemati
838 2115 1404 2240 Feuilreton.
1684 2183 3361 2251 denen die einfache Wendung sich unwillkürlich, zwischen Unabwendbare besitzt, wie
1358 2192 1695 2290 (Nachdruck verboten.)
1684 2215 3357 2293 den Lippen, zur schönen Wendung schnörkelt. Bei anderen, tun: sich trainieren. Sich
584 2173 835 2322 6.-U.
1680 2269 3353 2341 die so gern in die eigenen Verwirrungen tauchten und solIst nicht überhaupt das
946 2275 1318 2367 Burgtheater.
1672 2324 3356 2391 kokette Worte heraufbrächten, müßte man allerlei Zweifel Plötzlichkeiten in Allmähl
559 2333 1699 2433 (Zum erstenmal: „Der einsame Weg“ von Artur Sch###
1684 2361 3351 2439 fhegen. Man würde sagen: ihre Rede ist mit dem Brenn=ö. Sala hängt sein Herz
665 2424 3366 2506 Wehmut sickert von den Wänden, über allem liegt es eisen gekräuselt. Sind es aber Literaten, so glaubt man, (von denen erwartet man
541 2453 2354 2527 wie ein feiner Staub von zerpulverten Tränen, und wohlwollend, natürliche Locken.
2800 2453 3372 2544 durch dessen Ausbleiben en
1785 2516 3360 2573 Was aber den „Einsamen Weg“ anlangt, ist zu= des Alters dieses: in Erinn
557 2514 1725 2577 Traurigkeit, wirtschaftlich ungehemmt, breitet sich kostbar
548 2566 3375 2640 aus. Es ist Herbst und Abenddämmerung, immer Abend= zugeben, daß das Leben hart und das Sterben bitter und nicht, weil er, als Kün
561 2617 3360 2683 dämmerung. Eine zarte Stunde! Langsam, langsam öffnet die Einsamkeit das Unentrinnbare von allem Anbeginnf Erinnerung mit Gegenw.
544 2665 3371 2721 sich die Hand der Nacht und läßt das Dunkel frei. Da bis zu allem Ende. So lange man genügend Innenwärmerauch jenes, die unmitteh
547 2714 3371 2767 macht es die Seele des Menschen gern ebenso. Zumal so hat, geht es noch halbwegs. Später aber, recht sehr aus Entschwundenes zu schn
554 2764 3360 2826 gepflegter Menschen, wie sie da, fein und still, längs des gekühlt, möchte man gern an fremden Temperaturen naschenz Virtuose der Einsamkeit.
542 2821 3376 2861 „einsamen Wegs“ leidwandeln, in gepflegten Parks mit und eines dieser bequemen transportablen Gefühls=Oefchen baren. Ein Dandy der T#
549 2857 3372 2931 gepflegten Worten gepflegter Meditationen und Erinne- aufstellen, in deren Nähe eine alternde Seele das Frieren dem er kalt der Vernich
2826 2901 3061 2982 Monokel.
551 2904 2849 2967 rungen pflegend. Selbst Vater Wegrath, der Kunstbeamte, vergißt: Kindesliebe etwa. Oder: Treue, Freundschaft. Ein
555 2949 2849 3019 kann sich der besseren Tonart nicht enthalten. Er geht gern Kind jedoch gehört deshalb noch lange nicht Dir, weil Du
2945 2938 3376 3019 Es stehen noch ande
549 2995 3369 3055 des Abends durch den Türkenschanzpark, weil die Stadt seine physiologische Voraussetzung besorgt hast. „Vater“, Weg“. Mancherlei Blicke
555 3050 3382 3111 dann daliege von einem „silbernen Hauch“ eingehüllt. Oder das ist ein Rang, den man erst nach vieljähriger opfer= getan. Zwischen den Me
552 3093 3383 3156 ähnlich. Alle Personen des Stückes haben eine heftige voller, liebreicher Sorge um des Kindes Gedeihen erlangt. reichen die Hände darüber
543 3139 3360 3202 Neigung, in sich selbst zu schauen, aus den Kellern ihres Aber leider: Wenn man das Kind hat, braucht man's berühren einander; und
551 3192 3386 3255 Bewußtseins Verstecktes ans Tageslicht zu fördern. Und nicht. Und wenn man's dann braucht, hat man es nicht oder die andere ins Wasse
551 3251 3385 3307 wie ein guter Beichtvater sorgt der Dichter für sie. Er mehr. So ist das Leben ja überhaupt; ein immerwährendes: Kunst=Eisläufer merkwürd
541 3292 3372 3348 gibt ihnen Gelegenheit. Wenn sie ein Bedürfnis haben (und „zu spät“ oder „zu früh“. Nichts kommt rechtzeitig; aber schön ineinanderschlingen. B
551 3343 3350 3398 sie haben immer ein Bedürfnis), führt er sie alsogleich innerln. einiges kommt gewiß. Zum Beispiel: der Tod. Und vor gehen unterirdisch weiter,
661 3384 3365 3461 Schnitzlersche Helden sind gern Schriftsteller. Das ihm, wie gesagt: die große Einsamkeit. Ganz besonders auf Tageslicht. Es ist allenthall
554 3434 3391 3506 rechtfertigt sie. Sie haben eine Gewandtheit, eine Be= den Egoisten lauert sie. „Egoist“, das ist hier keine sittlich Parallelen gehen nebenei
538 3489 3379 3563 gabung, eine Technik „des Ausdrucks, die ganz künstlich Qualifizierung, sondern eine ästhetische. Der potenzierte erkennen, daß sie sich erst
