3392 4256
1451 129 2205 209 —
1447 193 2145 247 venir à Paris avec sa compagnie.
1491 236 2215 295 Mais M. Robert voulait offrir à
1444 279 2209 333 notre public des représentations vrai¬
1444 314 2201 380 ment extraordinaires et il ne put, à
1443 362 2226 432 si bref délai, réunir les artistes qu'il
1442 411 2069 478 révait de nous faire connaitre.
1490 450 2212 511 II fut donc convenu entre lui ei
1428 479 2212 559 M. Bernstein que la compagnie du
1442 533 2223 594 Gymnase visiterait Berlin de nou¬
1442 580 2210 638 veau en juin et qu'à cette époque le
1442 624 2220 694 théätre du boulevard Bonne-Nouvelle
1452 673 2206 732 recevrait la troupe du professeur
1455 711 1632 766 Robert.
1496 759 2206 810 Nous pouvons annoncer aujour¬
1445 809 2207 853 d’hui que M. Henry Bernstein et
1453 841 2205 894 tous les admirables interprètes du
1457 881 2204 942 Secret: Mmes Simone, Gaby Mor¬
1434 919 2206 974 lay, MM. Pierre Blanchar et Vargas,
1452 968 2212 1030 en tête, vont renouveler l’acte de
1444 1007 2203 1069 haute propagande déja accompli il y
1451 1059 2217 1100 a quelques mois, et que, cette fois,
1450 1100 2207 1159 ils ne se contenteront pas de visiter
1452 1141 2208 1195 Berlin, mais donneront aussi trois
1453 1192 2213 1258 représentations à Vienne et deux à
1454 1229 1676 1291 Budapest.
1497 1277 1551 1328 A
1557 1261 2204 1334 Berlin, la compagnie du Gym¬
1444 1311 2213 1376 nase jouera au Kammerspiele, un des
1457 1364 2213 1415 plus beaux théätres de la capitale,
1452 1405 2214 1446 que M Max Reinhardt a bien vou¬
1442 1441 2204 1517 lu metire à la disposition de M. Hen¬
1453 1495 2203 1551 ry Bernstein et de ses interprêtes.
1440 1524 2205 1598 A Vienne, Le Secret sera représenté
1450 1578 2218 1634 au vieux et célehre Raimunds Théä¬
1448 1615 2217 1681 tre, et à Budapest, au Théätre Hon¬
1448 1666 2215 1731 grois, qui passe pour une des plus
1456 1710 1928 1764 belles salles d’Europe.
1495 1752 2205 1810 M. Henry Bernstein, nous l’avons
1455 1802 2205 1846 dit, accompagnera ses artistes et leur
1451 1834 2203 1908 départ est fixé à dimanche prochain,
1458 1886 1634 1942 17 juin.
1495 1919 2211 1981 La veille de ce jour arrivera à
1452 1970 2208 2028 Paris la compagnie dramatique du
1467 2019 2205 2063 orofesseur Robert, qui donnera au
1464 2056 2200 2108 théätre du Gymnase une série de
1463 2103 2211 2157 représentations en langue allemande.
1486 2147 2214 2195 En vuc de ces représentations, le
1449 2194 2203 2250 professeur Robert a fait des engage¬
1455 2233 2215 2279 ments, dont le moins qu'on puisse
1454 2279 2088 2335 dire c’est qu'ils sont éclatants.
1490 2319 2216 2369 II nous suffira de nommer les deux
1464 2360 2212 2421 plus illustres comédiens d’outre
1459 2399 2204 2480 Rhin, Maria Orska et Albert Bas¬
1454 2451 1666 2504 sermann.
1506 2468 2206 2554 Aux côtés de ces deux célébrités
1456 2549 2200 2594 paraitront des artistes de grande re¬
1456 2589 2220 2631 nommée, tels que: Mmes Charlotte
1466 2624 2208 2690 Moeller, Schrott Haach; MM. Nico¬
1469 2670 2217 2725 laus von Lovrit, Albert Scheinrock,
1466 2707 2216 2760 Theodor Loos, Werner Schott, Otto
1458 2753 1652 2810 Stocholt.
1481 2802 2205 2847 Le professeur Robert fera repré¬
1450 2842 2207 2898 senter à Paris par zes merveilleux
1466 2892 2216 2944 protagonistes, deux cuvres regar¬
1460 2934 2217 2981 dées coinme classiques dans les pays
1456 2972 2221 3023 de langue allemande: Erdgeist (Le Dé¬
1465 3022 2216 3074 mon de la Terre) de Frank Vedekind
1460 3061 2215 3103 et Einsame Weg (Le Chemin solitai¬
1460 3106 1960 3160 re) d’Arthur Schnitzler.
1494 3141 2212 3207 Erdgeist serd Prèsenté dans une
1464 3196 2214 3233 mise en scène compösée à l'’avance
1468 3245 2224 3294 par le professeur Robert qui a com¬
1460 3264 2224 3338 mandé aux plus Millanfs Profession¬
1463 3312 2217 3401 nels d’Allemagnef des ###fors ei des
1471 3369 1664 3423 meubles.
1511 3412 2214 3464 En janvier dernier un souper
1468 3453 2205 3505 monstre, qui réunit toutes les nota¬
1473 3496 2214 3546 bilités théätrales de Berlin, fut don¬
1458 3542 2212 3598 né en l’honneur de M. Henry Berns¬
1462 3594 2216 3637 tein et de ses interprètes. Nous
1462 3627 2212 3688 croyons savoir que samedi prochain,
1466 3670 2214 3735 16 juin, les ami. français du théä¬
1462 3715 2222 3776 tre recevront, à leur tour M. Ro¬
1468 3756 2227 3810 bert et les illustres comédiens, qui
1472 3805 2220 3848 ont considéré comme un honneur et
1475 3852 2218 3898 une joie de paraitre devant notre pu¬
1466 3891 1566 3947 blic.
1508 3924 2223 3987 Nous apprenons, en outre, à la der¬
1475 3972 2215 4028 nière minute, que M. Herriot, minis¬
1465 4017 2224 4081 tre de l’Instruction publique, assistera
1452 4061 2075 4111 en personne à cette réception.
