3436 4352
1381 311 1829 396 box 23/1
232 310 1226 420 18. Der einsane Neg
527 1270 1654 1355 + Duisburg, 13. Febr. Kammermusikabend. Gestern abend
153 1327 1658 1414 gab sie sich hin, erschien das Kölner Gürzenich =Quartett der Herren Bram
484 1368 1660 1449 Eldering, Karl Körner, Prof. Jos. Schwartz und Friedr. Grütz¬
148 1386 471 1459 , aus Angst vor
474 1400 1655 1484 macher zum zweiten Male in diesem Winter bei uns, um uns
155 1428 476 1488 noch an andern
483 1458 1671 1530 in weiterer Folge seiner vorigen Haydn, Mozart und Beethoven
151 1468 464 1523 r vergehen also,
478 1489 1666 1567 umfassenden Quartettvorträge diesmal Schuberts A-moll¬
142 1506 465 1580 ch herumschleppt,
484 1527 1669 1606 Quartett op. 29, Rob. Schumanns A-dur=Quartett op. 41,3
160 1546 470 1605 daß sein Sohn
487 1561 1656 1639 und zwischen beiden den größten Meister auch der Quartett¬
145 1582 471 1639 r Jugendgeliebte
482 1604 1673 1691 form, Beethoven, in dem seiner früheren Periode entstammenden
144 1625 476 1678 rnder Mann, die
480 1637 1679 1715 Quartett op. 18 Nr. 5 (A-dur) zu Gehör zu bringen. Alle,
142 1660 471 1726 ck, das Feuer ist
479 1688 1669 1771 drei Quartette fanden seitens der genannten Künstler eine stil¬
144 1703 474 1763 m zwanzig Jahren
496 1718 1665 1803 gerechte, und von Unbedeutenderem abgesehen, mustergültige
147 1742 483 1805 s ist ausgelöscht.
493 1762 1681 1855 Wiedergabe. Zu letzterem zähle ich u. a. die nicht immer ganz
150 1781 482 1838 wohl auch nichts
490 1800 1683 1877 reine Intonation bei dem Schubert=Quartett, sodann das die
147 1816 484 1883 sucht, nicht mehr
502 1837 1677 1917 Grenze des Möglichen erreichende und dadurch unschön wirkende
157 1855 479 1916 i Weg ins Alter,
499 1884 1682 1961 Forte im Andante Cantabile Beethovens und in Schumanns
141 1899 482 1958 ungen Mann zu,
490 1910 1685 2005 Finale. Auch für die reproduzierenden Künstler gilt Wein¬
144 1940 485 1996 ines Freundes, in
492 1956 1685 2041 gartners Ausspruch gelegentlich einer Berlioz=Besprechung: „Es
141 1973 480 2036 nd vorsichtig hebt
504 1996 1684 2078 gibt keine Kunst ohne Maß, Form, Wahrhaftigkeit und Schön¬
152 2014 490 2074 Felix erst ahnen
502 2038 1689 2117 heit.“ Im übrigen zeigte der Vortrag wiederum die schon
151 2059 497 2116 des Blutes ver¬
497 2078 1680 2147 neulich von dem Kölner Gürzenich=Quartett gerühmten Vor¬
150 2093 492 2151 regt sich gewaltig
508 2124 1680 2201 züge der möglichsten technischen Vollendung, eines liebevollen
151 2136 484 2193 sthumen Vater, daß
504 2157 1683 2246 Zusammenspiels bei trefflich hervortretender Primgeige, feinster
162 2174 492 2229 bleibt bei Vater
502 2198 1691 2276 Schattierung der Tonstärken sowie verständnisvoller Auffassung
148 2210 489 2270 samen Wege noch
514 2234 1681 2313 und temperamentvoller Wiedergabe der einzelnen Quartette, so
154 2251 491 2309 fährt man es von
500 2274 1686 2356 daß wir mit Spannung der Weiterführung seines historischen
144 2294 486 2349 bestimmten Alters
500 2310 1686 2392 Programms im dritten Kammermusikabend entgegensehen
150 2327 493 2383 scheint nicht ganz
511 2352 1684 2429 dürfen. Reicher Beifall des anwesenden Publikums ward der
147 2373 489 2427 ückes etwas wurm¬
513 2392 1690 2465 Künstlern nach jedem Quartett zu teil, von denen dasjenige Beet¬
156 2409 490 2471 finen späten Jung¬
505 2427 1685 2493 hovens am meisten anzusprechen schien und nach meiner Ansich
148 2447 488 2505 oetwas wie einen
164 2485 498 2550 t ist und jetzt das
510 2482 1243 2573 auch am sorgfältigsten ausgefeilt war.
144 2528 499 2585 ein müder Mann,
155 2565 507 2626 iche Kerl und das
160 2597 512 2662 weit ihr Einver¬
165 2633 525 2705 wird nur rätsel¬
141 2679 512 2757 Enna plötzlich eine
159 2724 509 2778 er Schluß des vor¬
155 2763 515 2821 im Porkett folgte.
187 2801 523 2867 hgroßer, sie legt
196 2842 517 2897 f die ganze Ge¬
241 2877 518 2940 mrisse der Ge¬
239 2915 525 2978 die Fabel an
252 2958 526 3014 ist, kann nicht
310 2995 525 3057 gerade die
293 3037 518 3090 Fall hat
312 3078 520 3127 unden. Er
376 3110 520 3168 r Rose
372 3152 521 3213 egungen
279 3156 370 3206 elenr
328 3197 521 3248 tite, deren
352 3235 521 3287 ten oder
335 3269 521 3331 hat der¬
408 3311 528 3364 rigens
454 3357 502 3399 er
2182 377 3002 489 Dr. Max Goldschmidt
2357 474 2742 561 Bureau für
2326 547 2851 630 Zeitungsausschnitte
2065 615 3080 691 verbunden mit direktem Nachrichtendienst durch
2316 662 2839 734 eigene Korrespondenten.
2610 709 3028 791 Telephon: III, 3051.
2132 730 2492 806 Berlin N. 24.
2068 772 3069 829 —
2363 834 2808 920 Ausschnitt aus
2169 992 3009 1078 Rheinischer Courier, Wieshaden
2638 1077 2724 1139 Gar k.
2777 1131 3119 1223 75 FEB. 904
2242 1348 3060 1427 Kunst, Wissenschaft und Leben.
2164 1398 3162 1460 & (Berliner Theater.) Berlin, 14. Febr.
2102 1445 3154 1513 =Schnitziers neues Drama „Der einsame Weg“ (Buch¬
2119 1514 3163 1556 Fischer, aufgeführt im Deutschen Theater)
2114 1546 3144 1602 bietet in seinem inneren Wesen viel feine Lebensnach
2116 1579 3150 1672 denklichkeit, viel ahnungsvolles Verstehen und Deuten
2121 1643 3149 1708 menschlicher Beziehungen, aber es ist in seinem Gefüge,
2119 1692 3151 1755 in der Art, wie es seinen Inhalt ausspricht, zu unsicher,
2122 1739 3164 1807 zu hülflos, durcheinander gewirrt, als daß es von der
2129 1784 3151 1859 Bühne wirken könnte. Schnitzler ist hier nicht Herrscher
2117 1823 3166 1904 über den Stoff, sondern tief in ihn befangen, eigent¬
2121 1892 3163 1946 lich sogar verstrickt, sodaß die ungebändigten Ausläufer
2129 1922 3166 1999 seine Themas dies und ihn überwuchern. Zuviel wird
2129 1977 3167 2049 durcheinander gesponnen, und ohne Oekonomie des
2118 2027 3163 2120 Wesentlichen und Unwesentlichen verschlingen sich die
2131 2072 3168 2149 Szenen, als wären die Einfälle aus dem Skizzenbuch
2128 2126 3165 2187 eines Dramatikers losgelassen und wirbelten undiszip¬
2122 2165 3162 2252 liniert im Kreise, der Dramatiker aber steht dabei und
2129 2232 2561 2302 kann sich nicht helfen.
2165 2265 3165 2340 Der einsame Weg ist der herbstliche Abstiegspfad
2125 2350 3169 2410 der lebenshochmütigen Individualisten, der eingebildeten;
2128 2372 3166 2451 „Puppenspieler“ (die Verwandtschaft mit dem kleinen,
2124 2416 3162 2503 aber in sich streng geschlossenen Drama dieses Titels ist
2121 2466 3171 2528 deutlich) die mit Menschen skrupellos und despotisch ge¬
2121 2516 3174 2602 schaltet haben und an einer kritischen Wende plötzlich be¬
2129 2567 3159 2645 merken, daß sie allein stehen, daß sie einsam sind, daß
2129 2604 3168 2678 es nichts mehr zu spielen gibi, daß sie bei lebendigem
2128 2665 3160 2735 Leibe tot sind und niemand ihnen nachfragt, sie selbst
2128 2710 3061 2799 jetzt ein abgetakeltes Spielzeug für das Schicksal,
2165 2760 3166 2846 Julian Fichtner, der Maler, ist das Beispiel. Durch
2123 2823 3160 2898 die Gesten seines Herrenmenschentums, seines Persön¬
2129 2862 3171 2948 lichkeitstrotzes schleichen sich fratzenhaft verzerrte Angst¬
2130 2913 3174 3005 züge; er hat so fest an seine inneren Rechte und Kräfte
2136 2971 3166 3044 geglaubl, und nun, mit einem Mal, bricht das alles zu¬
2129 3001 3172 3081 sammen. Ein alternder, welker Mann, der nicht mehr
2136 3064 3166 3141 hofft, der auch an seiner Kunst verzweifelt, steht er allein
2131 3102 3169 3181 da. Und in panikartigem Entsetzen greift er klammernd
2135 3160 3167 3229 um sich und schreit nach einem Menschen, der ihm etwas
2131 3203 3170 3290 sein könnte. Nach seinem Sohn schreit er, nach dem
2132 3254 3166 3341 Sohn der Frau, die er vor dreiundzwanzig Jahren in
2136 3304 3169 3384 der schwersten Entscheidung feige verlassen, um sich seine
2133 3351 3168 3430 Freiheit zu bewohren. Gabriele hatte ihr gebrochenes
2133 3393 3167 3474 Leben in eine stille Ehe mit einem gütigen Menschen,
2136 3451 3170 3515 dem Professor Wegrat gerettet, in dieser Ehe kam Ju¬
2137 3505 3172 3571 lians Sohn Felix zur Welt; unter der Last der Lüge
2132 3541 3170 3635 starb die Frau. Nach Felix streckt jetzt Julian die Hand.
2130 3584 3188 3681 Halb erraten täßt er ihn die Wahrheit, halb beichtet¬
2132 3650 3183 3702 er, und endlich entblößt er sich in schonungslosem Selbst¬
2130 3692 2660 3763 gericht vor seinem Sohn.
2181 3720 3166 3808 Voll starker Tragik, die nicht durch große Worte oder
2134 3798 3182 3858 emphatische Gebärden geschwächt wird, ist die Situation
2124 3836 3181 3894 dieses Sohnes. Als Mann steht er dem bekennenden
2126 3877 3180 3953 Mann gegenüber; Schicksalsschauer überrieseln ihn in
2129 3928 3176 4006 der Erinnerung an die Mutter; nicht die Mutter allein
2127 3982 3176 4043 ist sie für ihn jetzt, sorchern auch die Frau, die unsäglich
2128 4030 3178 4110 gelitter und die zusammenbrach. Während der Vater
2136 4073 3168 4151 vor ihm ein Anrecht auf ihn geltend macht und an die
2128 4116 3172 4205 Stimme seines Blures appelliert, keimt in ihm ein ganz
2134 4159 3160 4242 neues schmerzlich=zärtliches Gefühl für jenen, der ihm
