3436 4256
2859 285 3122 368 Seite 15.
2224 292 2574 380 16. Mai 1906.
1434 306 2066 394 Fremden-Slatt.
904 321 1281 406 Wien, Mittwoch
357 323 608 412 Nr. 134.
1748 376 3147 472 Das feinfühlerische, nervenhorcherische Wesen, das bereits die
1758 452 3154 514 Schwingungen, die Wellenlängen jedes einzelnen Gefühls zählt, wie
607 427 1470 563 Feuilleton.
1454 483 1623 562 M
1767 482 3151 550 der Physiker die des roten Lichtes oder des Vierundsechzigsteltones,
1758 529 3156 611 dichtet auch Dramen, wie diesen „einsamen Weg“, dessen Inhalt
462 577 520 660 220
729 565 1378 654 Theater an der Wien.
1761 603 3162 639 man mit dem kürzesten Worte „Sesenheimische Geschicke“ nennen
1759 622 3157 703 kann. Man muß die umständliche Beichte horen, die Vater Julian
333 615 1744 710 Gastspiel des Berliner Lessing=Theaters: „Der einsame Weg“, Schauspiel
1757 680 3154 760 dem Sohne Felix ablegt. Wie er seine Empfindungen vor, wahrend
679 683 1416 749 in fünf Akten von Arthur Schnitzler.
1762 736 3163 789 und nach dem schmählichen Liebesverrat in allen Schattierungen
446 743 1742 794 Das ist eine seltsam leise, tief nachdenkliche, aus Narkosen von
1761 765 3156 833 feststellt. Es ist eine menschliche Urkunde; dagegen ist kein Streitens.
349 783 1743 862 Versonnenheiten plötzlich auffahrende Dichtung. Schwere Bangig¬
1765 828 3168 879 Er bekennt aufrichtig, es sei die glücklichste, frischeste, freieste,
342 826 1741 904 keiten lasten auf ihr, stille Schrecken lauern, so viel Uneingestandenes
1764 874 3163 929 fruchtbarste Zeit seines Lebens gewesen, die nach seiner Flucht.
345 885 1746 944 drängt zum Geständnis, mit so fremden Gesichtern schauen uns die
1771 909 3165 992 Als es ihm glücklich gelungen war, Gabrielen schmählich sitzen
337 919 1749 987 bekannten Dinge an, so verworren ist die Verwirrung, deren an¬
1758 951 3154 1019 zu lassen. Und Gabriele? Es war ihr tiefstes Elend, natürlich;
343 969 1741 1039 deutende Abbildung der Dichter versucht hat, und ringsum liegt das
1769 1021 3167 1059 aber trotzdem ihr höchstes Glück, von dem sie dem Sohne noch in
347 1014 1748 1092 Pfadlose, voraus liegt das Aussichtslose. Es ist ein Gebilde von
1769 1059 3162 1107 den letzten Augenblicken ihres Lebens Schwärmendes vorgefaselt.
353 1072 1749 1123 Sehnsucht und Traurigkeit. Es sind Menschen, die das Menschliche
1770 1091 3170 1160 Das ist der Speer des Achilles, der Wunden schlägt und wieder
352 1110 1757 1180 ergeben hinnehmen, die sich nichts mehr einreden, die auch nichts be¬
1774 1136 3165 1220 heilt. Gibt es auf diesem Gebiete ein Verbrechen? Braucht ein Ver¬
345 1157 1751 1225 reuen, einander nichts vorwerfen; desillusionierte Menschen, weltlich
1768 1188 3171 1267 brechen Sühne, das selbst der geschädigte Teil nicht ungeschehen
358 1203 1749 1290 skeptische; überlegene Egoismen, Selbstleber ohne empfindsames Vor¬
1775 1231 3168 1314 wissen möchte? Das ewige Sesenheim.... Auch Johanna, das
356 1254 1756 1329 urteil. Menschen, die überwunden haben, oder vielmehr in dieser
1773 1306 3173 1367 stille, starke Mädchen, gibt sich Herrn v. Sala, obgleich sie weiß,
351 1296 1755 1371 Täuschung befangen sind, und eigentlich doch alle nichts anderes
1782 1325 3173 1400 daß er bald sterben muß. Sie weiß, daß Menschen einander über¬
348 1343 1758 1419 als verfehlte Existenzen. So ist das Leben. Sie verbringen es im
1774 1383 3173 1448 haupt nichts sein, oder werden, oder bleiben können, als eine Er¬
350 1396 1758 1459 vertrautesten Verein und wissen doch nichts von einander. Sie können
1784 1418 3171 1491 innerung. Er bietet ihr sogar die Ehe an; sie fühlt ein ungeheures
360 1438 1760 1520 sich nicht erraten, nicht deuten, nicht auflnacken; leben von den kleinen
1777 1467 3175 1538 Glück und schweigt... und geht in den Teich. Und er, dessen ohne¬
363 1485 1760 1563 Zugeständnissen und Hehlereien des Augenblicks; fristen sich von Not¬
1775 1513 3164 1579 hin ein Siechtum harrt, tötet sich. Sie schätzen das Leben nicht,
357 1529 1754 1607 lüge zu Notlüge fort und sind schließlich in aller herkömmlichen, als
1791 1559 3172 1644 diese ganze Gesellschaft mit dem Schlagworte des Auslebens. Wo
360 1582 1760 1660 hochanständig geltenden Form maßlos unmenschlich und gemein ge¬
1773 1600 3178 1679 einer sogar sagt, es sei Pflicht, alles Gute und alles Schurkische zu
363 1626 1769 1696 wesen. Ich gegen Ich, Ego mit seinem Egoismus im Triumph
1779 1662 3174 1733 begehen, das man innerhalb seiner Fähigkeiten spürt. Nun wollen
354 1681 1756 1760 einherfahrend, über ungezählte, unbeachtete Leichen von anderen Egos
1784 1699 3184 1778 wir nur sehen, ob Herr v. Sala Recht hat mit dem heranwachsenden
357 1732 980 1803 mit schwächeren Egoismen ..
1773 1746 3182 1821 besseren Geschlecht, das mehr Haltung und weniger Geist hat. Es
466 1756 1766 1841 Doch es ist Rache unter den Sternen. Die zwei glänzenden,
1778 1788 3178 1882 kann schon etwas Wahres daran sein. Vielleicht haben wir schon
369 1835 1770 1896 sieggewohnten Selbstlinge, die da am Schlusse sich gegenseitig beichten,
1790 1852 3175 1918 viel zu ästhetisch gelebt, zu artistisch, zu durchtrieben „in Schönheit“.
363 1863 1766 1936 was sie alles als unbedenkliche Weltkinder verbrochen haben, stehen
1776 1897 3182 1988 Und nun will die Erdachse des Herzens ihre Richtung ändern und
371 1923 1762 1979 vor dem kalten, finsteren Nichts. Der geniale Maler Julian Fichtner,
1790 1943 2739 2036 wir werden einen anderen Polarstern erblicken.
371 1958 1773 2034 der sich in Unstätheit verbummelt hat, kehrt bloß heim, um sich vor
1888 1957 3180 2057 Man konnte wirklich gespannt sein, wie dieses feingesponnene,
363 2011 1772 2081 seinem Sohne Felix, der als Sohn des Professors Wegrath gilt, zu
1777 2042 3184 2103 in fast heimlichen Durchkreuzungen und Parallelismen angelegte
363 2048 1771 2119 rechtfertigen. Um sich gleichsam von ihm adoptieren zu lassen, als
1794 2077 3188 2150 Stück sich auf der Bühne ausnehmen würde. Schnitzler hat sich eine
375 2104 1766 2173 rechtmäßiger oder mindestens physiologischer Vater etwas von seiner
1784 2123 3178 2200 eigene Spielart von Dramen geschaffen. Die spielbare Novelle, das
374 2147 1761 2229 Liebe zu ergattern. Doch vergebens das Werben. Seine Geständnisse
1795 2167 3182 2243 aufführbare Tagebuch, das szenierte Selbstbekenntnis, den dialogi¬
372 2193 1761 2249 rücken ihm den Sohn nur ferner und nähern ihn dem guten,
1789 2217 3190 2301 sierten Monolog. Im „Einsamen Weg“ schillert es von dergleichen.
384 2241 1769 2312 ahnungslosen Nährvater, dem von ihnen allen sein Leben lang
1790 2287 3195 2348 Ibsen ist dagegen ein Realpolitiker der Bühnenwirkung. Aber die
365 2294 1771 2354 betrogenen Professor. Ihm wird nichts anderes übrig bleiben, als
1787 2310 3196 2386 Dichtung hat ihren eigenen Stil, der sich langsam im Zuschauerraum
362 2335 1767 2410 der einsame Weg, hinaus in die Oede. Und der andere Selbst¬
1781 2375 3194 2447 verbreitet, sich als Stimmung auferlegt. Der Eindruck steigt von
367 2384 1766 2448 herrliche, der brillante Herr v. Sala, der spöttisch lächelnde Herz¬
1783 2424 2056 2494 Akt zu Akt.
371 2429 1778 2487 kranke, der soeben heimlich das trotzige Mädchen Johanna gewonnen
1893 2439 3193 2521 Vom zweiten Aktschluß an, wo Felix erkennt, wer er ist, hatie
380 2475 1774 2563 hat, die Tochter jener Frau Professor, die einst vom Maler Julian
1798 2499 3196 2576 der Dichter seine Hervorrufe; laute und zahlreiche. Starke Stim¬
372 2523 1775 2603 erobert worden — dieser Todeskandidat, unter drei oder vier Todes¬
1788 2567 3189 2627 mungen stellen sich ein. Im vierten Aufzug, in dieser sichtlich zu Ende
380 2566 1776 2655 kandidaten des Stückes, in dem viel Leben und Sterben durcheinander
1800 2595 3202 2677 welkenden Herbstszene, wo der eine alte Lebemann dem anderen
384 2626 1773 2680 wuchert — dieser impermeabel Ausgepichte und dreimal Ausgeglühte,
1789 2643 3200 2713 die Wahrheit der Wahrheiten sagt. Und Johannas heim¬
371 2666 1774 2735 der elegante Stoiker für die Welt, wie sie nun einmal ist, derselbige liest
1793 2689 3196 2771 licher Liebestod, wie er unter unheimlichen Spannungen sich langsam
377 2712 1781 2773 nun dem bitter gedämpften Sohnsucher den Text, der auch ihm selber gilt.
1794 2736 3204 2806 offenbart. Und Salas, des Lebemannes, bitterer Abschied vom Leben.
380 2766 1784 2824 Haben wir denn je geliebt? „Lieben heißt für jemand andern auf
1791 2785 3205 2856 Der Anteil des Zuschauers war ungewöhnlich tief, bis an den
381 2803 1782 2871 der Welt sein. Davon waren sie beide gleich fern, der Unterschied
1800 2837 3204 2900 Schluß. Dennoch erschienen auf der Bühne gewisse Hauptsachen, die
389 2853 1783 2909 ist nur, daß der Maler „etwas wehleidiger“ ist als Herr v. Sala.
1796 2878 3208 2948 im Lesen einleuchten, etwas mehr konstruiert. Es liegt vielleicht mit
391 2918 1792 2973 Sala ist gewiß ein Philosoph; ein Weltweiser für die Welt, die
1806 2927 3209 2998 an der Darstellung, die hier den Dichter im Stich ließ. Schon
388 2947 1781 3026 nicht weise ist. Er hat längst seine Schlußrechnung beendet und sich
1808 2974 3196 3052 Herrn Stieler (Felix) glaubt man, bei seinem völligen Mangel
380 3010 1786 3074 mit dem großen Fehlbetrag abgefunden, als mit einer verdrießlichen
1811 3025 3201 3100 an Lyrik, also auch an prophetisch ahnendem Wesen, keineswegs,
379 3042 1791 3107 Unvermeidlichkeit. Er kann ja nichts dafür, daß er nichts dafür kann.
1808 3059 3210 3141 daß der blutjunge Leutnant Herrn Julian einen so schwierigen
397 3107 1786 3168 Er ist ein Mensch ... und der ist besten Falles ein halber Ueber¬
1807 3121 3213 3185 Indizienbeweis der Vaterschaft zusammenstellen kann. Daß er über¬
395 3137 1788 3201 mensch, durch einen halben Untermenschen ergänzt. Was kann bei
1808 3161 3212 3233 haupt schon so „erfahren“ ist, seiner Mutter einen solchen Ebe¬
393 3182 1789 3259 solchem Moralkentauren Säuberliches herauskommen? Ueberdies ist
1808 3208 3208 3288 irrtum zuzutrauen. Als eigentliche Gefahr des Stückes erwies sich
385 3229 1785 3299 er ja längst zum Tode verurteilt, als Herzleidender, allerdings nicht
1817 3265 3213 3335 aber die Beichte im dritten Akt. Der Vater erzählt dem Sohne den
394 3277 1790 3344 wegen seines Vergehens wider Johanna. Es ist ein größeres Ver¬
1818 3300 3207 3383 Fall seiner Mutter, mit allen grausamen Menschlichkeiten solcher
388 3324 1796 3389 brechen, eine insuffiziente Bi= oder Trikuspidalklappe zu haben.
1804 3357 3203 3420 Naturerscheinungen. Und Herr Reicher spielt den Vater. Mit einer
397 3390 1800 3438 Johannas wegen könnte er hundert Jahre alt werden, die Klappe
1816 3400 3212 3477 nüchternen Verständigkeit, wie eine rein geschäftliche Sache, berichtet
401 3429 1786 3504 kennt keinen Pardon. Er lächelt ironisch, daß dem sohnlosen Maler
1819 3452 3217 3512 er den ganzen Hergang. Eine interessante Börsenoperation müßte ihn
1344 3468 1796 3546 doch gefaßt gewesen
386 3483 1338 3547 vor der Einsamkeit graut. Darauf mußte er
1807 3490 3219 3560 mehr aufregen. Aber er hat ja überhaupt keinen Funken von dem Feuer
391 3517 1793 3585 sein. „Den Weg hinab gehen wir alle allein ... wir, die selbst
1812 3544 3224 3605 dieses großen Herzenbrechers Julian, der geradezu „faszinierend“ sein soll.
390 3569 1799 3635 niemandem gehört haben. Das Altern ist nun einmal eine einsame
1815 3596 3214 3673 Wäre er ein Mitterwurzer, mit dem liebenswürdigen Teufel im
394 3606 1806 3684 Beschäftigung für unser einen, und ein Narr, wer sich nicht beizeiten
1820 3652 3209 3718 Leibe, der glänzende und wärmende Mensch voll unwiderstehlicher
407 3660 1804 3724 darauf einrichtet, auf keinen Menschen angewiesen zu sein.“ Er selbst
1823 3681 3221 3761 Lebensansteckung, so wäre die Szene vielleicht möglich. So stellt man
402 3707 1800 3775 hat sie stets „in gemessener Entfernung“ gehalten; wenn sic es nicht
1821 3747 3206 3805 sie sich im Leben vor. Aber diesem dürren Berichterstatter müßte der
395 3748 1803 3821 merken wollten, ist's nicht seine Schuld ... Und daß Sohn Felix
1827 3773 3214 3859 junge Lentnant, der über seine Mutter solche Sachen verbreiten hört.
391 3797 1805 3859 von Vater Julian, nach aller weltmännisch reifen Beichte und welt¬
1837 3819 3223 3904 schon beim zehnten Satz an die Gurgel fahren und allen ferneren
399 3861 1768 3927 männisch zugestandenen Absolution — menschlich ist ja menschlich —
1817 3864 3213 3952 Indiskretionen auf Kosten einer heißgeliebten Toten mit Gewalt ein
404 3888 1795 3973 daß der Sohn doch von diesem leiblichen Vater zu dem nichtleiblichen,
1827 3935 3221 4005 Ende machen. Uebrigens macht sich da auch noch ein leidiges, sehr
394 3950 1809 4008 zu dem armen braven Manne mit den Hörnern zurückkehrt, das freut
1823 3962 3227 4049 prononziertes Element geltend, das allenfalls in der Leopoldstadt
409 3998 1803 4055 den Herrn v. Sala. Ihm ist das ein Zeichen, daß die Welt sich
1825 4022 3220 4087 weniger stören könnte. Herr Reicher und Frau Triesch, zwei
405 4032 1808 4096 doch bessert. „Es scheint mir überhaupt, daß jetzt wieder ein besseres
2512 4068 3219 4124 scheinen beide unrettbar diesem
1820 4067 2500 4144 gewiß sehr tüchtige Künstler,
416 4081 1713 4151 Geschlecht heranwächst . . . mehr Haltung und weniger Geist.“
2210 4109 3224 4171 vertallen. Alle Schulzucht und Bühnenübung hat
1845 4130 1950 4175 mest#
1198 4133 1250 4173 (84
757 4138 888 4187 1ean.
