3484 4320
1442 266 1910 359 box 23/5
804 273 1007 340 nSam
291 274 1295 381 18. Der einaane Neg
1115 1255 1593 1396 Münchener Posi
1174 1496 1585 1582 30. Juni 192
845 1618 1584 1722 Tbeater- und Kunstnachrichten.
1793 1625 3065 1764 bleiben und bloße Typen sich mit Schreibtisch=Voraussetzungen
1823 1678 2373 1754 ihres Lebens herumschlagen.
617 1694 1827 1808 Schauspielhaus. Der einsame Weg. Schauspiel in vier
1843 1720 3055 1821 Auf der andern Seite der Handlung, bei dem immer formvollen
576 1735 1276 1817 Akten vonArtur Schnitzler.
1817 1736 3046 1845 Aestheten Stephan von Sala und der immer unklaren, erst ex¬
628 1799 1822 1885 Schnitzler hat nicht nur bühnengerechtere, er hat auch bessere
1810 1786 3054 1900 zentrisch stark geistigen und schließlich wie ein Schulmädchen ab¬
588 1808 1817 1924 Stücke geschrieben. Das Material zu einer Erzählung scheint hier
1816 1819 3062 1939 geschmackten Johanna, ist es um nichts besser bestellt. Wohl fällt
571 1860 1819 1957 sozusagen im letzten Augenblick in Szenen gefaßt und dialogi¬
1819 1866 3062 1976 da für Bassermann eine schöne Sprechrolle in eleganten
1820 1921 3053 2022 Kostümen englischen Stils ab, aber für das arme Fräulein
584 1905 3040 2068 siert worden zu sein. Richt etwa dramatisiert, denn eine [Tiedemann bleibt gar nichts als ein düster=sentimentales Hin
585 1945 1815 2047 eigentliche Handlung bringen diese kommenden und gehenden. un¬
571 1985 1820 2089 ablässig aufeinander und indirekt auch auf uns einredenden Leute
1805 1996 3061 2101 und Her unklarer Gefühlsregungen. Sie ertränkt sich sogar einiger¬
579 2027 1812 2129 nicht zustande. Die, gewiß sehr literarische, sehr gescheite und ge¬
1808 2038 3043 2132 maßen taktlos im Goldfischteich dieses halb imposanten, halb arm¬
1805 2081 2164 2141 seligen Geliebten
2184 2107 3045 2191 und so wird rund und nett der Nachweis
577 2083 3036 2174 pflegte Schreibtischarbeit ist durch ihre moralisierende Lehrhaftig=erbracht, daß ältere chronisch leidende Herren nicht gut daran tun
569 2101 1812 2205 keit vom Leben getrennt. Das Stück ist für die Ehe geschrieben,
567 2143 1815 2250 wie andere Stücke gegen die Ehe. Das ist nett, aber Menschen,
1800 2161 3028 2263 junge Mädchen an sich zu binden, und daß der „einsame Weg“
1800 2188 3029 2294 des gealterten Julian Fichtner die sehr gerechte Strafe ist für die
566 2190 3041 2360 die uns ihre Situation etwas weniger umständlich erklären, da= Abwege seiner jüngeren Jahre. Wäre diese tiefe Ethik nur nicht
575 2233 1678 2318 für aber glaubhafter mach# wollten, wären uns lieber.
600 2272 1805 2364 Wie schlimm es um herzlose alte Junggesellen steht, auch wenn
1790 2288 3030 2392 gar so selbstverständlich und gingen uns diese Menschen nur
1803 2321 2234 2383 menschlich irgend an!
569 2310 1806 2405 sie ihr liebes Ich noch so hochgeistig drapieren, wie unerbittlich
574 2348 1803 2456 ihnen das Leben die Rechnung präsentiert für ihre Genäschigkeit
1824 2363 3040 2456 Schnitzler verwechselte in diesem Stück Gesellschaftliches, das
566 2389 1790 2487 an fremden Tischen und für ihr egozentrisch unsoziales Benehmen,
1801 2385 3035 2503 sich allenfalls derb zugreifendem Sarkasmus als williger Stoff!
564 2437 1793 2525 das wird uns wohl mit vielen schönen Worten und mit dem
1789 2457 3041 2545 gefügt hätte, mit Menschlichem. Er erlag dem Irrtum, es müsse
555 2461 1518 2538 Stimmungsapparat der naturalistischen Bühne
1793 2483 3030 2577 sich aus der sittlichen Fragwürdigkeit ganz unbeträchtlicher Er¬
1553 2505 1796 2566 herbstlichen
562 2501 1795 2607 Birken und fröstelnd=schaurigem Nachtwindgestöhn — genugsam
1798 2524 3020 2626 scheinungen einer unbeträchtlichen Gesellschaftsschicht, nämlich dey
557 2547 1790 2641 eingeprägt, nur prägen sich leider die einigermaßen ungewöhn¬
1780 2558 3019 2678 stark geistelnden Lebemannstums, ein schwermüstiges Heldengedicht
1783 2599 1976 2657 ergeben.
556 2592 1798 2688 lichen Charaktere des Stückes nicht als wahr ein, sondern sie
556 2641 1793 2734 bleiben gutgekleidete Redepuppen, am Schreibtisch erdacht zu dem
1811 2626 3030 2737 Die Aufführung entsprach dem typischen B##o dieser für Mün¬
560 2666 1521 2755 an sich sehr ehrenwerten moralisirenden Endzweck.
1789 2677 3007 2779 chen typischen und mit der Regelmäßigkeit eines Uhrwerks wieder¬
593 2713 1793 2802 Man glaubt dem ins Problematische verbummelten Maler
1772 2712 3007 2829 kehrenden Gastspiele. Nach den Bassermanns werden wir dem¬
543 2746 1789 2858 Julian Fichtner nicht einmal den Maler — Herr Stoeckel hätte
1778 2761 3005 2852 nächst wieder Steinrück begrüßen. Um die Virtuosenleistung, an
1779 2804 3016 2908 der das Publikum seinem mehr der Person als der Kunst gelten¬
547 2793 3023 2941 mit der andauernd mürrisch verlegenen Figur auch einen mitt= den Anteil nimmt, fügt sich der bekannte schlichte Nahmen. Da=
544 2829 3016 2995 leren Verwaltungsbeamten meinen können — wie soll man da bei hat man Kräfte und könnte auch Stücke finden, mit denen sich,
540 2862 1782 2966 dem äußerst bequemen und kühl sebstischen Kuckuck auf einmal
543 2896 1779 3011 die tragische Liebe zu dem Ei glauben, das er vor dreiundzwanzig
1779 2925 3009 3022 wie anderwärts so auch in München, neuzeitliches Theater,
542 2969 1776 3050 Jahren in ein fremdes Nest gelegt? Auch der in den schönsten
1779 2965 3019 3072 Theater des Zusammenspiels, Theater der Kunst, anstatt der künst¬
541 2994 1790 3103 Koloraturen rollende Schrei seiner späteren ältlichen Geliebten
1768 3011 2517 3092 lerischen Einzelpersonen, machen ließe.
2789 3045 2990 3100 1.—
536 3026 1782 3132 nach dem Kinde bleibt unwahres Theater, weil auch hier genau
547 3069 1780 3169 wie in dem Verhältnis zwischen Vater und illegitimem Sohn,
528 3119 1798 3233 die zwingenden Beziehungen der Charaktere zueinander unerhellt
