3484 4352
1113 256 1194 335 W
1462 255 1931 357 box 23/5
528 280 640 348 De
297 271 1324 391 18 „r einsane nen
2758 1073 3414 1130 Unser Geschlecht hat offenbar an
499 1086 2774 1138 Er ist oft geschildert worden, der Spieler, und wir! Vorgänge. Das Auge ist nicht länger der Spiegel der
2762 1117 3408 1199 Erben Ersparnisse anzuhäufen.
1602 1128 2775 1184 Seele, es kann die hellen Außendinge in den reinsten
423 1125 1587 1194 kennen den Typus aus zahllosen Beschreibungen, die an
2843 1158 3423 1231 Hier wird einem die Enth##
1600 1167 2774 1226 Konturen erstrahlen lassen und kein Widerschein inner¬
408 1168 1601 1243 Naturtreue und Beobachtungsschärfe nichts zu wünschen
2766 1207 3432 1284 schwer gemacht. Die wenigen
1596 1210 2767 1268 lichen Verblutens trübt den falschen Glanz. Noch eine
410 1225 1597 1287 übrig lassen. Doch er scheint sich verändert zu haben.
2763 1251 3426 1332 spielen, müssen doch die Preise
1592 1258 2763 1324 Vorstellung weicht: der Spieler ist längst kein Klubmensch
418 1265 1592 1339 Wer die Spielsäle Monte Carlos und seine gesellschaft¬
2764 1296 3426 1355 nehmern gemacht werden, dene
1595 1303 2769 1369 mehr, kein herabgekommenes Mitglied exklusiver Kreise,
406 1311 1602 1384 liche Sensation, den „Sportingclub“, durchwandert und
2764 1354 3416 1421 Spielers sehr geläufig sein mu
1600 1357 2767 1414 kein übermütiger Nabob. Demokratisiert ist die Glücks¬
423 1364 1593 1426 in den Mienen der die Tische belagernden Menschen zu
2760 1396 3416 1472 Gewinner jeden Preis für ein
1594 1400 2767 1471 kugel, von plebejischen Fäusten abgegriffen und von
417 1406 1600 1471 lesen versucht, wird die alte vertraute Vorstellung, das
2770 1440 3430 1520 willigt, und sie wissen, daß es
1586 1454 2772 1514 plumpen Arbeiterhänden ins Rollen gehracht. Spiel¬
405 1458 1599 1522 Spielercliché, kaum wiederfinden. Wo sind die verzerrten
2771 1497 3400 1561 schon nicht mehr ankommt“. Z
1593 1497 2760 1563 verluste und =Gewinste sind so alltäglich geworden, daß
417 1493 1598 1576 Zuge, die krampfhaft geballten Hände, die blutig
2763 1541 3432 1600 nur, daß man sich das Klima
1597 1545 2764 1619 es vielleicht deshalb nicht mehr angeht, den eigenen
417 1539 1595 1621 gebissenen Lippen ? Fest und undurchdringlich sitzen die
2764 1584 3429 1655 was keinen etwas gekostet hat u
1597 1579 2774 1651 schlimmen Zufall durch gellende Verzweiflungsschreie zu
414 1588 1598 1669 Masken, und man kann an Schnitzlers Herrn v. Sala
2755 1641 3427 1707 zu beschaffen vermöchte. Es ist
1603 1645 2773 1704 bezeichnen und mit Menschenblut zu färben. Das
421 1633 1592 1705 denken: „Es scheint ein esereGeschlecht heranzu¬
2766 1681 3435 1750 erinnert sich, wie gern man für
1596 1688 2773 1758 pathetische romantische Schicksal des Unglücklichen, der
415 1690 1592 1759 wachsen; mehr Haltung und weniger Geist.“ Die Haltung
2766 1731 3432 1802 gute Luft jedes mögliche Geldop
1594 1737 2771 1803 an den Rand des Abgrundes und in die Tiefe letzter
424 1727 1595 1798 ist wahrhaftig bewunderungswürdig. Sie erleichtert der
1597 1763 2764 1843 Verzweiflung geschleudert wird, ist längst in ein banales
2835 1779 3441 1848 Je weiter man sich nach rech
422 1785 1603 1853 Spielbank ihr Dasein und schafft das geläusige Plakat
1599 1828 2766 1893 kleinbürgerliches Ereignis verwandelt worden mit dem
2763 1827 3438 1903 Carlo entfernt, desto mehr vere
418 1828 1602 1907 des unglücklichen Spielers ab; man bleibt auf die
1605 1878 2772 1953 sich kein Staat machen läßt. Alle spielen, alle gewinnen,
425 1869 1606 1959 Phantasie angewiesen. Die Gelassenheit, mit der jetzt
2773 1886 3435 1955 Thema des Spiels. Gerade die
1595 1927 2772 1994 alle verlieren. Was einmal Leidenschaft war und als
428 1915 1590 1984 Existenzen sich preisgeben, um einer Gier zu frönen, ist
2771 1937 3443 2000 Riviera, Nizza, ist aber noch v
1597 1963 2764 2035 solche auf ihren Gipfeln immerhin angestaunt werden
426 1970 1601 2031 fast bewundernswert. Es wird dem Mammon nicht mehr
2772 1986 3438 2045 der Erholung ernst ist oder wer
419 2018 1587 2101 sichtbar nachgejagt, mit wütenden Gebärden und fiebern¬
1593 2020 2770 2110 konnte, ist zu einer kleinen, schäbigen Gier zusammen¬
2767 2036 3429 2100 wählt Mentone, Beaulieu oder
426 2060 1597 2140 den Augen, nur müde, wohlgepflegte Hände strecken sich
2773 2076 3416 2149 An diesen Orten kann man
1596 2082 2763 2139 geschrumpft. Es wäre müßig, heute noch Spieler¬
425 2107 1603 2183 mit scheinbarer Gleichgiltigkeit nach ihm aus. Zufrieden
1609 2131 2766 2175 gestalten aufzählen zu wollen wie einst. Damals bevöl¬
2772 2114 3389 2196 Gefühls wieder froh werden,
429 2154 1603 2231 lächelnd erhebt sich dort einer von einem mühsam er¬
1600 2156 2768 2228 kerten das Kasino und die Klubs Aristokraten, große
2766 2168 3365 2244 einigen Wert hat. Freilich,
423 2211 1601 2277 worvenen Platze am Trente et quarante-Tisch, entfernt
1608 2217 2765 2276 Herren, Magnaten, die Reichen der Erde, gewerbsmäßige
2774 2222 3420 2281 andere, trotz Sonne und verfrül
1603 2269 2770 2334 Spieler mit den eleganten Allüren internationaler Mit¬
419 2253 1601 2342 sich verbindlich lächelnd aus dem Saal, schlendert mit
2767 2274 3446 2337 Traurigkeit, ein schmerzliches Ba
426 2298 1594 2377 nach innen gerichteten Blicken den betörenden Strand ent¬
1597 2305 2765 2377 giftjäger und jene gefährlichen Abenteurer des Lebens,
2762 2317 3448 2379 vielleicht deshalb weil sie von so
425 2344 1596 2420 lang, und wenn es dunkelt und die tausend
1596 2354 2767 2423 deren Heimat schwer zu erforschen ist und die von Fran¬
2774 2348 3429 2425 geatmet wird. Wenn man vor de
422 2382 1596 2474 Freudenlichter aufglühen, die die bunten Gäste dieses
1597 2409 2770 2472 zosen Rastaquouéres genannt werden. Ihre Partnerinnen
2761 2403 3436 2464 Stimmungen, die in der Ein
427 2444 1594 2518 Bacchanals zu neuen Festen laden, gibt es einen schwachen
1613 2451 2773 2519 waren die Elite aller Frauen, kosmopolitische Schön¬
2764 2451 3449 2517 dräugenden Sehnsucht nach der
421 2499 1605 2568 Knall, und ein Leben ist nicht mehr. Ganz still wird es
1597 2500 2768 2562 heiten, weibliche Mitglieder aheliger Kasino, die großen
2776 2508 3449 2571 Kreise der Seinen anfachsen kan
435 2535 1609 2608 abgeworfen, beinahe schüchtern; behutsam, um ja nicht
1598 2540 2776 2608 Damen der halben und ganzen Welt. Heute ist die
2775 2548 3444 2623 strtzenden Hotelhallen flüchtet,
429 2578 1596 2667 zu stören, ist ein Zerschellter um die Ecke gegangen. Die
1599 2587 2766 2669 „petite bourgeoise“ mit ihrem Mann oder männlichen
2766 2602 3455 2664 wühlenden Klänge jener Zigen
436 2629 1596 2706 Lücke schließt sich, ohne bemerkt zu werden, der Ver¬
2295 2641 2764 2723 — der häufigste Gast
1604 2653 2312 2726 Begleiter — wo ein Gatte fehlt -
2771 2646 3410 2722 Oesterreicher lauschen kann, oh
435 2672 1602 2767 gnügungsbecher schäumt hoch auf, niemand sieht die
1597 2698 2132 2770 der prunkvollen Räume.
2773 2695 3461 2775 des Heimwehs bekämpsen zu mü
431 2721 1604 2805 Blutstropfen, die ihn trüben wollen. Geräuschlos kommen
2846 2742 3459 2816 Die Winterluft im Süden
1675 2733 2776 2827 Das läßt beinahe auf veränderte Anschauungen in
436 2776 1617 2856 und gehen die Passagiere, niemand fragt wohin, in die
2764 2782 3423 2865 Engländer „reloring“ nennt,
1606 2799 2776 2871 Lebensdingen schließen. Reisen, die früher Auserwählte
425 2811 1198 2909 Heimat oder für immer ins Dunkel.
2768 2835 3443 2908 müde, und nach der Wärme
1600 2851 2768 2923 von ihren Zinsen bestritten haben, muß heute das
533 2840 1589 2925 Es ist ein neuer technischer Fortschritt zu notieren
2769 2893 3458 2948 man im Dunkel des Abends. Ma
1597 2895 2768 2966 Kapital ermöglichen. Die Welt scheint unbekümmerter ge¬
440 2900 1611 2987 die Technik der Selbstbeherrschung; sie darf den modernen
2767 2945 3442 3012 Und das ist ja Erholung. Die F
1608 2940 2769 3012 worden und so erfüllt von ihrer Gegenwart, daß an die
437 2958 1607 3022 Errungenschaften angegliedert werden, denn sie hat eine
2758 2985 3453 3069 dankenlose, erfaßt einen leichter in
1603 2992 2780 3078 Zukunft nicht gedacht wird wie einst. Die Söhne und
431 3008 1599 3106 Höhe erreicht, die eines der schwierigsten menschlichen
438 3037 3094 3138 Kunststücke gestattet: die absolute Verhüllung innecer Enkel werden wohl auf eigenen Fußen stehen müssen. Monte Carlo.
