3436 4320
802 304 946 357 S 3
278 286 1260 394 18. DerNeg
647 1534 1273 1629 Dr. Max Goldschmidt
638 1627 1277 1695 Büro für Zeitungsausschnitte
1003 1666 1444 1745 Teleion: Norden 3051
471 1674 744 1758 BERLIN N4
782 1791 1119 1852 Ausschnitt aus:
510 1854 1392 1927 München-Augsburger Abendzeitung
961 1904 1348 1993 & 1. Juni 1927
558 2076 1500 2133 H. W. G. Münchner Schauspielhaus. Arthur?
503 2115 1465 2168 (Schnitzlers Schauspiel „Der einsame
516 2162 1468 2217 Weg“ ist anläßlich des Bassert ann=Gastspiels
518 2200 1461 2254 neu einstudiert worden. Das Stück atmet jene
518 2245 1461 2294 eigentümliche Schwermut des Herbstes, die gerade
518 2287 1457 2332 von österreichischen Dichtern so häufig dargestellt
508 2321 1465 2376 wird und deren nachdenklicher Reiz mehr in der
515 2354 1467 2403 Milieu= und der Menschenbeschreibung als im rein
522 2401 1467 2461 Dramatischen zu finden ist; deshalb liegt auch die
523 2447 1476 2507 Bedeutung des „Einsamen Weges“ in der von
528 2474 1468 2531 Schnitzler meisterhaft festgehaltenen Stimmung
522 2526 1479 2578 und in novellistischen Zügen, die freilich zum
523 2549 1489 2615 Zartesten und Tiefsten gehören, was ihm gelungen
518 2580 1483 2647 ist. Alle diese Menschen, die ein Leben ohne Liebe
495 2632 1522 2728 gelebt haben und nun, da die Blätter sinten, mit,
501 2716 1465 2777 dem Schauer der Einsamkeit ihren Weg vollenden,
515 2762 1475 2814 sind vom Dichter mit den Farben der typisch öster¬
524 2803 1480 2856 reichischen Melancholie angelegt, und er schreibt
530 2845 1473 2900 nicht umsonst Wien als Schauplatz der Handlung
529 2874 1474 2934 vor. Es mag an den Ferien liegen, daß es der
518 2909 1480 2976 Aufführung nicht gelang, diese Wienerische Atmo¬
518 2962 1475 3029 sphare anzudeuten; das Ganze blieb — eben als
520 3000 1476 3038 Ganzes — zu hart und zu verstandesmäßig. Daß Al¬
511 3043 1465 3095 bert Bassermann in der Rolle des Stephan von
520 3074 1475 3120 Sala Bedeutendes und schließlich Erschütterndes
514 3115 1475 3165 zu geben hatte, ist bei diesem großen Künstler
508 3150 1483 3207 selbstverständlich; Else Bassermann, in der Rolle
515 3199 1467 3235 der alternden Schauspielerin Irene, kam der ur¬
507 3238 1491 3316 sprünglichen Stimmung sehr nahe. Stück und Dar¬,
518 3272 1279 3338 stellung verfehlten ihren Eindruck nicht.
1415 294 1878 380 box 23/5
2025 1064 2673 1149 Dr. Max Goldschmidt
2018 1133 2668 1230 Büro für Zeitungsausschnitte
1828 1204 2140 1278 BER N4
2377 1220 2826 1288 Teleion: Norden 3051
2171 1314 2502 1393 Ausschnitt aus
1884 1377 2786 1452 Bayerischer Kurier, München
2327 1483 2744 1613 2 7 Juni 1927
2194 1605 2528 1694 Theater.
1944 1666 2856 1759 Schauspielhaus. Schnitzlers „Einsamer Weg“
1866 1715 2856 1803 ist vielleicht des Dichtees privatester, zartester Aus¬
1870 1764 2847 1844 druck, innerlich schwingend . . . und ... verflüchtend.
1874 1805 2868 1897 Die Gegenwirkung auf diese sich ins eigene Ich zurück¬
1880 1851 2839 1914 ziehende Schwingungswelt bleibt heute gänzlich aus.
1865 1881 2846 1977 Wir suchen einen Gemeinschaftsweg und =ausdruck,
1868 1933 2856 2015 einen alle bindenden, nicht lösenden, die Grenzen die¬
1856 1969 2857 2049 ser Daseinsform befestigenden, elementaren Rhyth¬
1856 2019 2847 2103 mus. Am Anfang und Ende des einsamen Wegs (der
1867 2061 2848 2140 vergangenen Epoche) steht das Nichts, der Tod. Das
1859 2099 2847 2179 Leben ist ein berauschendes Nichts, der Tod ist ein
1862 2145 2847 2226 Nichts. In der Mitte liegt ein Sichgehenlassen, ein#
1858 2187 2826 2254 trostloses Dahintreiben; gleichgültig, ob der Sinnen¬
1855 2232 2818 2295 rausch fremdes (Frauen=)leben zerstört (Fichtner), ob
1853 2279 2833 2354 (männliches) Ich vom Du in schöngeistigem Aestheti¬
1841 2317 2814 2388 zismus sich sorgsam distanziert (Sala), oder diese Da¬
1855 2356 2815 2436 seinsform vereinsamt durch alles reuende, überemp¬
1841 2395 2803 2481 findliche Schonung fremder Individualität (Reu¬
1842 2454 2806 2526 mann). Das Dionysische wie Apollinische trägt sich im
1843 2475 2809 2562 gleisnerisch geglätteten weichen Asphaltgewande der
1840 2529 2812 2598 Wiener Großstadt, feinnervig zwar und ebenso ster¬
1838 2561 2804 2657 bensmüd wie ferne dem metaphysischen Trost und
1829 2612 2803 2697 Ursinn. Warum darf man nie diese Schnitzlersche
1834 2647 2802 2732 Romantik, dieses Melancholieumspültsein als etwas
1829 2689 2799 2768 Positives werten, was vielleicht den Menschen im
1820 2740 2801 2823 weiten Land des Jenseits verankern möchte? Nein;
1828 2784 2786 2853 hinter diesen impressionistischen Reizen und sprach¬
1824 2824 2800 2920 lichen Bildern liegt Ohnmacht, Schwäche des Nicht¬
1820 2898 2790 2965 glaubens, Nichtglaubenkönnens, eines weltmännischen
1823 2953 2801 2992 Kokottentums. Statt Dichtung haben wir hier (Welt¬
1831 2990 2799 3050 manns) Literatur. Statt Schicksal ästhetisch garnier¬
1827 3032 2792 3098 ten Hohlraum Leben und Tat verspielender Genüß¬
1831 3077 1955 3139 linge.
1903 3110 2789 3172 Und immer wieder belästigt uns Bassermann da¬
1831 3168 2802 3221 mit. Der Künstler bewegt sich rückläufig. Er gibt
1826 3207 2787 3247 den Herrn von Sala. Er gibt den Charakter nicht als
1816 3254 2788 3305 künstlerisch geformtes Sein, er gibt nicht die Substanz,
1821 3301 2788 3348 sondern mosaikartig virtuos nebeneinander gesetzte
1827 3332 2784 3392 charakteristische Eigenheiten. Eine nicht mehr zu
1835 3368 2798 3426 goutierende Darstellungsart, deren Besonderheiten
1823 3422 2782 3470 (wie Raunzen oder Krächzen, Schnarren mit der
1824 3465 2794 3512 Nasé) sogar mit einem ästhetischen Naturalismus
1823 3505 2793 3553 nicht mehr zu vereinigen sin. Die übrige Vorstellung
1820 3552 2793 3607 bte unter Stoeckels Regie einen retardierenden Im¬
1815 3590 2798 3651 pressionismus und stand im Niveau eines provinziel¬
1818 3630 2789 3699 len Sommertheaters mit verschiedentlichen Fehl¬
2504 3674 2771 3732 O. F. Sch.
1801 3675 2063 3734 besetzungen.
