3436 4224
1085 210 1160 292 W
1422 213 1885 312 box 23/4
257 211 1283 336 18. Der einsane neg
169 1594 3043 1714 keigert sich diese Empfindung fast ver= ausreichen, ihn und seine Bedingungen restlos zu er¬ Alles kommt aber auf die Doppelsigur Julian Fichtner
174 1665 3051 1711 Ersteckten Hasse gegen den Knaben, derfassen. Das Wort Freuds „Der Selbstverrat dringt den und Stephan von Sala an, und gerade hier ließen
186 1708 3045 1784 teilhastig wird, dessen er nicht wert ge= Menschen aus allen Poren“ wird zur Erfüllung vor die beiden Darsteller, Herr Devrient wie Herr
173 1753 951 1840 chter führt den Leser vor Abgründe der
944 1764 2003 1854 jener eindringlichsten „seelischen Tiefenforschung", wie
1984 1781 3050 1850 Walden, manchen Wunsch unerfüllt. „Wir bringen
168 1807 549 1869 en es uns graut.
949 1822 1987 1890 sie eben die umfassende Studie Theodor Reiks:
1983 1825 3042 1907 einander die Stichworte so geschickt — finden Sie
171 1839 935 1925 chon hier eröffnen sie sich dem forschenden
941 1871 1989 1936 „Artur Schnitzler als Psycholog“ (Minden, J. C. C.
1980 1884 3050 1957 nicht?“, fragt Sala. Wir antworten angesichts der
202 1909 948 1976 süßen Worten der Schwermut über¬
938 1922 1997 1992 Bruns) geschrieben, nicht bis in seine letzten Kon¬
1982 1933 3044 2017 Aufführung mit nein! Gerade die notwendige seine
219 1957 948 2027 eindringlichster Seelenforschung wer¬
933 1964 1991 2029 sequenzen unanfechtbar, aber sicher in seinen Grund¬
1986 1991 3037 2050 Zusammenstimmung des Dialogs fehlte, da Herr
180 2008 934 2081 en, so zahlreich, daß das einzelne Drama
931 2014 1986 2094 linien, scharf in den Beobachtungen, an denen auch
1978 2031 3037 2103 Devrient in hohle Deklamation verfiel und das Werk
206 2037 931 2129 noch weniger durchzuführen vermag.
943 2069 1983 2136 der Literarhistoriker nicht mehr achtlos vorübergehen
1985 2080 3033 2144 selbst ins französische Sensationsstück hinüberspielte,
210 2101 931 2170 e steht das Verhältnis von Sohn und
937 2118 1992 2183 darf. Und wie eine Vorarbeit mutet die kleine Skizze
1988 2137 3032 2210 eine Annäherung, die nicht genug vermieden werden
197 2155 937 2217 f Grundlage der Feindschaft autoritäts¬
936 2178 1984 2257 von Hans Sachs: „Die Motivegestaltung bei
1984 2190 3032 2261 kann, und Herr Walden dem größten Teile seiner
175 2208 943 2274 Jugend, das im Bernhardi dann sich
930 2203 1684 2288 Schnitzler“ („Imago“, Band 2), an.
1981 2231 3026 2305 Rolle wieder nur seine äußerliche Korrektheit lieh,
169 2247 940 2327 rung des Vatertypus wenden wird.
963 2274 1973 2348 Keine ungünstigere Stätte für ein derartig inner¬
1973 2286 3035 2348 hinter der kein starker seelischer Unterton schwingt. Er
173 2298 938 2379 ide der einstigen Schauspielerin Irene
940 2319 1982 2399 liches Werk als der weite Raum des Burgtheaters.
1984 2332 3039 2396 blieb unpersönlich, uninteressant, bis zu dem Moment
174 2367 938 2440 ge um das ungeborene Kind und die
928 2375 1973 2449 Den Stil des Dramas festhalten, führt zur Undeutlich¬
1969 2376 3020 2451 des letzten Aktes, der Sala das Todesurteil verkündet.
174 2403 938 2482 Mutterschaft, Johanna träumt, eine
938 2426 1975 2495 keit, ihn den Bedingungen des Ortes entsprechend
1981 2437 3039 2503 Da, in dem Kampfe zwischen dem Versuche, Haltung
210 2468 935 2532 Wangel, vom Glück der Ferne in
937 2472 1967 2553 steigern, zur Vergröberung. Die Darstellung ging den
1972 2479 3028 2564 zu bewahren und dem innerlichen Bruche, fand Walden
169 2506 926 2570 Wanderphantasien. Die hilfreichen Ent¬
929 2533 1974 2599 ersteren Weg, verfiel aber auch zum Teil in die er¬
1969 2527 3030 2601 Töne von einer Intensität und Tiefe, die nur einem
162 2556 933 2626 en wieder, parallel geführt, in Wegrath
934 2573 1978 2638 wähnte Konsequenz. Ganz wundervoll war die Stim¬
1974 2578 3033 2651 großen Künstler erreichbar sind. Ihm war die tiefe
166 2606 937 2676 mann, der in dem Dr. Mauer des
933 2625 1977 2694 mung der Szenerie, namentlich in Herrn von Salas
1978 2633 3030 2712 Wirkung des Ausganges zu danken, während die
208 2639 930 2731 viel bestimmter umrissen wiederkehrt,
926 2671 1978 2752 traumhaft schönem Garten mit dem Ausblick auf die
1985 2682 3033 2755 mittleren Akte das zur Aufmerksamkeit sehr bereite
168 2708 932 2771 ian zeigt uns in seiner Beichte schon
931 2726 1972 2804 Hügel des Wienerwaldes. Die entzückendste Leistung
1972 2731 3031 2801 Publikum dochermüdeten. Ein etwas lebhafteres Spiel¬
179 2758 925 2829 später ins Freie führen soll. Das Stück
930 2774 1971 2857 des Abends brachte Frau Bleibtreus Irene, die
1969 2780 3035 2857 tempo, namentlich bei dem zum Ziehen so neigenden
183 2805 926 2882 Kompendium Schnitzlerscher Meinung
926 2822 1974 2904 in dem bodenechten Humor wie der leisen Sentimenta¬
1967 2823 3023 2907 Darsteller des Herrn von Sala, könnte da wohl noch
195 2862 928 2931 geistig und ethisch tiefgreifend, doch
931 2874 1980 2948 lität der großen Künstlerin geradezu ein neues Gebiet
1975 2880 3019 2956 helfen. Jedenfalls darf man dem Burgtheater wärmstens
211 2911 928 2980 Klarheit der Bühnenform ausgereist,
924 2918 1983 3011 zu erschließen scheint. Ebenso war auch Herrn
1973 2931 3011 3019 danken, daß es sich sein Recht auf eine versäumte
170 2947 931 3043 Wegrath senken sich immer neue Schleier
921 2982 1976 3053 [Gerasch' Felix eine Überraschung in seiner schlichten
1962 2985 2353 3063 Pflicht genommen.
178 3011 925 3086 ung herab. Nirgends hat die moderne
928 3026 1984 3103 Natürlichkeit und unpathetischen Sprechkunst. Rührend
2424 3016 3004 3128 Alexander von Weilen.
186 3063 929 3128 Psychoanalyse gegründetere Veranlas¬
921 3075 1976 3153 die Mutter der Frau Haeberle, wie der Professor
193 3109 914 3185 feinen Instrumenten zu sondieren als
926 3126 1981 3196 Wegrath des Herrn Paulsen. Die äußerst undank¬
193 3165 922 3233 e, als bei Artur Schnitzler überhaupt.
921 3178 1979 3248 bare Johanna erhielt durch Frl. Wohlgemuth
194 3197 1974 3308 liefert andere Anamnesen als der gute Repräsentation und schöne Form. Herrn Herte¬
171 3263 2008 3372 gangenheit, wo alle Dokumente nichtrichs Reumann erwies sich wohl als völlig unzureichend.
