3436 4384
1420 291 1880 378 box 23/5
1079 303 1171 368 W
907 311 1003 370 m
787 316 875 374 I S
273 314 1262 408 15
1367 965 1664 1074 120f 1 10 18
1032 1055 1779 1160 Hambaige. Plendenblan
1189 1376 1659 1454 Theater, Kunst
1181 1448 1838 1554 und Wissenschaft###
1009 1505 1191 1558 AM
1171 1511 1333 1589 mcten
1031 1578 1789 1675 Deuischeg=Schauspielhaus.
1016 1653 1869 1714 Gestertko##s zum Ersten Male das bereits
1011 1690 1871 1740 fünfzehn Jahrch geschriebene fünfaktige Schau¬
944 1729 1059 1781 sciel
1174 1739 1874 1796 f einsame Weg“ von Arthur
943 1780 1879 1834 Schnibler gegehen. Aber in diesen schwer¬
934 1814 1868 1861 sten Stüden Deutschlands versagten die sonst
947 1866 1871 1909 so wirkungsvollen melancholischen Reize, die
935 1895 1872 1937 ein Kennzeichen der Stücke des nachdenklichen
940 1940 1865 1992 Wiener Dichters sind und die im „Einsamen
933 1977 1863 2035 Weg“ besonders stark hervortreten. Diese
940 2007 1869 2066 Schmerzen zweier eleganter Lebensgenießer,
939 2054 1859 2099 die den Herbst kommen fühlen und die Ent¬
928 2084 1790 2137 sagung, das Begnügen an der Erinnerung
927 2123 1868 2186 die Stelle des unbedenklichen Genusses treten
935 2163 1858 2219 lassen sollen — wie nahe wären sie uns einst
931 2203 1858 2252 vielleicht gegangen, wie kalt lassen sie uns
927 2245 1869 2286 heute! Was einst vielen aks. Ursprünglichkeit
935 2277 1861 2331 erschienen wäre, dünkt uns heute sentimentale
927 2316 1863 2367 Mache. Der eine der beiden 45jährigen Lebe¬
934 2365 1856 2413 männer gewinnt sich noch einmal die Neigung
933 2400 1859 2442 einer Achtzehnjährigen, obwohl er wegen sei¬
923 2438 1849 2480 ner Herzschwäche dem Lebens= und Liebes¬
920 2471 1858 2519 genuß Valet gesagt hat. Sie begeht um seinet¬
931 2511 1866 2573 witten Selbstmord und er — erschießt sich, da
921 2535 1736 2607 der Herzschlag auf sich warten läßt.
1744 2554 1866 2606 Der
932 2595 1866 2637 andere entdeckt in dem Sohn einer ehrenwerten
923 2629 1857 2675 Familie sein Kind, wirbt aber vergebens um
917 2656 1863 2725 dessen Zuneigung. Durch diese beiden Fälle
911 2699 1864 2770 will der Dichter beweisen, wie schmerzlich ein¬
908 2748 1860 2795 sam die selbstfüchtigen Genießer des Lebens
909 2779 1863 2823 die letzte Hälfte ihres Daseins zurücklegen müssen,
913 2823 1849 2874 von nagendem Schuldgefühl gepeinigt und den¬
916 2863 1851 2915 noch außerstande, zu bereuen. Wie merkwürdig
907 2906 1859 2944 berührt es uns heute, da eine ganz andere Tragik
907 2945 1847 2989 unser Wesen bedrückt, daß wir dergleichen einst
912 2978 1858 3043 als ernsthafte Dichtung haben nehmen können!
906 3019 1850 3074 Das Stück ist zudem ein Zwitter. Es wirbt um
908 3071 1854 3114 unsere Teilnahme einzig für die beiden ent¬
911 3102 1840 3152 täuschten selbstsüchtigen Genießer während die
912 3138 1844 3188 selbstlosen Erfüller ihrer Lebens= und Arbeits¬
909 3181 1843 3233 pflicht, ein alter Künstler und ein braver Arzt,
913 3216 1846 3260 ihnen nur als Folie dienen. Gegen diese Unge¬
906 3258 1850 3302 rechtigkeit, diese Schiefheit der Auffassung lehnt
896 3296 1847 3347 sich das gerade Gefühl auf. Und nur wider¬
908 3335 1843 3376 willig erkennt man manche Feinheit in der
908 3376 1834 3428 Charakterzeichnung und in der Stimmungs¬
894 3401 1842 3470 schilderung an, die das Schauspiel auszeichnet.
901 3454 1844 3488 Aber es fehlt ihm jede Größe. Schnitzler war
901 3483 1828 3532 Arzt, ehe er Dichter wurde. Aber auch als
892 3521 1842 3567 Dichter ist er seinem ursprünglichen Beruf treu
902 3568 1837 3610 geblieben: er etablierte sich als Spezialarzt für
900 3610 1842 3650 erotische Katzenjammerzustände. Als solchen be¬
890 3638 1829 3700 tätigt er sich auch in dieser Tragikomödie. Aber
894 3687 1829 3731 der nervöse Sensualismus, der das Theater¬
896 3713 1829 3760 publikum früher für Stücke dieser Art empfänglich
895 3762 1840 3811 machte, ist durch den furchtbaren Krieg der letzten
885 3801 1871 3864 bier Jahre unid durch seine jetzige Wendung völ¬
1890 1315 2839 1376 lig entwurzelt, und man fragt sich einigermaßen
1891 1361 2840 1394 verwundert, wie das Schauspielhaus und sein
1893 1393 2843 1454 künstlerischer Leiter, der den „Einsamen Weg“ selbst
1901 1433 2837 1496 inszeniert hatte, gerade in dieser Zeit nach diesem
1907 1471 2836 1512 Stück greifen konnten. Dramen, denen es nur
1898 1515 2837 1558 um eine Wirkung auf die Nerven zu tun ist,
1895 1553 2819 1598 bedürfen Dder malerisch=reichen Bühne. Dr. Eger
1903 1586 2825 1637 hattedessen die höchsten szenischen An¬
1908 1619 2826 1684 strengungen gemacht. Seine Inszenierung ent¬
1908 1664 2827 1721 faltete in den geschmackvoll komponierten Land¬
1908 1707 2828 1761 schaften und Innenräumen allen Zauber der
1897 1741 2833 1803 Kulisse, und die Darsteller erschöpften sich in
1903 1784 2827 1838 feinen und komplizierten Leistungen, um alle
1890 1813 2825 1888 Schattierungen in den Stimmungen des „Ein¬
1896 1862 2834 1913 samen Weges“ herauszubringen. Die beiden
1891 1908 2831 1954 melancholischen Lebemänner gelangen Robert
1880 1944 2815 1986 Nhil und Carl Wagner vortrefflich.
1888 1977 2820 2023 Julius Kobler und Hermann Wlach
1888 2024 2823 2071 zeichneten nicht minder zutreffend ihre Anti¬
1891 2055 2812 2099 poden. Reinhold Lütjohann gab den
1891 2097 2825 2142 Jüngling, um den sich der illegitime Vater be¬
1878 2131 2814 2178 müht, mit liebenswürdiger Energie, und Hilde
1883 2179 2825 2226 Knoth lieh ihrer verliebten Achtzehnjährigen
1884 2214 2832 2261 ophelienhaften Reiz. Von den sonstigen Dar¬
1881 2256 2832 2312 stellern erwarben sich noch Gertrud Arnold
1878 2304 2828 2346 und Julia Serda erwähnenswerte Ve#
1870 2337 2824 2392 dienste. Das Publikum, obwohl es ziemlich
1876 2367 2824 2434 kühl blieb war gutmütig genug, am Schlußeeb¬
1874 2409 2388 2470 haften Beifall zu äußern.
2608 2408 2771 2473 J#.
