3484 4320
1424 226 1890 319 box 23/5
830 232 993 295 1S GM
264 228 1296 338 18. Der einunge Nen
1982 1188 3173 1274 — schracht ein Mißerfdig war, wurde
964 1214 1831 1299 Sephen C4. Velucer Fanz baum.
1981 1257 3172 1314 auch mir gegenüber verschleiert. Erst all¬
173 1241 843 1349 n eingen Puniaten wieder
1978 1308 3166 1364 mählich drang der wahre Sachverhalt zu mir. Indessen
1990 1404 3174 1471 Expedition unternehmen, in ein paar Wochen wird er reisen
840 1407 1987 1482 Frist den Revolver in die Hand drückt. Angst vor der Nähe
181 1419 832 1487 klose Angst hetzt hinter unendlich
1987 1440 3175 1510 und vielleicht nie zurückkehren. Vorher aber verführt er,
837 1452 1992 1523 eines Sterbenden. Angst vor Unehre. Angst vorm Alleinsein.
185 1454 832 1533 man glauben und als das Heer
1985 1501 3172 1557 Fichtners unsentimentalerer Kollege im Egoismus und im
824 1509 1686 1592 Angst vor dem Wehrlos=Ueberfallenwerden.
181 1511 843 1566 möchte. Wer aber annimmt, daß
1995 1543 3175 1610 Altern, die junge Johanna Wegrath, die mit seiner Tochter
170 1555 840 1627 tliche Figuranten sind, die ihr er¬
921 1543 1986 1629 Die junge Johanna Wegrath empfindet, eben um ihrer
1983 1585 3178 1670 aufgewachsen ist. Der Tod hat ihn gestreift, er fühlt ihn, will
181 1601 844 1680 ildentum aus Angst geboren, wie¬
839 1604 2001 1678 Jugend willen, Scheu, die dem Abscheu gleichkommt, vor
1986 1644 2951 1723 das letzte Feuer schüren. Er handelt, wie er muß.
184 1656 835 1708 ingst bewährt wurde, sollte man
837 1671 1999 1719 allem, was das Ende an der Stirn trägt. Sie ist Anfang;
189 1698 829 1759 sonst träte ein Erdbeben der
831 1712 2004 1775 sehnsüchtiger Beginn. So widerstrebt ihr der Verfall. So hält
2072 1692 3174 1783 In ihre Notwendigkeiten gebannt, leben und sterben die
168 1730 839 1818 es nicht gemeinhin die kleinsten
847 1755 2001 1817 sie es in der Atmosphäre ihrer sterbenden Mutter nicht aus.
1986 1746 3170 1827 Menschen dieses Schauspiels, das sich zu keiner Konzession
715 1786 839 1850 das
682 1805 739 1849 *
189 1783 648 1848 n die größten entstehen
836 1811 1998 1865 So sinkt sie dem Herrn v. Sala in die Arme. So tötet sie
1994 1808 3177 1868 versteht, auch nicht zu der einer äußerlich bewegten
179 1815 842 1915 ng, mit Ja oder Nein beantworten.
833 1847 1999 1932 sich, als sie weiß, daß er bald sterben wird. Sie handelt, wie
1993 1857 3177 1916 dramatischen Handlung, da seine motorische Kraft durchaus
190 1873 841 1968 Illusion, mit Ja, wenn man die
843 1903 1043 1982 sie muß.
1989 1904 3169 1970 im Innersten ruht. Es spielt, mit einem sehr zart und leise
910 1921 1990 2000 Der Maler Julian Fichtner hat Johannas Mutter
1986 1966 3177 2018 abgestimmten Orchester, die Musik des Hinabgehens, die
163 1959 837 2045 die Schnitzler, als der zu ihr ver¬
833 1983 1996 2073 geliebt, als sie achtzehn Jahre war und den Maler Wegrath
1987 1995 3175 2056 Dissonanz der Liebe zu sich selbst. Die Overstimme führt:
163 2025 844 2089 m Worte seines Schaffens sucht,
839 2028 1949 2125 zum Manne nehmen sollte. Er hat sie verführt, im Stiche g#
1990 2047 3174 2114 Einsam werden, die nicht lieben können. Aber die Stimme
174 2077 841 2132 derlich, daß man diesem Schaffen
845 2086 1999 2161 lassen, sie hat den Maler Wegrath trotzdem geheiratet. Felix,
1994 2093 3185 2167 von unten kontrapunktiert: Der du Angst hast, klammere.
162 2104 832 2190 tgegenhält, es beschäftige sich vor¬
839 2144 1997 2202 der Sohn, den sie gebar, ist Fichtners Sohn. Aber er wird als
1986 2147 3170 2220 dich nicht an den Begriff Gegenwart. Gege wart ist nichts.
170 2171 843 2236 #ischen Menschen“. Der Einwand
1992 2176 2447 2262 Erinnerung alles.
831 2188 1997 2254 Wegraths Sohn erzogen, die Lüge wird konserviert, bis Frau
166 2202 836 2272 geht an der Ursache vorbei: Die
850 2219 2012 2304 Wegrath stirbt. Erst dann, nach dreiundzwanzig Jahren, tritt
2083 2223 3174 2308 Schöne Mollmusik. Ihr leiser Klang kommt von weit¬
169 2261 843 2335 ssolange man sie lügen läßt. Wenn
843 2278 1993 2348 Fichtner hervor, breitet die Arme nach dem Sohne aus und
1995 2293 3179 2349 her, aus der Tiefe eines Dichters. So geschieht es, daß das
166 2305 847 2376 trheit, die Wahrheit über sich, zu
832 2329 1994 2398 will als Gläubiger Kinderschuld eintreiben. Denn er, dessen
1995 2345 3164 2414 Ohr von heute, an rapiden, turbulenten Oberflächenschall ge¬
164 2352 838 2434 schreckend. Sympathisch sein heißt,
843 2376 1997 2448 ganzes Kapital seine Jugend war, ist bankrott geworden:
1985 2389 3176 2452 wöhnt, anteilloser zuhört. Sind diese Gestalten schon so weit
169 2403 783 2472 hmpathisch, sich zeigen müssen.
838 2410 1996 2490 alternd fürchtet er den einsamen Weg. So steigert er sein
1991 2437 3182 2486 weg von uns, daß wir, eine neue Generation, ihnen fremd,
176 2438 846 2515 Exhibilion drängt Schnitzler seine
842 2470 2004 2540 Gefühl für einen Menschen, dem er durch dreiundzwanzig
2002 2482 3179 2552 daß sie uns nur noch Denkmale geworden sind? Vielleicht.
176 2487 846 2571 uurum geht zu zeigen, was, sondern
838 2520 2008 2593 Jahre nichts gewesen ist und den er nie geliebt hat, wenn
1996 2535 3176 2614 Denn wir sind uns selbst so wenig nah, daß wir als fern
189 2543 855 2612 sind. Und indem er, ein chirurgi¬
844 2562 1988 2632 Liebe das Leben für andere heißt. Jetzt fordert er Gegenliebe.
1996 2579 3176 2664 empfinden, was nicht unserem Tage, sondern unserem
172 2588 845 2662 g ihre Nacktheit bloßlegt, gelangt
847 2620 1576 2701 Unsympathisch? Schonungslos wahr.
1995 2627 2354 2706 Nächsten gehört.
167 2623 845 2710 nicht weil sein Stoffgebiet so klein,
925 2650 2002 2734 Der Husarenleutnant Felix Wegrath verweigert ihm die
2082 2678 3166 2748 Werke mit so viel innerer, schwebender Musik bedürfen
168 2686 790 2746 sum die Menschen so groß ist —
838 2721 2003 2795 Liebe. Nichts knüpft ihn an den Mann, dem er das Leben
158 2728 846 2800 lefen, menschlichen Wurzel, die das
1998 2722 3170 2794 eines schauspielerischen Kammerorchesters, das, durchaus auf
835 2775 2004 2840 verdankt. Die Rührung, mit der Fichtner die Arme nach ihm
2003 2784 3172 2847 das Werk und aufeinander gestimmt, den inneren Klang zum
175 2782 845 2847 as Zwergmaß wie das Grandiose
850 2815 2005 2881 ausstreckt, läßt ihn kalt. Ihn widert vor seinem Vater. Un¬
1992 2813 3172 2901 Schwingen bringt. Eine solche wesensverwandte Aufführung
845 2856 1537 2950 sympathisch? Schonungslos wahr.
1994 2858 3174 2940 hat der jetzt an zwanzig Jahre alte „Einsame Weg“ erst
156 2853 844 2947 ch, die im „Einsamen Weg“, dieser
927 2898 2007 2978 Der Herr v. Sala, ein Schriftsteller und Amaten, hat
1997 2914 3181 2974 kürzlich gefunden und, aller Gegenwartsferne zu Trotz, einen
155 2908 847 2998 Framatischen Herbstsymphonie, die
1995 2961 3175 3031 der nachhaltigsten Erfolge errungen — in Berlin. Basser¬
853 2964 2000 3023 sein Leben in einem Schnellzug der Luft durchfahren. Er hat
150 2966 846 3043 rickt. Es ist Angst, die die junge
1996 3009 3183 3078 mann die Höflich, Winterstein, Käthe Haack bildeten, von
840 3011 2009 3075 Frau und Kind gehabt, sie sind gestorben, wann war das?
178 3003 844 3076 i Teich stürzt. Es ist Angst, die
844 3069 3185 3121 Er erinnert sich nur noch selten, denn er ist weitergefahren, der Regie Eugen Roberts geführt ein unnergeßliches
181 3060 851 3130 den Vater verheimlicht. Es ist
181 3107 3173 3180 Egoisten Fichtner sein Herz ent= schneller, vorbei. Lust war es, die ihn hielt und freigab, Ensemble. In Berlin. In Wien beweist nur Basser¬
183 3149 3176 3239 , die dem Herrn v. Sala vor der Rausch, der ihn nahm und ließ. Jetzt will er eine asiatische mann wie außerordentlich die Berliner Aufführung
