3484 4320
1443 222 1917 326 box 23/2
300 223 1312 338 18. Der einsane Neg
1709 1218 3023 1273 Sohnes vollgeeigneten Darsteller besitzen wir nicht. An Herrn
411 1230 1726 1292 Mutter Gewordenen ihn vor Jahren einsam wandeln wollte.
1720 1266 3015 1323 Bernaus Felix war mehr die große Mühe, die er seiner Aufgabe
414 1277 1722 1352 Schnitzler gibt damit nur eine Variation des schon von Diderot
1717 1294 3019 1383 offenbar gewidmet hatte, als der Erfolg zu rühmen. So erwiesen
402 1318 1720 1372 wie dann wieder von Gutzkow, dem jüngeren Dumas und Augier
1716 1350 3018 1421 sich denn eigentlich nur Herr Botz und Frl. Mayer als zuver¬
408 1360 1719 1433 behandelten Themas vom „fils naturel“ im Verhältnis zu seinem
1724 1390 3019 1472 lässige Stützen der Aufführung. Vielleicht dürfte der noch hoffende
403 1413 1718 1473 pflichtvergessenen Vater. Einsam aber hat auch der gutmütige
1723 1449 3018 1523 und ringende Julian in seinem Gegensatze zu dem ironischen und
413 1458 1724 1528 Professor Wegrath sein Leben hingebracht, denn das Herz seiner
1726 1498 3021 1573 blasierten Lebenskünstler Sala temperamentvoller erscheinen, aber
405 1500 1716 1570 Frau (Frau Gustine) gehörte bis zum Tode dem Jugendgeliebten.
1722 1539 3026 1604 auf dem vorherrschenden Grundtone der Resignation führte Herr Botz
413 1554 1737 1632 So ging auch sie im Hause des Gatten ihren einsamen Weg, und
1716 1592 3021 1653 die Rolle folgerichtig durch. In der höchst dankbaren Aufgabe der
418 1604 1729 1668 weder bei Vater noch Mutter findet die Tochter dieser ungleichen
1722 1634 3023 1707 etwas an die Mizi Schlager der „Liebelei“ erinnernden Schau¬
413 1659 1733 1727 Eltern, Johanna, Anschluß. Schnitzler hat dieser seiner jugend¬
1731 1690 3029 1757 spielerin a. D. erfreute Frl. Mayer, der diesmal auch ihre heimat¬
406 1700 1730 1770 lichen Heldin den visionären Zug geliehen, den schon seine „Frau
1729 1744 3027 1801 liche österreichische Mundart gute Dienste leistete, durch frischen
409 1753 1723 1817 mit dem Dolche“ zeigte; Johanna ist fest davon überzeugt, daß
1728 1779 3026 1856 Humor und die Natürlichkeit, mit welcher das naive Geplauder
422 1782 1730 1870 ihre heutige Existenz nur die Wiederholung eines längst gelebten
1729 1822 3030 1899 von Julians abgedankter Geliebten den düstern Grundton des
418 1839 1723 1922 Lebens sei. Aber im übrigen hat er Johannas Charakter und
1738 1891 2526 1954 Schnitzlerschen Thesenstückes durchbrach.
426 1891 1737 1953 Handeln höchst unklar, fast skizzenhaft behandelt. Dagegen spiegelt
423 1937 1737 2008 sich auch in den Schicksalen der Nebenpersonen, des von Johanna
422 1974 1740 2070 zurückgewiesenen Doktors (Herr Johow) und der in ländliche
424 2037 1735 2109 Zurückgezogenheit sich flüchtenden Schauspielerin Irene, die Haupt¬
413 2096 688 2169 idee wider.
2241 2092 2517 2189 Konzert.
509 2104 1746 2196 Was Schnitzler in seinem Drama zur Darstellung bringen
427 2178 1735 2247 wollte, ist deutlich genug, und zum Überflusse läßt er es auch noch
1803 2168 3033 2256 Es ist noch nicht lange her, da zog Bronislaw Hubermann als
420 2228 1731 2296 den um seine Tochter klagenden Wegrath aussprechen, wie schrecklich
1735 2236 3020 2293 geigender Wunderknabe durch die Konzertsäle der musikalischen Haupt¬
418 2268 1736 2334 die Tatsache sei, daß selbst die einander Nächstverbundenen nicht
1743 2274 3035 2341 städte wie gegenwärtig Franz von Vecsey und Mischa Elman. Im
1739 2302 3034 2376 Herbste 1893 begann er, aus der Schule Joachims kommend, als elf¬
429 2319 1737 2392 miteinander, sondern unverstanden, also einsam, nebeneinander
1729 2344 3034 2423 jähriger Knabe seine Konzertlaufbahn, erntete beispiellose Erfolge in
694 2370 1724 2443 Mit geistvollen Aphorismen ist der Dialog des Stückes
419 2387 701 2445 dahinlebten.
1738 2408 3036 2463 Europa und Amerika, gewann, was vom künstlerischen Standpunkte aus
436 2413 1745 2484 ausgestattet. Aber seine Ideen, seine These nun auch in lebendige
1731 2446 3043 2506 noch wertvoller ist, die bewundernde Anerkennung Joachims und Brahms',
431 2457 1736 2529 dramatische Handlung umzusetzen, das ist Schnitzler diesmal nicht
1738 2492 3033 2564 zog sich aber 1898 von der Offentlichkeit zurück, um seine musiktheoretischen
421 2511 1739 2597 geglückt. Es ist ein bedeutender Versuch, der trotz seiner Mängel
1740 2531 3035 2602 Kenntnisse zu vertiefen. Im Herbste 1902 trat er wieder vor das
427 2557 1742 2624 achtungsvolle Teilnahme verdient, aber ein dramatischer Treffer ist
1747 2572 3042 2647 Publikum, und nun als erwachsener Künstler lenkte er auch seine Schritte
434 2601 1749 2689 das Werk sicher nicht. Leider war nun auch die von Herrn Bonno
1737 2620 3036 2681 nach Breslau, wo er am 25. November im Saale der Börse mit den
428 2647 1746 2721 geleitete Aufführung in ihrem schleppenden Tempo und mit verfehlten
1748 2660 3043 2725 Violinkonzerten von Mendelssohn und Tschaikowsky und der Ciaconna
434 2708 1745 2777 Besetzungen in einem Grade ungenügend, wie das glücklicherweise
1748 2696 3043 2775 von Bach seine außergewöhnliche Künstlerschaft nachwies. Der äußere
1732 2752 3033 2816 Erfolg blieb ihm merkwürdigerweise bei seinen hiesigen Konzerten an¬
443 2732 1749 2829 im Lobetheater bis jetzt nicht oft der Fall war. Der Dichter von
1737 2788 3036 2861 fänglich versagt, erst im vorigen Jahre konnte er bei uns vor aus¬
447 2796 1742 2872 „Beatricens Schleier“ scheint im Lobetheater von besonderem
1741 2831 3043 2899 verkauftem Saale spielen. Daß sein erstes und, wie angezeigt wurde,
436 2849 1747 2924 Mißgeschick verfolgt zu werden. Die an sich schon unklare
1744 2886 3042 2940 einziges diesjähriges Konzert nicht dasselbe günstige Ergebnis zuwege
432 2883 1746 2960 Rolle Johannas hatte wie das ganze Stück unter übel
1744 2922 3039 2991 brachte, hat seinen Grund in der verhältnismäßig großen Anzahl von
443 2939 1748 3012 angebrachten Strichen zu leiden, und Frl. Santen wollte es nicht
1748 2965 3049 3033 Geigerkonzerten, die uns vor dem seinigen beschert wurden. In der neuen
433 2984 1744 3067 gelingen, durch ihre Darstellung die Mängel zu verdecken. Die
1746 3004 3047 3075 Saison war der kleine Elman die „Sensation“, und eine solche lenkt natur¬
436 3041 1743 3108 Rollen des Ehepaares Wegrath wurden geradezu schlecht gespielt,
1752 3039 3050 3121 gemäß das Interesse des Publikums von rivalisierenden Unternehmungen
433 3080 1748 3157 Herr Wendt gab den reichen Stefan von Sala steif und elegant,
1753 3097 3051 3161 ab. Das wird auch wieder einmal anders werden, und zu günstigerer
438 3129 1743 3208 blieb aber im übrigen der vom Dichter sehr kompliziert geschaffenen
1755 3137 3050 3208 Zeit wird auch Hubermann wieder einen vollen Saal bei Uns vorfinden.
1760 3171 3062 3240 Sein diesmaliges Programm trug an der Spitze die selten gespielte
436 3178 1750 3257 Gestalt so ziemlich alles schuldig. Die Gartenszene litt zudem
1747 3220 3052 3280 Dmoll=Klavier=Violin=Sonate von Schumann. Ihr seltenes Erklingen
446 3227 1753 3290 unter der ungenügenden Ausstattung. An die Realität des Teiches,
1750 3259 3058 3347 hat seinen Grund nicht so sehr in ihrer großen Schwierigkeit als vielmehr
447 3273 1755 3356 in dem sich Johanna ertränken soll, vermochte auch ein phantasie¬
1759 3290 3067 3377 in ihrer Undankbarkeit für den Geiger. In ihrem von kraftvoller, un¬
449 3318 1750 3396 begabter Zuschauer nicht zu glauben. Einen für die Rolle des zur
450 3344 3098 3441 Wahl zwischen Pflegevater und natürlichem Vater aufgerufenen! stäter Leidenschaftlichkeit erfüllten ersten Satze bewegt sich die Geige seht 1
3019 1197 3389 1259 unvorteilhaft fast
3022 1243 3396 1308 abgeforderten kurzen
3016 1288 3403 1346 dem ein schöner T#
3017 1331 3390 1392 schabendes Nebenge
3013 1371 3394 1432 Scherzo, läßt nur i#
3025 1416 3396 1473 Grade hervortreten.
3025 1453 3402 1520 liedartigen Andant
3016 1499 3347 1570 strömen lassen.
3012 1538 3392 1612 im Gemüte der Hö
3026 1582 3393 1661 Repertoire nehmen
3020 1635 3387 1693 finden. Der letzte
3016 1666 3400 1737 schaftlich dahin, ein
3032 1716 3382 1779 vollsaftigen, man
3024 1745 3391 1821 dünnen, sehnigen
3019 1804 3386 1860 dem von Wilhelmt
3023 1831 3393 1909 Wagner. Bel den
3030 1878 3397 1950 Wohflange. Glei
3030 1928 3388 1996 Dezimen wie im
3030 1974 3383 2028 des 15. flawischen
3031 2010 3395 2076 sich im wildesten #
3019 2055 3396 2138 1 deh dieser Tanz en
3033 2104 3394 2165 in der sein sicher
3036 2148 3386 2208 Verwendung kam.
3030 2184 3394 2254 führte er in dem
3034 2228 3392 2292 schon früher von i
3029 2276 3377 2340 keit seines breiten
3034 2307 3389 2379 Menuetto, die ele
3040 2356 3388 2416 Werkes. Sein B4
3041 2405 3388 2469 äußerst gewandte
3028 2454 3389 2519 Fertigkeit in der #
3037 2492 3384 2551 Ddur=Orgelfuge
3039 2534 3383 2597 leiter, gebrochenen
3038 2577 3377 2638 gewachsene Stück
3035 2604 3395 2688 rechtigter Anwend
3032 2674 3393 2729 zu sehr bedeutende
3043 2708 3386 2779 Anerkennung der
3035 2746 3386 2814 schwierigen Klab
3045 2795 3387 2854 Hubermann mit
3051 2842 3386 2896 Programm erledig
3042 2893 3382 2948 Backfischalter, na
3044 2927 3379 3001 trampelte. Die
3045 2973 3356 3031 haben. Nach
3048 3010 3375 3076 Schuberts „Ave
3052 3036 3389 3124 Unersättlichen w#
3061 3101 3383 3179 geber standhaft i
3057 3141 3385 3202 fand. Strenges
3058 3189 3380 3247 Form annehmen
3054 3222 3350 3306 abzugewöhnen.
