3436 4384
127 236 883 318 ng rae
881 259 2074 323 lich entgegenblickendes Mädchen nicht zur rechten Zeit als
132 290 881 361 veruvergänglich und vergänglich die
890 293 2083 359 Lebensgefährtin an sich zieht, aus dem Buche, das schon
122 335 874 406 nerlebnisse ist, über die man sonst
886 348 2082 403 1904 im Verlage von S. Fischer erschienen ist, und von
129 379 880 445 sführlich und pflichtgemäß zu be¬
886 396 2077 456 einem Ensemblegastspiel Otto Brahms (im Mai 1906)
120 432 874 504 eles, das mit dem Lärm einer gan¬
891 444 2068 503 her. Die Grundstimmung des mittelalterlichen Mysteriums
120 480 876 547 en Sensation auftauchte, ist nach
881 491 2080 551 und des modernen Schauspiels ist merkwürdig verwandt.
134 529 881 591 entweder schon ganz verklungen oder
883 539 2079 604 Der einsame Weg ist ein Irrweg. Nur sieht der mittel¬
135 587 458 647 eit geworden!
879 595 2080 653 alterliche Dichter die Erlösung vor allem in den guten
130 614 869 694 staltet sich der Vierteljahrsrückblick
879 638 2080 712 Werken und im Glauben, der moderne Dichter findet sie
168 680 883 743 sich die ganze Zeit hindurch dar¬
883 702 2074 774 aber ausschließlich in der Liebe und in den Opfern der
142 724 883 791 ur solche Dichtungen neu oder neu
881 734 2072 802 Liebe ... Der Vergleich der Darstellung des „Einsamen
153 775 882 849 deren Wirksamkeit in Wien ent¬
889 791 2076 856 Weges“ fällt nicht so sehr zuungunsten des Burgtheaters
132 828 878 887 theater selbst oder aber an anderer
880 844 2071 895 aus. Den einen Lebensartisten Sala spielte hier Herr
138 881 867 941 So wurden als Novitäten „Das
889 880 2080 947 Walden, mehr mondän und mehr kühl, aber gleichwohl
145 932 877 996 edermann“ von Hugo v. Hof¬
888 933 2072 995 nicht weniger wirksam als seinerzeit Bassermann.
142 968 876 1032 Der einsame Weg“ von Artur
879 984 2073 1046 Den andern, scheinbaren Lebenskünstler Fichtner gab
151 1019 875 1087 Diese Auswahl von Neuheiten ist
880 1032 2076 1094 Devrient um ein Beträchtliches weniger schwerfällig
143 1068 865 1137 anregend und fesselnd wäre es ge¬
879 1081 2078 1138 als damals Emanuel Reichar, aber auch noch immer
135 1119 870 1189 rgtheater zum Beispiel von Hof¬
892 1140 2076 1193 nicht leicht und beweglich genug. Unendlich zurück stand
136 1166 877 1231 krettete Venedig" und von
882 1178 2079 1239 leider das schöne, aber offenbar doch keiner schauspieleri¬
134 1222 871 1284 gtrittenen „Schleier der Bea¬
878 1242 2074 1299 schen Entwicklung fähige Fräulein Wohlgemuth gegen
154 1271 876 1326 ie, beides Schauspiele voller Eigen¬
881 1280 2077 1345 ihre Vorgängerin Triesch; die Rolle der problematischen
143 1321 878 1384 z, beides Stücke, die den Wienern
883 1326 2081 1386 Hysterikerin Johanna, die den Anschauungen ihrer Familie
153 1380 878 1436 endlich auch Stücke, bei denen man
879 1371 2073 1439 zum Trotz Salas Geliebte wird und sich dann in einem
154 1415 864 1481 lich herausgefordert worden wäre,
888 1424 2073 1495 Teich in Salas Garten ertränkt, weil ein Herzleiden dem
150 1460 865 1532 Wiener die Berliner Uraufführun¬
879 1472 2077 1556 geliebten Mann kein langes Leben mehr gestattet, bedarf
144 1526 871 1578 n! „Jedermann, das Spiel vom
883 1531 2081 1587 eines ganz ungewöhnlichen Darstellungstalentes, um
137 1565 866 1631 Mannes“, hat erst im März und
884 1581 2077 1635 glaubhaft zu wirken. Fräulein Wohlgemuth, die Heroine
154 1615 866 1675 in dem zur Kirche umgestalteten
884 1626 2072 1697 des Burgtheaters, die erst vor kurzem die edlen Verse von
155 1662 873 1724 sinhardts wirkungssicherer Regie
881 1672 2070 1738 „Tassos“ Prinzessin so klingend vorgetragen hat, sprach
156 1712 864 1777 ehabt. Die Aufführung des Burg¬
876 1718 2079 1781 diesmal auch auffallend schlecht, ein Mangel, der zur
173 1759 883 1827 ihrem Gesamteindrucke mit der
885 1775 2079 1841 vollendeten Redekunst ihres Partners Walden in ärger¬
142 1803 876 1874 ichen. Der Grundgedanke der In¬
883 1812 2084 1872 lichem Gegensatze stand und der in den feinsten Szenen
158 1852 873 1915 eaters, der Reinhardtschen Fülle
887 1861 2088 1927 des Schauspiels Unruhe und Husten im Zuschauerraum
162 1905 873 1969 bKlangeffekten eine große Spar¬
876 1908 2081 1984 hervorrief. Besser am Platz und wahrscheinlicher, als die
156 1953 865 2009 gegenüberzustellen, war gut. Allein
879 1963 2080 2046 Realistin Frau Lehmann, war Frau Bleibtreu
169 2001 877 2066 nicht ganz vermieden werden, daß
880 2008 2071 2075 als einstige Theaterdiva und ehemalige Geliebte Ficht¬
185 2045 865 2109 farblose Moralität gar zu ein¬
880 2057 2086 2125 ners, die im Frieden des Landlebens Zuflucht gefunden
161 2099 869 2166 irkte. Im wesentlichen hat auch
884 2107 2072 2179 hat. Frau Bleibtreu war auch die einzige, die den leisen
158 2145 868 2215 dreistöckige Mysterienbühne beibe¬
875 2149 2074 2213 wienerischen Ton traf, den alle Personen dieses wieneri¬
167 2190 866 2266 der knappere Raum nach einer
888 2216 2075 2275 schen Schauspiels, wenn auch nur ganz schwach, festhalten
154 2247 867 2319 und Begrenzung. überlegen war
879 2253 2078 2326 sollen und der sonderbarerweise im Wiener Burgtheater
156 2295 865 2361 und allein Treßlers Satanas,
877 2302 2081 2381 sonst völlig fehlte. Schnitzlers Stück selbst ist in dem Jahr¬
158 2346 876 2419 kellenden Humor und seinem ellen¬
882 2349 2072 2433 zehnt seines Daseins schmerzlich schnell nachgedunkelt; seine
169 2392 870 2470 r Stünde etwas gekürzten Teu¬
883 2399 2079 2464 Schönheiten glänzen matter, seine seither vom Verfasser
155 2438 878 2517 lige Kapriolen verübte. Dagegen
887 2442 2085 2522 selbst und von anderen noch oft abgewandelten Gedanken
157 2494 873 2562 Enszenierung, so auch die Einzel¬
878 2513 2035 2575 wirken weniger tief, als sie ehemals scheinen mochten.
166 2540 879 2598 Darsteller schwächer, als die der
959 2573 2076 2640 Ein bißchen verblaßt schien auch Schnitzlers „Lite¬
159 2588 881 2661 och die neuestens wieder mehr in
880 2618 2081 2689 ratur“, als sie, als Schlußstück eines Novitäten=Ein¬
156 2634 878 2717 De Frau Kallina als „Buhl¬
886 2668 2079 2737 akter=Abends zwischen den vorbeschriebenen zwei abend¬
154 2697 874 2762 ich Straßni als „dünner Vet¬
879 2717 2085 2788 füllenden Neuheiten, ebenfalls nicht zum erstenmal in
168 2734 879 2802 Paulsen mit seinem biederen
872 2762 2083 2852 Wien, wohl aber als Premiere des Burgtheaters vor uns
174 2796 877 2849 hochjahrenden, hochmütigen „Je¬
875 2828 2073 2890 hintrat Für diesen Einakterabend gilt, was über die Ein¬
182 2837 876 2906 d des Todes noch nicht berührt
877 2857 2083 2930 führung der „einsamen Wegs“ und „Jedermanns“ ins
171 2896 868 2948 ärschten, demütigen, reuigen Sün¬
882 2915 2085 2988 Burgtheater gesagt wurde. Als Mittelstück des Abends
156 2938 867 3002 körpern, wie das der hysterische,
883 2955 2080 3037 wurde Courtelines „Boubouroche", als Einleitung
172 2995 866 3047 ege brachte. Ebensowenig konnte
882 3021 2083 3093 Wedekinds „Kammersänger“ aufgeführt. Gewiß ist
175 3034 871 3100 tuelle Kunst die urweltliche Alb¬
876 3063 2086 3146 es ein Verdienst, daß Direktor Thimig einem so re¬
179 3089 870 3153 ers grauenvollem „Mammon“
881 3108 2082 3185 präsentativen Zeitgenossen, wie es Wedekind ist,die bis¬
168 3135 869 3197 par Frau Medelsky als Ver¬
877 3161 2083 3221 her verschlossenen Tore des Burgtheaters endlich öffnet. Aber
167 3180 878 3247 uten Werke“ Jedermanns schlicht
882 3212 2083 3278 für diesen Zweck wäre unbedingt ein anderes Werk zu
178 3231 881 3304 doch die kleine Lia Rosen in
874 3257 2076 3335 wählen gewesen: für das in Wien noch nicht gegebene
179 3277 868 3350 ftigkeit weitaus rührender und
877 3309 2085 3384 Versdrama „So ist das Leben“ hat hier nur das
168 3325 871 3409 zme Fehlbesetzung war es, Jeder¬
876 3354 2080 3429 Burgtheater die geeigneten Darsteller, und zweifellos
198 3377 874 3444 Frau Senders spielen zu
888 3406 2084 3481 hätte Wedekind auch seine neueste Schöpfung, den „Sim¬
180 3428 877 3501 dt, die in dieser Rolle mit ihr
878 3451 2078 3524 son“, einer Bühne vom Rang des Burgtheaters gern zur
177 3480 874 3539 hr den volkstümlichen Ton des
879 3504 2075 3590 Uraufführung anvertraut. Konnte Thimig den Dichter
166 3523 870 3598 ft. Ein Fehler war es endlich
878 3550 2090 3639 aber nur so ins Burgtheater hineinschmuggeln, daß er
172 3574 866 3641 abten Herrn Straßni zwei
881 3612 2078 3680 seine meistgespielte Komödie vom Kammersänger als Neu¬
187 3624 867 3692 „armen Nachbars“ und die des
876 3643 2083 3725 heit brachte, so hätte er lieber ganz darauf verzichten
180 3684 868 3748 nen Vetters“. Das Burgtheater
883 3709 2084 3770 sollen! Noch dazu hat Wien in Herrn Christians, in
180 3734 864 3801 kinem Ensemble Darsteller genug,
889 3745 2080 3833 Jarno, in Wedekind selbst und auch noch in ande¬
191 3779 878 3844 n grob störende Doppelbeschäfti¬
879 3795 2082 3891 ren Darstellern lauter bessere Kammersänger gesehen, als
267 3823 872 3893 — wie vortrefflich hätte der
887 3847 2080 3921 der gutmütig=biedermännische, nach dem Kern seines We¬
184 3875 866 3937 * Herr Arndt den Nachbar ge¬
190 3893 2082 3988 können. Der Erfolg des Myste- sens der Rolle durchaus widerstrebende Reimers war.
883 3946 2084 4032 Es ist ganz selbstverständlich, daß das Burgtheater jetzt,
185 3962 870 4059 n der Stimmung der Weihnacht
880 3990 2086 4060 wo es Herrn Walden hat, nicht diesem einen Schau¬
195 4017 877 4104 lebhaft, und „Jedermann“ hält
880 4039 2095 4127 spieler in jeder Neuheit die Hauptrolle geben kann. Wenn
876 4105 2090 4178 man jedoch Herrn Walden als „Jedermann“ oder als
199 4095 879 4183 auch noch sehr freundlich, ist
195 4139 2130 4251 er einsame Weg“ vom Publi. „Tantris“ nur des Experimentes wegen gerne gesehen!
2085 248 3283 317 Hohenfels, infolge einer seltsamen psychischen Hem¬
2083 278 3286 355 mung die Bühne überhaupt nicht mehr betritt. Frau¬
2079 339 3275 414 Retty als lieblich lächelndes, niederträchtig betrügeri¬
2084 387 3273 454 sches Weibsstück ist genau so graziös und anmutig, wie
2077 432 3287 503 es einstens Lili Petri war. — Die „Literatur“ war
2090 472 3289 547 in früheren Jahren bedeutend lustiger, oder aber, sie ist,
2091 540 3289 599 viel munterer gespielt worden. Wenigstens hat man in an¬
2092 579 3279 646 deren Theatern über diese fröhlichste von den „Lebendigen
2083 634 3288 705 Stunden“ ungleich mehr gelacht als im Burgtheater. Ein¬
2089 679 3287 753 zeln betrachtet, war Treßler ein tadellos näselnder
2079 729 3278 789 Klemens, Heine der richtige ruppige Literaturzigeuner
2083 785 3284 846 und Fräulein Marberg eine entzückend=modern angen
2091 829 3287 901 zogene, mit einem hohen Altwiener Gesteck und anmutigen
2089 880 3285 941 Ringellöckchen sehr apart frisierte, graziös=schnippische
2079 925 3289 990 Margarete. Allein die drei guten Einzelleistungen schlossen
2087 978 3283 1045 sich nicht zu einem ebenso guten Ganzen zusammen. Das
2085 1023 3291 1084 hochedle Burgtheater hat bereits zu Beginn den „Kam¬
2082 1072 3281 1139 mersänger“ und nachher „Boubouroche“ und erst recht zum
2094 1114 3295 1196 Schluß „Literatur“ viel zu feierlich und gewichtig genom¬
2089 1156 3299 1236 men. Just bei der Komödie Wedekinds und Schnitzlers ist
2090 1212 3298 1287 aber ein sausendes Tempo schon die halbe Bürgschäft des
2080 1262 3305 1336 Erfolges! Die Unkenntnis des Wiener Dialektes störte in
2093 1318 3304 1402 „Literatur“ bei Fräulein Marberg, die bisweilen, statt
2078 1364 3291 1450 zu wienern, jüdelte, und auch bei Treßler ziemlich arg.
2160 1414 3294 1509 Diese Nichtbeherrschung des wienerischen Jargons
2088 1474 3297 1555 oder wenigstens des österreichisch=bajuvarischen Dialektes
2081 1534 3299 1604 war es auch, die Herrn Treßler in dem am Silvester¬
2080 1595 3307 1650 tage neu inszenierten „Verschwender“ als Valentin
2086 1624 3299 1700 nicht den Gipfel erreichen ließ, den er sonst erreicht hätte
2083 1658 3315 1757 und den Girardi in dieser Rolle erklimmt. Immer¬
2080 1718 3310 1790 hin ist es erstaunlich, wie tief sich der norddeutsche Künst¬
2084 1768 3326 1845 ler in diese durch und durch süddeutsche Figur eingelebt
2080 1809 3309 1897 hat! Ganz unvergleichlich ist seine Gegenspielerin Frau¬
2085 1884 3312 1942 Medelsky als Rosl. Man staunt, welchen Reichtum von
2082 1921 3307 1995 urwüchsigem Humor und bodenständigem Wienertum die
2087 1955 3310 2042 Künstlerin vor uns ausbreitet, und man bedauert es leb¬
2096 2014 3311 2100 haft, daß ihr der Burgtheaterspielplan, der traurigermaßen
2086 2069 3301 2141 von Raimund und Anzengruber nur an Aus¬
2086 2124 3301 2192 nahmstagen etwas weiß, zum Entfalten dieser Seite ihrer
2084 2166 3297 2236 Begabung so gar keine Gelegenheit gibt. Als Dritter in
2092 2207 3295 2286 Bunde ist Devrient zu nennen, der mit der Episode
2082 2260 3295 2343 des Chevaliers Dumont das bietet, was man mit einen
2086 2307 3293 2387 abgegriffenen Ausdruck Kabinettstück nennt. Auch sonst
2089 2359 3307 2439 bringt der neu inszenierte „Verschwender“ Nettes und An¬
2089 2408 3302 2479 genehmes: Reimers ist ein eleganter Flottwell, Fräu
2088 2455 3284 2546 lein Wohlgemuth eine hoheitsvolle Fee Cheristaue
2089 2509 3283 2598 Heine ein genügend verschlagener Wolf, Baum
2092 2556 3308 2639 gartner ein ergötzlicher Schwindelbaumeister Socken
2093 2604 3336 2682 Frau Senders ein drolliges altes Weib, und Zeste
2093 2648 3314 2732 benutzt als dienstbarer Geist Azur die Gelegenheit, seinen
2093 2702 3301 2777 angenehmen Bariton erklingen zu lassen. Eine Schand
2094 2743 3300 2831 sind aber die Dekoratio, en, deren unehrwürdiges Alten
2087 2807 3298 2889 der stolzen Ankündigung: „Neu inszeniert" Hohn spricht¬
2166 2849 3319 2936 In der neuen Inszenierung von Hardts „Tantris¬
2094 2896 3316 2983 der Narr“, die als vorletzte Gabe der Berichtszeit zu
2090 2956 3315 3031 erwähnen ist, sind die dekorativen Rahmen noch unver
2093 3013 3311 3073 blichen, und leuchtend und groß sind auch die erhabens
2090 3043 3320 3133 Königin Isot der Frau Bleibtreu und der ehern
2094 3093 3295 3184 Herzog Denovalin des Herrn Devrient geblieben. Das
2093 3145 3299 3226 gegen vermag Heine als König Marke mit all seinen.
2096 3202 3349 3272 Geistigkeit und Persönlichkeit nicht die strahlende Güt#
2097 3250 3293 3327 Sonnenthals und Treßler bei all seiner Viel¬
2094 3283 3309 3365 seitigkeit als Tristan von Lonnois nicht Kainzensgge
2091 3344 3302 3426 heimnisvollen Nimbus zu ersetzen. Und ist es die Minder
2092 3399 3296 3473 rung der Kraft zweier Hauptdarsteller oder die nagende
2089 3437 3305 3527 Gewalt der Jahre — auch „Tantris der Narr“ hat vom
2101 3510 2986 3590 seiner Eindrucksmacht manches eingebüßt!
2163 3543 3301 3640 Glücklicher denn als Tantris, war Treßler als
2094 3621 3319 3687 Mercutio in einer neuen Einstudierung von „Rome#
2092 3663 3312 3737 und Julia“: voller Laune, burschikos und übermütig
2095 3714 3299 3785 Die neue Julia, Frau Medelsky, ist innig und liebens¬
2090 3760 3298 3831 wert, im Klassischen ebenso wie im Wienerischen: Köstlich
2094 3801 3304 3875 ist noch immer die uralte Frau Kratz als Amme Jus
2094 3857 3300 3928 liens. Dahingegen hätte das Burgtheater heute —.Gott
2100 3913 3287 3981 helfe mir, ich kann nicht anders! Herr Gerasch,ist gräß
2099 3976 3283 4038 lich! — nur einen einzigen Romeo: Harry Walden. —
2619 4054 2743 4138 *5
