<?xml version="1.0" encoding="UTF-8" standalone="yes"?>
<PcGts xmlns="http://schema.primaresearch.org/PAGE/gts/pagecontent/2013-07-15" xmlns:xsi="http://www.w3.org/2001/XMLSchema-instance" xsi:schemaLocation="http://schema.primaresearch.org/PAGE/gts/pagecontent/2013-07-15 http://schema.primaresearch.org/PAGE/gts/pagecontent/2013-07-15/pagecontent.xsd">
    <Metadata>
        <Creator>prov=University of Rostock/Institute of Mathematics/CITlab/Gundram Leifert/gundram.leifert@uni-rostock.de:name=ONB_Newseye_GT_M1+(htr_id=10810)::::v=2.4.2
prov=University of Rostock/Institute of Mathematics/CITlab/Tobias Gruening/tobias.gruening@uni-rostock.de:name=de.uros.citlab.module.baseline2polygon.B2PSeamMultiOriented:v=2.4.2
prov=University of Rostock/Institute of Mathematics/CITlab/Tobias Gruening/tobias.gruening@uni-rostock.de:name=/mnt/transkribus/LA/DEA/URO/LA_news_onb_att.pb:de.uros.citlab.segmentation.CITlab_LA_ML:v=2.4.2
Transkribus</Creator>
        <Created>2019-10-07T11:30:05.693+02:00</Created>
        <LastChange>2019-10-08T12:27:08.230+02:00</LastChange>
        <TranskribusMetadata docId="223970" pageId="9501296" pageNr="441" tsid="16567525" status="IN_PROGRESS" userId="40391" imgUrl="https://files.transkribus.eu/Get?id=HTDEDUMKZPXSMRSEABZGGVXS&amp;fileType=view" xmlUrl="https://files.transkribus.eu/Get?id=UESWPIBAITGADNRECRMMEWJE" imageId="6191518"/>
    </Metadata>
    <Page imageFilename="223970_0441.jpeg" imageWidth="3484" imageHeight="4384">
        <ReadingOrder>
            <OrderedGroup id="ro_1711450851551" caption="Regions reading order">
                <RegionRefIndexed index="0" regionRef="r1"/>
                <RegionRefIndexed index="1" regionRef="r2"/>
            </OrderedGroup>
        </ReadingOrder>
        <TextRegion orientation="0.0" id="r1" custom="readingOrder {index:0;}">
            <Coords points="259,384 259,439 952,439 952,384"/>
            <TextLine id="r1l1" custom="readingOrder {index:0;}">
                <Coords points="791,412 820,413 831,405 842,412 881,406 893,411 923,411 928,406 958,410 959,348 914,363 894,360 876,370 841,362 819,371 808,362 791,364"/>
                <Baseline points="798,405 823,405 849,405 875,406 900,406 926,406 952,404"/>
                <TextEquiv>
                    <Unicode>nSan</Unicode>
                </TextEquiv>
            </TextLine>
            <TextLine id="r1l2" custom="readingOrder {index:1;}">
                <Coords points="253,418 365,424 392,447 460,428 542,457 636,434 858,435 858,398 839,391 820,410 688,413 590,358 573,373 503,352 419,396 333,354 253,357"/>
                <Baseline points="259,414 288,416 318,417 347,419 377,421 407,423 436,424 466,426 495,427 525,428 555,429 584,429 614,429 643,429 673,428 703,428 732,426 762,425 791,422 821,420 851,416"/>
                <TextEquiv>
                    <Unicode>18. Der</Unicode>
                </TextEquiv>
            </TextLine>
            <TextEquiv>
                <Unicode>nSan
18. Der</Unicode>
            </TextEquiv>
        </TextRegion>
        <TextRegion orientation="0.0" id="r2" custom="readingOrder {index:1;}">
            <Coords points="953,360 953,3817 2230,3817 2230,360"/>
            <TextLine id="r2l1" custom="readingOrder {index:0;}">
                <Coords points="1400,392 1449,421 1480,399 1560,409 1609,389 1862,422 1860,339 1824,330 1776,333 1745,357 1717,338 1657,338 1626,362 1598,348 1496,350 1459,331 1399,355"/>
                <Baseline points="1407,397 1433,396 1459,394 1486,393 1512,393 1538,392 1565,392 1591,392 1617,392 1644,392 1670,392 1696,391 1723,391 1749,390 1775,389 1802,389 1828,387 1855,385"/>
                <TextEquiv>
                    <Unicode>box 23/4</Unicode>
                </TextEquiv>
            </TextLine>
            <TextLine id="r2l2" custom="readingOrder {index:1;}">
                <Coords points="948,439 995,426 1063,434 1122,423 1156,426 1179,442 1213,427 1225,434 1263,422 1262,372 1218,355 1184,361 1144,344 1096,345 1020,407 947,410"/>
                <Baseline points="953,419 978,419 1003,419 1028,419 1054,419 1079,418 1104,418 1129,417 1155,416 1180,416 1205,414 1230,414 1256,414"/>
                <TextEquiv>
                    <Unicode>weg</Unicode>
                </TextEquiv>
            </TextLine>
            <TextLine id="r2l3" custom="readingOrder {index:2;}">
                <Coords points="1089,1072 1417,1059 1486,1097 1781,1062 1849,1096 2003,1092 2115,1066 2116,1020 1597,1032 1480,993 1200,990 1090,1018"/>
                <Baseline points="1096,1058 1146,1056 1197,1055 1247,1055 1298,1055 1349,1056 1399,1057 1450,1060 1500,1062 1551,1064 1602,1067 1652,1070 1703,1072 1753,1074 1804,1076 1855,1077 1905,1078 1956,1078 2006,1077 2057,1076 2108,1073"/>
                <TextEquiv>
                    <Unicode>Husschnitt aus Wicner Leben</Unicode>
                </TextEquiv>
            </TextLine>
            <TextLine id="r2l4" custom="readingOrder {index:3;}">
                <Coords points="1095,1155 1111,1152 1130,1169 1147,1172 1156,1166 1182,1169 1196,1164 1206,1169 1242,1160 1260,1163 1260,1140 1250,1144 1238,1132 1221,1132 1210,1122 1162,1123 1139,1132 1124,1123 1107,1135 1096,1135"/>
                <Baseline points="1102,1151 1127,1152 1152,1152 1178,1153 1203,1153 1228,1154 1254,1155"/>
                <TextEquiv>
                    <Unicode>vom:</Unicode>
                </TextEquiv>
            </TextLine>
            <TextLine id="r2l5" custom="readingOrder {index:4;}">
                <Coords points="1275,1218 1688,1201 1753,1156 1852,1155 1847,1093 1784,1080 1453,1103 1271,1165"/>
                <Baseline points="1279,1187 1307,1186 1335,1185 1363,1184 1392,1182 1420,1180 1448,1177 1477,1175 1505,1172 1533,1170 1562,1166 1590,1164 1618,1161 1646,1158 1675,1156 1703,1154 1731,1153 1760,1151 1788,1151 1816,1151 1845,1151"/>
                <TextEquiv>
                    <Unicode>2 FEBRUMR 1311</Unicode>
                </TextEquiv>
            </TextLine>
            <TextLine id="r2l6" custom="readingOrder {index:5;}">
                <Coords points="1228,1313 1481,1329 1776,1294 1818,1314 1951,1286 2044,1303 2042,1259 1920,1228 1683,1251 1649,1232 1424,1273 1225,1254"/>
                <Baseline points="1235,1317 1275,1317 1315,1317 1355,1316 1395,1315 1435,1313 1475,1312 1515,1309 1555,1307 1595,1305 1636,1302 1676,1300 1716,1297 1756,1295 1796,1293 1836,1291 1876,1290 1916,1288 1956,1287 1996,1287 2037,1286"/>
                <TextEquiv>
                    <Unicode>Premieren der Woche.</Unicode>
                </TextEquiv>
            </TextLine>
            <TextLine id="r2l7" custom="readingOrder {index:6;}">
                <Coords points="1236,1401 1679,1389 1738,1349 1855,1381 1912,1351 2041,1375 2128,1320 1281,1343 1234,1372"/>
                <Baseline points="1241,1391 1285,1389 1329,1388 1373,1386 1417,1384 1461,1382 1505,1381 1549,1379 1593,1377 1637,1375 1682,1374 1726,1372 1770,1370 1814,1368 1858,1366 1902,1364 1946,1362 1990,1360 2034,1358 2078,1355 2123,1352"/>
                <TextEquiv>
                    <Unicode>„Der einsame Weg“ von Arthur</Unicode>
                </TextEquiv>
            </TextLine>
            <TextLine id="r2l8" custom="readingOrder {index:7;}">
                <Coords points="1173,1451 1676,1439 1757,1423 1756,1385 1171,1405"/>
                <Baseline points="1179,1446 1207,1444 1236,1443 1264,1441 1293,1439 1322,1437 1350,1436 1379,1435 1407,1434 1436,1432 1465,1431 1493,1430 1522,1429 1550,1428 1579,1427 1608,1426 1636,1426 1665,1425 1693,1425 1722,1424 1751,1424"/>
                <TextEquiv>
                    <Unicode>Schnitzler. (Burgtheater).</Unicode>
                </TextEquiv>
            </TextLine>
            <TextLine id="r2l9" custom="readingOrder {index:8;}">
                <Coords points="1225,1499 2061,1487 2133,1451 2129,1380 1989,1438 1222,1448"/>
                <Baseline points="1231,1499 1275,1499 1320,1498 1365,1498 1410,1496 1455,1495 1499,1493 1544,1491 1589,1489 1634,1487 1679,1484 1723,1482 1768,1479 1813,1476 1858,1473 1903,1470 1947,1467 1992,1464 2037,1462 2082,1459 2127,1456"/>
                <TextEquiv>
                    <Unicode>En Lilättern findet man die aus“</Unicode>
                </TextEquiv>
            </TextLine>
            <TextLine id="r2l10" custom="readingOrder {index:9;}">
                <Coords points="1145,1590 1215,1556 2019,1530 2129,1510 2145,1466 1142,1513"/>
                <Baseline points="1150,1552 1199,1551 1249,1550 1298,1548 1348,1547 1397,1545 1447,1543 1496,1541 1546,1539 1595,1536 1645,1534 1695,1531 1744,1529 1794,1526 1843,1524 1893,1521 1942,1519 1992,1517 2041,1514 2091,1512 2141,1510"/>
                <TextEquiv>
                    <Unicode>Führliche Besprechung über Sehnitzlers</Unicode>
                </TextEquiv>
            </TextLine>
            <TextLine id="r2l11" custom="readingOrder {index:10;}">
                <Coords points="1176,1596 1358,1621 1523,1587 2134,1574 2133,1532 1174,1562"/>
                <Baseline points="1182,1594 1229,1595 1276,1595 1323,1594 1371,1594 1418,1593 1465,1591 1512,1589 1560,1587 1607,1585 1654,1582 1701,1580 1749,1578 1796,1575 1843,1572 1890,1571 1938,1568 1985,1566 2032,1565 2079,1564 2127,1563"/>
                <TextEquiv>
                    <Unicode>Werk anläßlich seiner ersten Wiener Auf¬</Unicode>
                </TextEquiv>
            </TextLine>
            <TextLine id="r2l12" custom="readingOrder {index:11;}">
                <Coords points="1153,1665 2131,1615 2129,1571 2097,1566 1151,1616"/>
                <Baseline points="1159,1651 1207,1650 1255,1648 1303,1645 1352,1643 1400,1642 1448,1640 1496,1638 1545,1636 1593,1634 1641,1632 1689,1631 1738,1628 1786,1627 1834,1625 1882,1623 1931,1621 1979,1619 2027,1617 2075,1615 2124,1612"/>
                <TextEquiv>
                    <Unicode>führung unter Leitung Brahms und in</Unicode>
                </TextEquiv>
            </TextLine>
            <TextLine id="r2l13" custom="readingOrder {index:12;}">
                <Coords points="1161,1712 1788,1670 1926,1690 1989,1658 2149,1669 2148,1626 1159,1666"/>
                <Baseline points="1167,1705 1215,1702 1264,1700 1313,1697 1362,1695 1411,1693 1459,1690 1508,1689 1557,1687 1606,1685 1655,1683 1703,1681 1752,1679 1801,1677 1850,1674 1899,1673 1947,1671 1996,1668 2045,1665 2094,1662 2143,1659"/>
                <TextEquiv>
                    <Unicode>einer Zeit. in weicher der Dichter der</Unicode>
                </TextEquiv>
            </TextLine>
            <TextLine id="r2l14" custom="readingOrder {index:13;}">
                <Coords points="1160,1773 2137,1708 2135,1668 2099,1664 1940,1696 1825,1677 1158,1722"/>
                <Baseline points="1165,1754 1213,1753 1261,1751 1309,1749 1358,1746 1406,1744 1454,1742 1503,1739 1551,1736 1599,1734 1648,1732 1696,1729 1744,1727 1792,1724 1841,1722 1889,1720 1937,1718 1986,1717 2034,1716 2082,1715 2131,1714"/>
                <TextEquiv>
                    <Unicode>Liebelei“ noch zu den stürksten Hloff¬</Unicode>
                </TextEquiv>
            </TextLine>
            <TextLine id="r2l15" custom="readingOrder {index:14;}">
                <Coords points="1187,1809 2126,1778 2143,1711 1955,1752 1776,1729 1185,1775"/>
                <Baseline points="1193,1802 1240,1801 1287,1799 1334,1797 1382,1795 1429,1793 1476,1790 1524,1788 1571,1786 1618,1783 1666,1781 1713,1779 1760,1776 1807,1774 1855,1771 1902,1769 1949,1767 1997,1765 2044,1763 2091,1761 2139,1759"/>
                <TextEquiv>
                    <Unicode>nungen des Jeutschen Theaters zählte.</Unicode>
                </TextEquiv>
            </TextLine>
            <TextLine id="r2l16" custom="readingOrder {index:15;}">
                <Coords points="1164,1865 2136,1813 2134,1781 2073,1765 1161,1805"/>
                <Baseline points="1169,1851 1217,1850 1265,1849 1313,1848 1361,1846 1409,1844 1457,1842 1505,1840 1553,1837 1601,1835 1649,1833 1697,1830 1745,1827 1793,1825 1841,1823 1889,1820 1937,1818 1985,1815 2033,1812 2081,1811 2129,1808"/>
                <TextEquiv>
                    <Unicode>Heute können wir bereits von einer Er¬</Unicode>
                </TextEquiv>
            </TextLine>
            <TextLine id="r2l17" custom="readingOrder {index:16;}">
                <Coords points="1159,1909 2150,1875 2146,1809 1157,1868"/>
                <Baseline points="1165,1905 1213,1903 1262,1899 1311,1897 1360,1894 1409,1891 1458,1889 1506,1887 1555,1884 1604,1881 1653,1879 1702,1876 1751,1874 1800,1872 1848,1869 1897,1867 1946,1865 1995,1863 2044,1861 2093,1860 2142,1858"/>
                <TextEquiv>
                    <Unicode>füllung sprechen. Allerilings nicht von</Unicode>
                </TextEquiv>
            </TextLine>
            <TextLine id="r2l18" custom="readingOrder {index:17;}">
                <Coords points="1175,1953 2051,1932 2157,1887 1172,1908"/>
                <Baseline points="1181,1951 1229,1949 1278,1947 1326,1945 1375,1943 1423,1941 1472,1938 1520,1937 1569,1934 1617,1932 1666,1929 1714,1927 1763,1924 1811,1922 1860,1919 1908,1916 1957,1914 2005,1912 2054,1910 2102,1909 2151,1907"/>
                <TextEquiv>
                    <Unicode>dum vollständigen Erwachen aller unserer</Unicode>
                </TextEquiv>
            </TextLine>
            <TextLine id="r2l19" custom="readingOrder {index:18;}">
                <Coords points="1165,2011 1621,1980 1682,2007 1794,1969 1915,1987 2157,1948 2155,1918 2105,1915 1162,1954"/>
                <Baseline points="1170,1997 1219,1997 1268,1997 1317,1996 1366,1995 1415,1993 1464,1991 1513,1989 1562,1986 1611,1984 1660,1981 1709,1978 1758,1976 1807,1973 1856,1970 1905,1967 1954,1965 2003,1963 2052,1960 2101,1958 2151,1957"/>
                <TextEquiv>
                    <Unicode>Erwartungen, die wir an dieses starke</Unicode>
                </TextEquiv>
            </TextLine>
            <TextLine id="r2l20" custom="readingOrder {index:19;}">
                <Coords points="1185,2052 2153,2002 2133,1962 1736,1977 1681,2007 1183,2007"/>
                <Baseline points="1191,2052 1238,2050 1286,2047 1334,2045 1382,2043 1429,2041 1477,2038 1525,2036 1573,2034 1620,2031 1668,2029 1716,2026 1764,2024 1811,2022 1859,2019 1907,2017 1955,2014 2002,2012 2050,2009 2098,2007 2146,2004"/>
                <TextEquiv>
                    <Unicode>Talent geknüpt haben,. aber innnerhin von</Unicode>
                </TextEquiv>
            </TextLine>
            <TextLine id="r2l21" custom="readingOrder {index:20;}">
                <Coords points="1170,2128 1303,2096 1624,2100 1691,2066 2031,2078 2152,2061 2150,2018 1168,2081"/>
                <Baseline points="1175,2104 1223,2101 1272,2098 1320,2094 1369,2092 1417,2090 1466,2088 1514,2085 1563,2084 1611,2081 1660,2080 1708,2078 1757,2076 1805,2075 1854,2073 1902,2070 1951,2068 1999,2065 2048,2063 2096,2059 2145,2056"/>
                <TextEquiv>
                    <Unicode>der schönen Frucht langjährigen Kam¬</Unicode>
                </TextEquiv>
            </TextLine>
            <TextLine id="r2l22" custom="readingOrder {index:21;}">
                <Coords points="1180,2180 1393,2142 2145,2119 2161,2052 1177,2126"/>
                <Baseline points="1185,2153 1233,2150 1282,2147 1330,2145 1379,2143 1428,2140 1476,2138 1525,2135 1573,2133 1622,2131 1671,2129 1719,2127 1768,2124 1816,2122 1865,2120 1914,2118 1962,2115 2011,2113 2059,2111 2108,2109 2157,2106"/>
                <TextEquiv>
                    <Unicode>pfes. den Schmitzler um seine Auerkennung</Unicode>
                </TextEquiv>
            </TextLine>
            <TextLine id="r2l23" custom="readingOrder {index:22;}">
                <Coords points="1171,2207 2162,2172 2160,2124 2074,2114 1170,2179"/>
                <Baseline points="1178,2204 1226,2202 1275,2199 1324,2197 1373,2194 1422,2192 1471,2189 1519,2186 1568,2184 1617,2182 1666,2179 1715,2176 1764,2174 1813,2171 1861,2169 1910,2167 1959,2163 2008,2161 2057,2159 2106,2157 2155,2154"/>
                <TextEquiv>
                    <Unicode>führte, und die ihm längst das deutsche</Unicode>
                </TextEquiv>
            </TextLine>
            <TextLine id="r2l24" custom="readingOrder {index:23;}">
                <Coords points="1175,2259 2159,2226 2156,2172 2120,2166 1173,2206"/>
                <Baseline points="1181,2251 1229,2249 1278,2247 1326,2246 1375,2243 1423,2241 1472,2239 1520,2236 1569,2234 1617,2232 1666,2230 1714,2227 1763,2225 1811,2222 1860,2219 1908,2216 1957,2214 2005,2211 2054,2209 2102,2207 2151,2204"/>
                <TextEquiv>
                    <Unicode>Publikum gezollt hat. Für uns Oesterrei¬</Unicode>
                </TextEquiv>
            </TextLine>
            <TextLine id="r2l25" custom="readingOrder {index:24;}">
                <Coords points="1182,2303 2171,2268 2169,2227 2122,2210 2028,2245 1739,2225 1180,2262"/>
                <Baseline points="1188,2302 1236,2300 1285,2298 1334,2295 1383,2293 1432,2290 1480,2287 1529,2284 1578,2281 1627,2279 1676,2276 1724,2273 1773,2271 1822,2268 1871,2266 1920,2263 1968,2262 2017,2260 2066,2259 2115,2258 2164,2257"/>
                <TextEquiv>
                    <Unicode>cher ist es ein stolzes Bewußtsein, daß</Unicode>
                </TextEquiv>
            </TextLine>
            <TextLine id="r2l26" custom="readingOrder {index:25;}">
                <Coords points="1186,2364 2173,2314 2171,2268 1183,2305"/>
                <Baseline points="1191,2349 1239,2348 1288,2346 1337,2345 1386,2343 1435,2341 1483,2338 1532,2335 1581,2333 1630,2330 1679,2327 1727,2324 1776,2321 1825,2319 1874,2317 1923,2314 1971,2312 2020,2310 2069,2308 2118,2307 2167,2306"/>
                <TextEquiv>
                    <Unicode>Schnitzler spezifisch Wiener Marke trägt.</Unicode>
                </TextEquiv>
            </TextLine>
            <TextLine id="r2l27" custom="readingOrder {index:26;}">
                <Coords points="1182,2414 2170,2358 2158,2319 2006,2312 1180,2369"/>
                <Baseline points="1188,2400 1236,2399 1285,2396 1334,2394 1383,2393 1431,2390 1480,2388 1529,2386 1578,2383 1626,2381 1675,2378 1724,2376 1773,2374 1821,2371 1870,2369 1919,2366 1968,2363 2016,2360 2065,2358 2114,2355 2163,2352"/>
                <TextEquiv>
                    <Unicode>das durch seine Stücke die lindmelancho¬</Unicode>
                </TextEquiv>
            </TextLine>
            <TextLine id="r2l28" custom="readingOrder {index:27;}">
                <Coords points="1194,2474 2166,2418 2172,2372 1191,2412"/>
                <Baseline points="1200,2452 1248,2450 1296,2447 1345,2445 1393,2443 1441,2440 1490,2438 1538,2435 1586,2434 1635,2431 1683,2428 1731,2426 1780,2423 1828,2421 1876,2418 1925,2415 1973,2412 2021,2409 2070,2406 2118,2403 2167,2400"/>
                <TextEquiv>
                    <Unicode>lische Luft der Kahlenbergabhänge weht</Unicode>
                </TextEquiv>
            </TextLine>
            <TextLine id="r2l29" custom="readingOrder {index:28;}">
                <Coords points="1188,2508 2069,2477 2170,2455 2168,2413 1186,2470"/>
                <Baseline points="1194,2501 1242,2500 1291,2498 1339,2496 1388,2494 1436,2491 1485,2489 1533,2486 1582,2483 1630,2480 1679,2477 1727,2474 1776,2471 1824,2468 1873,2465 1921,2463 1970,2460 2018,2457 2067,2455 2115,2453 2164,2451"/>
                <TextEquiv>
                    <Unicode>und das man den Schlag des Wiener Her¬</Unicode>
                </TextEquiv>
            </TextLine>
            <TextLine id="r2l30" custom="readingOrder {index:29;}">
                <Coords points="1193,2556 2171,2513 2169,2478 2091,2462 1192,2534"/>
                <Baseline points="1200,2551 1248,2549 1296,2547 1344,2545 1392,2542 1441,2539 1489,2537 1537,2535 1585,2532 1633,2529 1682,2526 1730,2523 1778,2521 1826,2518 1874,2516 1923,2513 1971,2511 2019,2508 2067,2506 2115,2504 2164,2502"/>
                <TextEquiv>
                    <Unicode>zens aus seiner Sprache hören kann. ein</Unicode>
                </TextEquiv>
            </TextLine>
            <TextLine id="r2l31" custom="readingOrder {index:30;}">
                <Coords points="1205,2597 2138,2574 2178,2522 1203,2556"/>
                <Baseline points="1212,2600 1260,2598 1308,2596 1356,2594 1404,2592 1452,2590 1500,2587 1548,2585 1596,2582 1644,2579 1692,2576 1740,2574 1788,2572 1836,2569 1884,2566 1932,2564 1980,2562 2028,2559 2076,2558 2124,2556 2173,2554"/>
                <TextEquiv>
                    <Unicode>Wienertum das Schnitzler durch den Geist</Unicode>
                </TextEquiv>
            </TextLine>
            <TextLine id="r2l32" custom="readingOrder {index:31;}">
                <Coords points="1201,2666 2178,2603 2176,2576 2040,2559 1725,2610 1668,2582 1198,2610"/>
                <Baseline points="1206,2649 1254,2647 1302,2645 1350,2642 1399,2641 1447,2638 1495,2636 1543,2633 1592,2631 1640,2628 1688,2626 1736,2623 1785,2620 1833,2618 1881,2616 1929,2613 1978,2611 2026,2608 2074,2607 2122,2604 2171,2603"/>
                <TextEquiv>
                    <Unicode>seiner Persönlichkeit gendelt hat. Des¬</Unicode>
                </TextEquiv>
            </TextLine>
            <TextLine id="r2l33" custom="readingOrder {index:32;}">
                <Coords points="1203,2719 2169,2663 2182,2604 2052,2639 1875,2619 1200,2666"/>
                <Baseline points="1208,2701 1256,2699 1305,2696 1353,2694 1402,2691 1450,2689 1499,2686 1547,2683 1596,2680 1644,2678 1693,2675 1741,2672 1790,2670 1838,2667 1887,2665 1935,2662 1984,2660 2032,2657 2081,2656 2129,2654 2178,2652"/>
                <TextEquiv>
                    <Unicode>halb lieben wir Arthur Sehnitzler, und</Unicode>
                </TextEquiv>
            </TextLine>
            <TextLine id="r2l34" custom="readingOrder {index:33;}">
                <Coords points="1194,2756 2101,2722 2183,2700 2181,2661 1192,2719"/>
                <Baseline points="1199,2751 1247,2749 1296,2747 1345,2744 1394,2741 1443,2739 1492,2736 1541,2734 1590,2731 1639,2728 1688,2725 1736,2722 1785,2720 1834,2717 1883,2714 1932,2711 1981,2709 2030,2707 2079,2705 2128,2702 2177,2701"/>
                <TextEquiv>
                    <Unicode>diese Liebe macht uns voreingenommen für</Unicode>
                </TextEquiv>
            </TextLine>
            <TextLine id="r2l35" custom="readingOrder {index:34;}">
                <Coords points="1198,2808 2193,2764 2191,2734 2114,2712 2009,2747 1920,2717 1196,2755"/>
                <Baseline points="1204,2801 1253,2799 1302,2797 1351,2794 1400,2792 1449,2790 1498,2787 1547,2784 1596,2781 1645,2779 1695,2775 1744,2773 1793,2770 1842,2767 1891,2764 1940,2762 1989,2759 2038,2756 2087,2754 2136,2752 2186,2750"/>
                <TextEquiv>
                    <Unicode>ihn, wir sind nicht völlig ohjektiv gegen</Unicode>
                </TextEquiv>
            </TextLine>
            <TextLine id="r2l36" custom="readingOrder {index:35;}">
                <Coords points="1205,2839 1405,2859 2020,2826 2170,2814 2185,2763 1203,2808"/>
                <Baseline points="1212,2850 1260,2848 1308,2846 1357,2843 1405,2841 1454,2838 1502,2836 1551,2833 1599,2831 1648,2829 1696,2826 1744,2824 1793,2820 1841,2818 1890,2815 1938,2813 1987,2810 2035,2807 2084,2805 2132,2802 2181,2799"/>
                <TextEquiv>
                    <Unicode>seine Schwächen und überaus empfind¬</Unicode>
                </TextEquiv>
            </TextLine>
            <TextLine id="r2l37" custom="readingOrder {index:36;}">
                <Coords points="1207,2892 1530,2906 2198,2848 2196,2814 2123,2807 2011,2841 1825,2820 1206,2871"/>
                <Baseline points="1214,2900 1262,2897 1311,2894 1360,2891 1409,2888 1458,2887 1507,2884 1555,2881 1604,2880 1653,2878 1702,2875 1751,2873 1800,2870 1849,2868 1897,2866 1946,2864 1995,2861 2044,2859 2093,2856 2142,2852 2191,2850"/>
                <TextEquiv>
                    <Unicode>sum für seine zahlreichen Vorzüge- als da</Unicode>
                </TextEquiv>
            </TextLine>
            <TextLine id="r2l38" custom="readingOrder {index:37;}">
                <Coords points="1209,2960 1813,2939 1968,2902 2158,2921 2193,2864 1207,2923"/>
                <Baseline points="1215,2949 1263,2948 1312,2947 1361,2944 1409,2942 1458,2940 1507,2937 1555,2934 1604,2930 1653,2927 1702,2923 1750,2920 1799,2917 1848,2914 1896,2911 1945,2909 1994,2906 2042,2905 2091,2904 2140,2903 2189,2903"/>
                <TextEquiv>
                    <Unicode>sind: ein starkes dramatisches Talent.</Unicode>
                </TextEquiv>
            </TextLine>
            <TextLine id="r2l39" custom="readingOrder {index:38;}">
                <Coords points="1211,2996 2185,2971 2199,2905 1209,2959"/>
                <Baseline points="1217,2997 1265,2995 1314,2993 1363,2992 1412,2989 1461,2986 1510,2984 1559,2981 1608,2978 1657,2975 1706,2972 1754,2969 1803,2967 1852,2964 1901,2961 1950,2959 1999,2957 2048,2955 2097,2953 2146,2952 2195,2951"/>
                <TextEquiv>
                    <Unicode>eine blütenreiche Sprache, der Pulsschlag</Unicode>
                </TextEquiv>
            </TextLine>
            <TextLine id="r2l40" custom="readingOrder {index:39;}">
                <Coords points="1218,3048 2141,3012 2197,2993 2195,2951 1216,3009"/>
                <Baseline points="1225,3047 1273,3045 1321,3042 1369,3040 1418,3037 1466,3035 1514,3033 1563,3030 1611,3028 1659,3026 1708,3024 1756,3022 1804,3018 1852,3016 1901,3014 1949,3011 1997,3008 2046,3005 2094,3003 2142,3000 2191,2996"/>
                <TextEquiv>
                    <Unicode>eines Kgroßen Temperaments, ein seltener</Unicode>
                </TextEquiv>
            </TextLine>
            <TextLine id="r2l41" custom="readingOrder {index:40;}">
                <Coords points="1229,3112 2181,3044 2118,3007 1227,3068"/>
                <Baseline points="1235,3097 1282,3095 1329,3092 1376,3090 1423,3088 1470,3086 1517,3084 1564,3081 1611,3079 1658,3077 1705,3075 1752,3072 1799,3070 1846,3068 1893,3065 1940,3062 1987,3060 2034,3058 2081,3055 2128,3052 2175,3049"/>
                <TextEquiv>
                    <Unicode>Blick für die Bühnenwirkung und über</Unicode>
                </TextEquiv>
            </TextLine>
            <TextLine id="r2l42" custom="readingOrder {index:41;}">
                <Coords points="1221,3150 2206,3098 2138,3054 1219,3116"/>
                <Baseline points="1227,3147 1275,3145 1324,3143 1372,3141 1421,3139 1470,3137 1518,3135 1567,3133 1616,3130 1664,3128 1713,3125 1762,3122 1810,3120 1859,3116 1908,3114 1956,3111 2005,3109 2054,3105 2102,3102 2151,3100 2200,3097"/>
                <TextEquiv>
                    <Unicode>alles. ein goldenes Herz, ein echt mensch¬</Unicode>
                </TextEquiv>
            </TextLine>
            <TextLine id="r2l43" custom="readingOrder {index:42;}">
                <Coords points="1228,3206 2190,3149 2167,3107 1658,3128 1622,3158 1225,3149"/>
                <Baseline points="1233,3197 1280,3195 1328,3193 1375,3190 1423,3188 1470,3186 1518,3183 1565,3180 1613,3178 1660,3174 1708,3172 1755,3169 1803,3166 1850,3164 1898,3160 1945,3158 1993,3156 2040,3154 2088,3152 2135,3150 2183,3149"/>
                <TextEquiv>
                    <Unicode>liches Gefühl. für die menschlichen Schwü¬</Unicode>
                </TextEquiv>
            </TextLine>
            <TextLine id="r2l44" custom="readingOrder {index:43;}">
                <Coords points="1228,3256 1920,3212 2104,3231 2209,3210 2207,3171 1225,3207"/>
                <Baseline points="1234,3248 1282,3247 1330,3245 1379,3242 1427,3240 1476,3237 1524,3234 1572,3231 1621,3228 1669,3225 1718,3222 1766,3219 1814,3217 1863,3214 1911,3212 1960,3209 2008,3207 2056,3205 2105,3204 2153,3203 2202,3202"/>
                <TextEquiv>
                    <Unicode>chen. er einsame Weg.“ Melancholischj</Unicode>
                </TextEquiv>
            </TextLine>
            <TextLine id="r2l45" custom="readingOrder {index:44;}">
                <Coords points="1229,3304 2162,3269 2209,3257 2207,3202 2103,3233 1920,3212 1803,3245 1227,3256"/>
                <Baseline points="1235,3297 1283,3295 1331,3293 1380,3290 1428,3288 1477,3285 1525,3282 1573,3280 1622,3277 1670,3274 1719,3271 1767,3269 1815,3267 1864,3263 1912,3261 1961,3259 2009,3257 2057,3254 2106,3253 2154,3251 2203,3249"/>
                <TextEquiv>
                    <Unicode>wie der Titel selbst ist das Werk, einf</Unicode>
                </TextEquiv>
            </TextLine>
            <TextLine id="r2l46" custom="readingOrder {index:45;}">
                <Coords points="1233,3342 2217,3318 2213,3255 1231,3316"/>
                <Baseline points="1239,3344 1287,3343 1336,3341 1384,3339 1433,3338 1481,3335 1530,3332 1578,3330 1627,3327 1675,3324 1724,3322 1772,3319 1821,3316 1869,3313 1918,3310 1966,3308 2015,3305 2063,3304 2112,3301 2160,3299 2209,3298"/>
                <TextEquiv>
                    <Unicode>Gramatisierter Nekrolog für das verloreneg</Unicode>
                </TextEquiv>
            </TextLine>
            <TextLine id="r2l47" custom="readingOrder {index:46;}">
                <Coords points="1239,3400 1848,3386 2028,3352 2100,3381 2213,3334 2179,3305 1237,3352"/>
                <Baseline points="1245,3395 1293,3393 1341,3390 1389,3389 1437,3386 1485,3384 1533,3381 1581,3379 1629,3377 1677,3374 1726,3372 1774,3370 1822,3368 1870,3366 1918,3363 1966,3360 2014,3358 2062,3356 2110,3354 2158,3351 2207,3348"/>
                <TextEquiv>
                    <Unicode>Leben. Im Burgtheater stellen die Herrens</Unicode>
                </TextEquiv>
            </TextLine>
            <TextLine id="r2l48" custom="readingOrder {index:47;}">
                <Coords points="1249,3450 2175,3411 2210,3405 2207,3337 2105,3379 1247,3400"/>
                <Baseline points="1255,3442 1302,3441 1349,3440 1397,3439 1444,3437 1492,3435 1539,3434 1586,3432 1634,3429 1681,3427 1729,3425 1776,3423 1823,3420 1871,3417 1918,3415 1966,3412 2013,3410 2060,3407 2108,3404 2155,3401 2203,3399"/>
                <TextEquiv>
                    <Unicode>Walden. Paulsen. Devrient. Gerasch undt</Unicode>
                </TextEquiv>
            </TextLine>
            <TextLine id="r2l49" custom="readingOrder {index:48;}">
                <Coords points="1242,3504 2214,3466 2212,3411 2150,3404 1241,3464"/>
                <Baseline points="1248,3494 1298,3492 1348,3490 1399,3488 1449,3486 1500,3484 1550,3481 1601,3479 1651,3477 1702,3474 1752,3472 1803,3469 1853,3467 1904,3464 1954,3462 2005,3460 2055,3457 2106,3455 2156,3453 2207,3451"/>
                <TextEquiv>
                    <Unicode>Die Damen Wolllgemuth und Bleibtren die</Unicode>
                </TextEquiv>
            </TextLine>
            <TextLine id="r2l50" custom="readingOrder {index:49;}">
                <Coords points="1247,3548 1709,3546 2085,3499 2220,3518 2217,3462 2128,3455 1245,3506"/>
                <Baseline points="1253,3544 1301,3543 1349,3541 1397,3539 1445,3537 1493,3535 1541,3533 1589,3530 1637,3527 1685,3525 1733,3522 1781,3519 1829,3517 1877,3515 1925,3512 1973,3510 2021,3507 2069,3505 2117,3504 2165,3502 2213,3501"/>
                <TextEquiv>
                    <Unicode>tragenden Kollen dar. „Der einsame Wegr</Unicode>
                </TextEquiv>
            </TextLine>
            <TextLine id="r2l51" custom="readingOrder {index:50;}">
                <Coords points="1238,3597 1750,3588 1973,3550 2205,3570 2210,3510 1236,3564"/>
                <Baseline points="1244,3593 1292,3592 1340,3592 1388,3590 1436,3589 1484,3587 1532,3585 1580,3582 1628,3580 1676,3577 1724,3575 1772,3572 1820,3569 1868,3566 1916,3563 1964,3560 2012,3558 2060,3556 2108,3553 2156,3552 2205,3549"/>
                <TextEquiv>
                    <Unicode>ist kein Stück das eine laute lebhaftg</Unicode>
                </TextEquiv>
            </TextLine>
            <TextLine id="r2l52" custom="readingOrder {index:51;}">
                <Coords points="1243,3648 2211,3604 2177,3554 1536,3588 1505,3616 1240,3607"/>
                <Baseline points="1249,3644 1296,3643 1344,3642 1392,3640 1439,3638 1487,3636 1535,3634 1582,3631 1630,3629 1678,3626 1726,3623 1773,3620 1821,3617 1869,3614 1916,3610 1964,3607 2012,3604 2059,3601 2107,3598 2155,3595 2203,3592"/>
                <TextEquiv>
                    <Unicode>Stinnnung aufkommen läßt. Das Zusams</Unicode>
                </TextEquiv>
            </TextLine>
            <TextLine id="r2l53" custom="readingOrder {index:52;}">
                <Coords points="1253,3704 2162,3662 2213,3656 2211,3607 1251,3666"/>
                <Baseline points="1259,3695 1306,3693 1353,3691 1401,3689 1448,3686 1495,3683 1543,3682 1590,3679 1637,3676 1685,3673 1732,3671 1779,3668 1827,3666 1874,3663 1921,3660 1969,3657 2016,3655 2063,3652 2111,3649 2158,3647 2206,3644"/>
                <TextEquiv>
                    <Unicode>ienspiel trug #en lyrischen Charnkten</Unicode>
                </TextEquiv>
            </TextLine>
            <TextLine id="r2l54" custom="readingOrder {index:53;}">
                <Coords points="1243,3736 1324,3759 2157,3712 2226,3686 2226,3655 1242,3712"/>
                <Baseline points="1250,3745 1298,3742 1347,3740 1395,3737 1444,3735 1492,3733 1541,3730 1589,3728 1638,3725 1686,3723 1735,3721 1784,3718 1832,3716 1881,3714 1929,3712 1978,3710 2026,3707 2075,3706 2123,3704 2172,3702 2221,3700"/>
                <TextEquiv>
                    <Unicode>des Werkes volle Rechnung und entlielt</Unicode>
                </TextEquiv>
            </TextLine>
            <TextLine id="r2l55" custom="readingOrder {index:54;}">
                <Coords points="1252,3800 1422,3816 1724,3774 2035,3780 2032,3715 1250,3761"/>
                <Baseline points="1258,3793 1296,3791 1334,3790 1373,3789 1411,3787 1450,3786 1488,3784 1527,3782 1565,3781 1604,3778 1642,3776 1680,3774 1719,3772 1757,3771 1796,3768 1834,3767 1873,3765 1911,3762 1950,3761 1988,3758 2027,3757"/>
                <TextEquiv>
                    <Unicode>die Zuhörer in starker Bewegung.</Unicode>
                </TextEquiv>
            </TextLine>
            <TextLine id="r2l56" custom="readingOrder {index:55;}">
                <Coords points="2080,3831 2091,3834 2109,3825 2148,3841 2158,3833 2169,3837 2200,3816 2209,3817 2224,3802 2236,3803 2236,3763 2227,3763 2211,3750 2193,3754 2183,3764 2175,3761 2151,3771 2106,3740 2080,3740"/>
                <Baseline points="2086,3803 2114,3804 2143,3805 2172,3805 2201,3805 2230,3803"/>
                <TextEquiv>
                    <Unicode>Wen</Unicode>
                </TextEquiv>
            </TextLine>
            <TextEquiv>
                <Unicode>box 23/4
weg
Husschnitt aus Wicner Leben
vom:
2 FEBRUMR 1311
Premieren der Woche.
„Der einsame Weg“ von Arthur
Schnitzler. (Burgtheater).
En Lilättern findet man die aus“
Führliche Besprechung über Sehnitzlers
Werk anläßlich seiner ersten Wiener Auf¬
führung unter Leitung Brahms und in
einer Zeit. in weicher der Dichter der
Liebelei“ noch zu den stürksten Hloff¬
nungen des Jeutschen Theaters zählte.
Heute können wir bereits von einer Er¬
füllung sprechen. Allerilings nicht von
dum vollständigen Erwachen aller unserer
Erwartungen, die wir an dieses starke
Talent geknüpt haben,. aber innnerhin von
der schönen Frucht langjährigen Kam¬
pfes. den Schmitzler um seine Auerkennung
führte, und die ihm längst das deutsche
Publikum gezollt hat. Für uns Oesterrei¬
cher ist es ein stolzes Bewußtsein, daß
Schnitzler spezifisch Wiener Marke trägt.
das durch seine Stücke die lindmelancho¬
lische Luft der Kahlenbergabhänge weht
und das man den Schlag des Wiener Her¬
zens aus seiner Sprache hören kann. ein
Wienertum das Schnitzler durch den Geist
seiner Persönlichkeit gendelt hat. Des¬
halb lieben wir Arthur Sehnitzler, und
diese Liebe macht uns voreingenommen für
ihn, wir sind nicht völlig ohjektiv gegen
seine Schwächen und überaus empfind¬
sum für seine zahlreichen Vorzüge- als da
sind: ein starkes dramatisches Talent.
eine blütenreiche Sprache, der Pulsschlag
eines Kgroßen Temperaments, ein seltener
Blick für die Bühnenwirkung und über
alles. ein goldenes Herz, ein echt mensch¬
liches Gefühl. für die menschlichen Schwü¬
chen. er einsame Weg.“ Melancholischj
wie der Titel selbst ist das Werk, einf
Gramatisierter Nekrolog für das verloreneg
Leben. Im Burgtheater stellen die Herrens
Walden. Paulsen. Devrient. Gerasch undt
Die Damen Wolllgemuth und Bleibtren die
tragenden Kollen dar. „Der einsame Wegr
ist kein Stück das eine laute lebhaftg
Stinnnung aufkommen läßt. Das Zusams
ienspiel trug #en lyrischen Charnkten
des Werkes volle Rechnung und entlielt
die Zuhörer in starker Bewegung.
Wen</Unicode>
            </TextEquiv>
        </TextRegion>
    </Page>
</PcGts>
