3436 4384
1407 376 1852 466 box 23/4
896 384 949 458 1
250 393 1245 493 13. Dereg
947 1332 2277 1401 werden besiegt, derbe Zusammenhänge reißen, zarte erweisen
947 1385 2287 1465 sich stark wie Eisenketten, Schuld und Sühne erscheinen, ein
949 1435 2285 1516 kultivierter Nihilismus sendet scharfe Düfte. Es wird viel
956 1488 2282 1565 gezweifelt; aber mit Manieren, nett, geschmackvoll, molta con
954 1554 2290 1602 delicatezza. Auch das Schrille hat noch eine Art Melodie.
957 1590 2177 1650 Auch die Schmerzbeladenen sind noch Schmerzgenießer.
1043 1632 2285 1707 Kampf, Abwehr, Protest liegen hinter diesen mit Melan¬
964 1681 2294 1759 cholie gesalbten fein=Organisierten. Jetzt ist ihre Tätigkeit nur:
953 1755 2299 1804 reden, reden und sterben. Und ein schmachtendes Aeugeln
965 1779 2295 1850 mit dem Schicksal, dem sie sich verfallen wissen. Es sind ab¬
957 1829 2292 1904 geblühte oder im Keim zertretene Menschen. Diese sagen: „Ach!“
967 1902 2301 1962 und da liegen sie. Jene machen Musik. Sie rascheln herbstlich
964 1928 2304 2022 (besonders wenn die Vergangenheit, ein kühles Lüftchen der
968 1984 2308 2053 Erinnerung, ihre Seele streift), und wie welke Blätter fallen die
958 2033 2301 2092 Erkenntnisse: leise, traurig, weich und unablässig. Manchmal
963 2076 2295 2160 scheint es, als ob noch irgendeine Leidenschaft dieses schwer¬
959 2121 2307 2201 mütige Psalmodieren unterbrechen wollte. Aber ihre Mechanik
965 2174 2297 2253 ist eingerostet. Und so bleibt der Anlaß ungenützt. Und so
972 2218 2319 2298 bleibt die Dämmerung Dämmerung. Und so bleibt das Drama
977 2295 1164 2360 Novelle.
1059 2317 2309 2388 Die Liebe der Johanna zu Herrn von Sala bringt die
959 2376 2301 2452 zartesten Augenblicke des Schauspiels. Sie gibt das Gegen¬
972 2421 2312 2503 stück zu getiftelten Schmerz=Gourmandisen, denen im Stück so
970 2476 2314 2539 ausgiebig gefrönt wird. Die Einsamen der Komödie nämlich
976 2517 2319 2593 genießen ihre Kümmernisse mit einer wahrhaft artistischen
984 2565 2312 2636 Wollust; man hat das Gefühl, daß sie um keinen Preis ihre
976 2615 2317 2686 Traurigkeiten hergeben würden. Anders, menschlicher, unlite¬
970 2674 2308 2740 rarischer sind die Frauen im „Einsamen Weg'; vor allen:
974 2716 2304 2791 Johanna. Hier versteckt sich ein Gefühl nicht hinter Geistig¬
980 2764 2324 2838 keiten, und die Sehnsucht nach dem andern wird nicht sterilisiert
977 2813 2320 2876 durch die allzu genau erfüllte Pflicht gegen sich selbst. „Willst
985 2860 2317 2931 Du mit mir gehen nach Baktrien?“ fragt er, „als meine Frau?“
977 2912 2319 2973 Und sie, die weiß, daß die Reise anderswo hingeht als nach
978 2959 2306 3030 Baktrien, lächelt gut und geht wortlos voran; schenkt ihm für
986 3027 2316 3090 die letzte Spanne seines Lebens eine außerordentliche Erinne¬
974 3061 2303 3137 rung. Herr von Sala kann leider nicht mehr viel damit an¬
988 3105 2320 3189 fangen. Es ist ihm nicht die Zeit vergönnt, das Erlebnis als
988 3164 2308 3229 neues Futter für sein verhätscheltes Ich nach Hause zu tragen.
995 3220 2321 3276 Er hört, daß sein eigenes Ende nahe, und ist augenblicklich ent¬
982 3257 2323 3331 schlossen, ihm nicht entgegenzusiechen. Der Aesthet flüchtet vor
989 3311 2322 3380 dem üblen Geruch, vor der Häßlichkeit und Pein des Todes in
988 3356 2325 3430 den Tod. Ach, immer müssen Frauen sterben, damit Männer
988 3423 2331 3478 erlöst werden. Aber der gerührte Zuschauer weiß in seinem
992 3469 1858 3545 Innersten: Es war nicht der Mühe wert!
2223 3542 2329 3600 273
