3436 4256
273 246 1272 358 18. Der einsane Neg
533 1171 1364 1275 Dr. Max Goldschmidt
643 1266 1152 1361 „  Bureau für .
675 1336 1189 1424 Zeitungsausschnitte
438 1413 1427 1471 verbunden mit direktem Nachrichtendienst durch
670 1463 1184 1534 eigene Korrespondenten.
972 1514 1370 1593 Telephon: III, 3051.
471 1518 840 1592 Berlin N. 24.
675 1581 1455 1622 ———
506 1581 623 1634 —
713 1629 1157 1717 Ausschnitt aus
797 1874 1354 1979 Süsseldorfer Zeitung
986 1999 1348 2111 18 FEB. 1904
530 2114 1600 2234 Aus den Berliner Theatern.—
796 2219 1179 2298 Von Spectator.
1120 2271 1551 2365 (Nachdruck verboten.)
443 2342 1579 2415 Ein ausgesprochener Mißerfolg ist aus dem „Deutschen
398 2388 1582 2459 Theater“ zu melden, wo Arthur SchnitzleSchauspiel
402 2446 1567 2507 „Der einsame Weg“ teils mit ironischer Heiterkeit, teils
393 2487 1583 2536 kühl reserviert, teils auch mit offener Opposition aufgenommen!
395 2536 1572 2590 wurde. Schnitzler hat in seinem jüngsten Werk seinem „Anatole“¬
403 2584 1562 2637 Cyklus so eine Art Fortsetzung gegeben — er wollte einmal zeigen,
396 2621 1562 2672 wie einer seiner Lebemänner, dieser skrupellosen, nur an ihr Ver¬
394 2663 1567 2718 gnügen denkenden Egoisten aussieht, wenn das Alter durch erste
392 2722 1566 2765 Anzeichen sich meldet. Er fand einen Vorwurf, der die drama¬
403 2752 1565 2806 tische Gestaltung wohl lohnte, aber er fand nicht zugleich die richtige
403 2797 1565 2856 Art, wie diese Gestaltung auch lohnend durchgeführt wurde. Eine
392 2844 1560 2897 sterbende Frau bekennt auf dem Totenbette dem Arzte, daß ihr
402 2888 1570 2935 Sohn eine Frucht der Sünde ist und der Sohn tritt nun dem
391 2928 1557 2997 Manne, dem er das Leben dankt, und der ihm bisher ein Freund
385 2981 1564 3036 gewesen, kalt, als ein Fremder gegenüber. Aus dieser Grund¬
399 3011 1569 3083 idee hätte sich eine große Menge fesselnder Konsequenzen ziehen
394 3071 1564 3115 lassen, Schnitzler aber ist dem aus dem Wege gegangen und hat
392 3113 1560 3180 kein Schauspiel mit fortschreitender Handlung geschrieben, die
385 3161 1574 3217 hier ihren Ausgang nahm, sondern er hat rückwärts gebaut und
394 3197 1580 3249 in langen Gesprächen die Vergangenheit vor Beginn des Stückes
378 3246 1574 3311 wieder erstehen lassen. Wenn auch oft eine geistreiche Wendung
385 3291 1560 3346 des Dialogs anspricht, manche glücklich ersonnene Scene das In¬
390 3325 1573 3396 teresse gefangen nimmt, im ganzen wird man den Eindruck des
383 3379 1570 3436 Konstruierten, künstlich Zurechtgelegten nicht los, und keinen Mo¬
445 3423 1572 3504 #nt vermögen die höchst unsympathisch gezeichneten Hauptfiguren
343 3461 1138 3547 #dem Zuschauer Anteilnahme abzunötigen.
1432 227 1874 342 box 23/1
2212 1115 2674 1208 Telephon 12801.
1838 1211 3066 1290 Alex. Weigl’s Unternehmen für Zeitungs-Ausschnitte.
2719 1260 3005 1355 dee Ausschnitt
2849 1292 3126 1420 Nr. 89
1800 1290 2721 1407 Iu II „OBSERVER
1734 1412 3183 1497 I. österr. behördl. eeno. Bureau für Zeitungsberichte u. Porsonalnachrichten
1994 1471 2923 1541 Wien, I., Concondiaplatz 4.
1739 1519 3188 1615 Vertretungen in Berlin, Budapest. Chicage, Genf, London, Newyor“, Paris, Rem
2105 1579 2828 1656 Stockholm, Kristiania, St. Petersburg.
1733 1647 2930 1836 Kusschmit aus: 700 (Bertenn
1739 1882 2035 1951 vom:
2051 1863 2405 2009 7 (90h.
2021 2208 2798 2297 Schnitler: „Der einsame Weg.“
2096 2283 2724 2350 Uraufführung im „Deutschen Theater“.
2104 2338 2749 2405 err Arthur Schnigler, der Doct,
2044 2383 2742 2449 10 Läßt alle seine Helden sterben
2048 2437 2770 2522 Und läßt in Krankheit sie verderben,
2052 2495 2741 2559 Bis rings uns Leichenduft umwehr.
2068 2552 2777 2617 Und fragt ihr ihn, warum 's geschel)',
2070 2603 2685 2666 Warum er keinen läßt genesen?
2834 2590 3182 2695 18.— inekustre
1767 2607 2048 2691 Für 50 Ze
2994 2648 3152 2694 Porto.
2056 2652 2794 2733 So spricht er: „Das ist mein Metier!
1871 2666 1982 2716 100
2834 2669 3166 2736 50.— 7 Zahlbar
1873 2712 1977 2754 200
2828 2711 2963 2756 110.—
2061 2706 2729 2791 Wozu bin ich denn Arzt gewesen?“
2830 2723 3210 2808 300.— im Vorana.
1871 2748 1986 2795 500
1789 2772 1839 2819 „
1800 2789 1977 2851 " 1000
1898 2788 3145 2885 Im Gegensatze zu anderen Bureaux für Zeitungsausschnitte ist 4
2855 2831 3218 2887 auch steht es den
1773 2855 2797 2918 Abennement durch keine bestimmte Zeitdauer begrenzt;
1785 2871 3101 2987 Abonnenten frei die aufgegebenen Themen zu ergänzen oder zu ändern.
1894 2941 3223 3037 Der „OBSERVER“ veranstaltet täglich einen Auszug enthaltend die
1775 2991 3212 3087 Inhaltsangabe aller wichtigen Mittheilungen der Wiener Morgen¬
1790 3047 3216 3146 blätter (Tagesjournale ausser „Neue Freie Presse“ und „Wiener Zeitung")
1797 3073 3223 3174 wodurch eine Uebersicht über das gesammte politische und wirthschaftliche
1794 3111 3228 3210 Leben des In- und Auslandes in drastischer Kürze geboten wird. Diese Mit¬
1796 3174 2815 3253 theilungen werden in Wien um 9 Uhr Früh verschickt.
2120 3233 2885 3332 Prospecte gnaris und franco.
2283 3302 2828 3382 Quellenangabe ohne Gewähr.
