3436 4224
1407 156 1888 264 box 23/4
243 161 1287 275 18. Der einsane Neg
1585 1167 1703 1232 —.—
2099 1157 2226 1237 —
165 1189 3227 1323 mn Selbstmord. In den mittleren Lebens mehr die lobt, die einen anderen Weg gehen?“ dürfen ihm gar nicht volliommen wärdigen konen.
166 1264 3208 1302 vom dreißigsten an, faßt er ihn ernster Weil Jeder nur sich selber kennt und an sich selbst Mir scheint, bei Schnitzler können wir es. Trotz
168 1306 3222 1428 Später, etwa vom fünfzigsten Jahre an,keine rechte Freude hat. Das legt er dann dem dieses Entgegenkommens von beiden Seiten gab es
173 1362 2759 1450 mit ihm abgefunden. Er hat soviel vom Schicksal zur Last. Aber der ehrliche Egoist sieht diesmal doch keinen Erfolg.
191 1406 2134 1501 Sterben erlebt, daß ihm die Tatsachestiefer: „Es gibt ja,“ sagt er, „für uns gar keine
2192 1416 3206 1502 Das Stück, dem in festlicher Spannung entge¬
157 1456 2115 1529 worden ist. Sie interessiert ihn nicht mehr Möglichkeit, uns nicht zu kennen; wir geben uns
2099 1457 3207 1540 gengesehen wurde, ist deutlich genug abgefallen und
185 1507 2116 1569 Maße, wie früher. Sein Blick ist dem wohl zuweilen redliche Mühe, uns über uns selbst
2108 1530 3212 1605 hat ziemlich allgemein enttäuscht. Daran ändeen
180 1555 2111 1627 auch der Vergaugenheit, nicht der Zu=zu täuschen, aber es gelingt uns nicht. Anderen
2099 1574 3207 1647 nichts die unausbleiblichen, mühsam genug herbei ge¬
175 1604 3213 1686 dem Tode zugewendet. Dann sprechen mögen unsere Torheiten, unsere Niederträchtigkei= führten Beifallsakte, für die nach den beiden ersten
178 1657 3194 1695 1 von der Kälte und Gefühlsarmut des #ten verborgen bleiben,  uns selber nie. In un= Aufzügen Herr Treßler, nach den folgenden der Dich¬
179 1710 3202 1782 haben den Tod noch gar nicht entdeckt; serer tiefsten Seele wissen wir immer, woran wir#ter dankte. Viel ehrlicher war der Beifall, den Frau
167 1732 3209 1850 hat ihn überwunden. Die männlichen mit uns sind.“ Wer ohne Fehl ist, werfe den ersten! Bleibtreu für ihr gutes Spiel als quieszierte
161 1801 3208 1869 en im „Einsamen Weg“ stehen alle in Stein auf ihn. Der wahre und einzige Nichtegoist Schauspielerin Irene Herms bei offener Szene fand.
164 1850 3206 1943 En Lebensjahren, in denen man den Tods ist der Ahnungslose. Er geht voran, aber es folgt Auch Herr Walden erfuhr diese ungeschminkte Aus¬
186 1895 1032 1961 und sich vom Alter eine falsche Vor¬
1012 1904 3208 1976 ihm keiner. Man nennt ihn „Vater“, und das ist zeichnung einmal in geringerem Umfang für seine
165 1951 1034 2021 ächt, wie überhaupt kein Lebensalter das
1010 1948 3198 2041 sein ganzer Lohn. Auch Wegrath soll erst noch er= Darstellung des vielseitigen von Sala, dessen brest¬
176 1998 1027 2066 g und gerecht beurteilen kann. Eher trifft
1012 1998 3208 2091 fahren, daß nicht er, sondern Julian seinen Felix hafte, hinfällige Erscheinung ihn allerdings als Ge¬
169 2046 1020 2112 kr Aeltere für eine verflossene Lebens¬
1018 2058 3199 2137 physisch gezeugt hat: Welche freudige Ueberraschung liebten der blidschönen Johanna (Fräulein Wohl¬
187 2094 1019 2167 er selbst schon durchgemacht hat (ob¬
1015 2096 1612 2168 für den alternden Mann!
2086 2112 3205 2180 gemuth) wenig gläubhaft machte. Ganz vorzüg¬
155 2137 1032 2221 s bekanntlich schwer ist), als der Jüngere
1075 2152 2103 2215 Schnitzler ist ein feiner Beobachter und Schil¬
2092 2153 3199 2237 lich zeichnete Herr Devrient den liederlichen Ju¬
161 2193 974 2262 Kriode, die er selbst noch erleben soll.
1005 2190 3205 2296 derer von Typen unseres zugleich kraftlosen und lian. Der hölzerne Akademiedirektor Wegrath war
171 2234 1014 2314 Schnitzlers „Einsamer Weg“ ein Bild
1014 2246 3203 2338 anspruchsvollen Zeitalters, das er nicht mit genialer, bei Herrn Paulsen in den richtigen Händen, eben¬
166 2274 1013 2351 tleren Lebensjahren. Julian ist der un¬
1006 2299 3210 2379 Ueberlegenheit, sondern mit kongenialen, homogenen so der „schmucke“ Leutnant bei Herrn Gerasch.
161 2330 1019 2404 nentare und darum schließlich enttäuschte
1013 2330 2098 2408 Werken charakterisiert. Das ist sein Lob und Ruhm.
2079 2350 3195 2436 Herr Herterich gab den Doktor Reumann zwar
164 2375 1034 2467 Sala der bewußte, überzeugte und des¬
1008 2395 2100 2459 Für einen großen Dramatiker würde es nicht lan¬
2087 2399 3202 2478 mehr wie einen Universitätsdiener, als wie einen
166 2419 2101 2511 hütterliche „Einsame“, der weiß, daßgen. Denn für die nervöse Schwäche und die hoh¬
2088 2441 3199 2514 Universitätsprofessor, für die kleine Rolle aber doch
185 2488 2105 2576 ihn nur etwas äußerliches sein kann. len Prätentionen der Gegenwart gibt es hinlänglich,
2087 2512 3202 2589 genügend. All das konnte dem Stück nicht helfen.
168 2522 2099 2606 rd keiner von uns sein wollen; seines andere Zeugnisse von größerer Zuverlässigkeit. Es
2081 2556 3117 2619 Es war ein verfehlter Griff des Burgtheaters.
204 2586 2101 2657 die das Stück ausklingt, ist doch garj ist angenehm, aber es genügt nicht, der Dichter sei¬
2743 2615 3157 2705 M. Hoernes.
212 2632 2109 2697 Auch hier wieder hat ein Künstlerlner Zeit zu sein. Der Hochbegabte, der Hochstrebende
170 2687 2120 2767 krgestellt und „wie kommt's, Mäzenas, muß der Dichter der Nachwelt werden wollen und am
182 2733 2120 2827 d mit seinem Los zufrieden ist, viel= Beifall der Mitwelt vorübergehen. Wir Zeitgenossen
