3436 4352
859 352 946 406 an
223 319 1849 450 18. Der einsane deg box 23/1
678 829 987 914 usschnitte
446 887 1237 970 # direktem Nachrichtendienst durch
454 956 1002 1020 eigene Korrespondenten.
750 1001 1178 1081 Telephon: III, 3051.
256 1012 652 1082 Berlin N. 24.
471 1048 1254 1121 —
494 1125 956 1210 Ausschnitt aus
456 1298 1125 1441 Hamburger Fremdenblat
595 1542 923 1629 16. 2. 54
1266 1608 3330 1680 Imiteinander gemeinsam habende Gruppen bilden Ihm ist also sein Zutun trotz aller Selbstsucht, man
1306 1684 3337 1716 Dadurch aber eine Zerspaltung der Teilnahme bei trotz aller Rücksichtslosigkeit im Genießen, schließ= Lehn
2266 1687 3340 1751 lich doch geworden, was so vielen edleren Na= wohll
1292 1710 2283 1776 dem Zuhörer die je weiter das Stück vorschrei¬
534 1661 1108 1807 Feuilleten.
2253 1731 3341 1786 turen versagt bleibt: ein wertvolles junges Men= Stüch
1284 1739 1799 1819 stet, desto mehr erlahmt.
3216 1764 3345 1814 Schc
2256 1771 3233 1841 schenleben für sich zu gewinnen Der Dichter aber
1375 1768 2279 1840 Die wahre Tragödie des Stückes besteht in
2272 1792 3342 1865 in der Willkür seiner Erfinderlaune läßt diese spiel
1281 1800 2271 1892 einem sehr einfachen Stoff, der übrigens schon
3228 1831 3338 1894 in d
2265 1856 3230 1901 Parallelgestalt neben dem eigentlichen Helden Ju¬
1298 1854 2281 1911 Imehr als einmal lange vor Schnitzler behandelt
3217 1875 3338 1946 jung
2272 1891 3226 1944 lian an einer tödlichen Herzkrankheit leiden, was
497 1849 1188 1975 Berliner Theater.
1306 1895 2278 1966 worden ist, am häufigsten von den Franzosen,
3224 1922 3334 1979 darst
2265 1931 3230 1981 doch ein reiner Zufall ist, und er läßt das
1307 1946 2276 2001 von diesen allerdings nicht mit dem Ernst, den
568 1941 1134 2033 „Der einsame Weg“,
2262 1961 3234 2028 liebende Mädchen in den freiwilligen Tod gehen,
1303 1986 2278 2057 der Stoff in sich trägt. Im Mittelpunkt des
2261 1993 3233 2064 weil es den Tod des geliebten Mannes voraus¬
340 2005 1320 2083 Schauspiel in fünf Aufzügen vorAuthurScuigfr
1312 2015 2270 2070 ###terschen Stückes steht ein gealterter Maler,
2399 2037 3237 2118 Ueberzeugend wirkt der Schluß dieser
2272 2059 2407 2107 sieht.
1303 2060 2283 2115 der nach einem genußreichen Jungaesellenleben in
534 2065 1158 2127 Erstaufführung im Denischen Theater.
2276 2092 2943 2158 Nebenhandlung ganz gewiß nicht.
1303 2075 2271 2150 die Heimat zurückkehrt und hier erfährt, daß er
644 2115 1041 2191 (Eigenbericht.)
2336 2110 3232 2197 Das Stück krankt nicht nur an dem tödlichen
1306 2126 2275 2203 einen Sohn hat: den jetzt 23 jährigen Leutnant
2267 2155 3221 2211 Uebel eines Doppelstoffes und einer Doppe
769 2174 2274 2229 Berlin, 14. Februar. (Felix, der als der Sohn des Akademiedirektors
1318 2202 3200 2276 gilt, in Wahrheit aber der Sohn seines Freun= behandlung; es krankt auch in der Ausführun
416 2212 1319 2293 Ein Erfolg war's nicht, ganz sicher nicht,
1310 2244 3192 2302 des Julian ist, der ihm einst die Braut kurz vor an unerträglichen Längen und Verzögerunge
344 2241 1320 2317 denn nach dem vierten und fünften Akt wurde
1869 2276 3179 2332 Julian kehrt also Dazu kommt daß das Stück gewissermaßen n
345 2306 1861 2356 mit Kraft und Ueberzeugung gezischt, und erst als der Hochzeit verführt hat.
1308 2304 3198 2387 müde von Genuß des Lebens heim und wiegt Frückwärts spielt: immer wieder wühlen die M
356 2337 1256 2393 Gegenäußerung wurde einiger Beifast laut.
1311 2378 3194 2418 sich in der Hoffnung, er werde, zumal da die schen in Rückerinnerungen, und dem Zuhörer#
342 2380 1318 2444 * sogar nach dem vierten Akt trat eine Art von
1317 2389 3247 2462 Mutter seines Sohnes inzwischen gestorben, in zugemutet, sich in die aufs Breiteste ausgemaln
740 2413 1329 2479 man sah eine Anzahl von
344 2423 762 2480 Theaterflucht ein:
2276 2431 3201 2489 Seelenstimmungen von toten und lebendigen M
344 2436 2292 2506 Premieren=Tigern“ in heller Verzweiflung den diesem den Freund seines Alters gewinnen, den
2282 2472 3201 2538 schen hinein zu versetzen, die vor dreiundzwan
351 2481 2284 2550 Saal verlassen. War's aber nicht trotzdem Begleiter auf seinem einsamen Wege. Wie sich
2270 2519 3253 2564 Jahren einmal empfunden wurden. Dergleich
1211 2515 2274 2571 Un= doch Anschäuungen und Geschmacksneigungen än¬
340 2533 1214 2606 wenigstens etwas künstlerisch Wertvolles?
2277 2558 3238 2609 kann natürlich nur in der Form der Erzähluc
343 2569 2276 2647 möglich wäre das nicht, denn es kann sich wohl dern! Bis zur Mitte des 19. Jahrhunderts
2273 2582 3191 2643 vorgetragen werden, und dadurch bekommt in d
1321 2601 2282 2663 wurde dieser Stoff stets so behandelt, daß in
355 2613 1334 2668 ereignen, ja, es hat sich schon mehr als einmal
2276 2623 3169 2691 Tat das Stück an vielen Stellen durchaus
1316 2627 2288 2693 einer rührenden Erkennungsszene zwischen Vater
354 2654 1330 2718 ereignet, daß der Durchfallende an einem
2287 2644 3241 2721 novellistisches Gepräge. Ueberdies können wir di
1320 2688 2285 2738 und Sohn die sogenannte Stimme des Blutes
344 2689 1338 2761 Premieren=Abend keineswegs das Stück, sondern
2285 2704 3261 2770 Wahrheit solcher Erzählungen gar nicht selbst
354 2731 2291 2774 das Publikum war, dem die künstlerische Be=vernehmlich wird, Erzeuger und Erzeugter tränen¬
2273 2749 3259 2799 prüfen, sondern müssen sie von den erzählenden!
344 2763 2292 2818 deutung eines feinen Dichterwerkes auf den ersten überströmt einander in die Arme stürzen und alle
351 2817 3260 2864 Hieb nicht aufgegangen war. Bei Erstaufführungen Schuld vergeben, ein neues Leben beginnen, und Personen auf Treu und Glauben hinnehmen. Die?
348 2809 3268 2904 am Sonnabend — früher in Berlin die Regel, alle Beteiligten hochbeglückt den Vorhang fallen Hauptsache zum Beispiel, jenes verräterische
948 2852 3262 2929 —kann sich der sehen. Dies geht heute offenbar nicht mehr an. Liebesverhältnis einer Braut mit dem Freunde
348 2885 969 2948 jetzt leider die Ausnahme
2619 2889 3270 2968 müssen wir einfach glauben,
349 2937 2641 2992 Kritiker die Sache wenigsiens beschlafen und ein Schon bei den Franzosen wird eine solche Er= des Bräutigams
1325 2950 3258 3008 kennungsszene meist so behandelt daß der Sohn denn es spielt sich nicht vor unsern Augen ab,
344 2962 1335 3025 ruhigeres Urteil abgeben als unter dem unmittel¬
1320 2977 3267 3048 dem plötzlich auftauchenden wahren Vater gründ=sondern wird uns von der Bühne herunter er¬
355 3010 1334 3054 baren Eindruck des Kampfgetöses zwischen den
2284 3004 3274 3086 zählt, wie wenn jemandem eine Geschichte bei der
356 3037 2285 3100 Zischern und den Klatschern. Dieses beschlafene lich seine Meinung sagt und ihm erklärt, er denke
2275 3056 2965 3116 Lampe am Familientische vorliest.
990 3082 2292 3126 lauten: Arthur gar nicht daran, die Stütze seines Alters zu
352 3087 1005 3152 Urteil hat etwa dahin zu
2353 3088 3278 3154 Außerdem störte in hohem Grade eine in den
354 3136 2295 3169 Schnitzler hat einen großen Lebensstoff auf=werden. Bei Schnitzler vollzieht sich die Ab¬
2287 3126 3271 3196 letzten Jahren bei Arthur Schnitzler sich immer
354 3146 2291 3216 gegriffen, und schon das verdient Anerkennung. frechnung zwischen Vater und Sohn feiner, ohne
2589 3173 3268 3231 bemerklich machende Art der
2286 3181 2574 3236 unangenehmer
351 3179 2295 3249 Er, der noch so junge Dichter, hat die Tragödie alle Heftigkeit, gehalten und ernst und diese
2276 3196 3271 3268 ahnungsvollen Geheimniskrämerei. Die Personen
349 3218 2293 3291 des Altwerdens schreiben wollen; denn der ein= Szene war es denn auch, die den stärksten Bei¬
2266 3243 3267 3322 auf der Bühne ahnen in ganz unbegreiflicher
351 3266 1628 3329 same Weg bedeutet den letzten Lebensabschnitt fall hervorrief.
1375 3271 3273 3350 Daneben läust nun aber ein ganz anderer Weise auch solche ihnen ganz verborgenen Ge¬
562 3318 1346 3377 ie aus Eigensucht, aus rücksichtsloser
363 3338 3271 3400 Genußwut, aus Mangel an Selbstopferung ihren Stoff, der zwar auch auf den einsamen Weg hin=heimnisse, die wir Zuhörer wissen, weil sie uns
358 3401 3270 3451 Weg einsam bis aus Ende wandern müssen, ohne deutet aber auf den eines anderen eines Freun= von einer wissenden Person mitgeteilt wurden,
359 3444 3268 3487 liebende Freunde, ohne Weib und Kind um sich des Julians, eines gleich ihm selbstsüchtigen Ge=die aber die andern Personen auf der Bühne
359 3484 3268 3542 Zweifellos ist dies ein Stoff, der mit voller Kraft nußmenschen, der sich von ihm nur durch den ohne übernatürliche Kräfte keineswegs ahnen
2432 3474 3270 3552 Ich fürchte hierin macht sich ein un¬
2293 3499 2452 3547 können.
1334 3502 2302 3562 Zusatz eines gewissen herben Lebensspottes unter¬
350 3503 1348 3561 angepackt und dramatisch lebendig auf der Bühne
361 3505 3270 3596 verkörpert, eine Zuschauermenge der verschiedensten scheidet. Wozu dieses doppelte Beispiel für den=heilvoller Einfluß Ibsens auf den in Wahrheit
2283 3541 3281 3640 doch so ganz anders angelegten Arthur Schnitzler;
1333 3577 2306 3641 selben grundeinfachen Gedanken? Dabei ist es
353 3588 1340 3643 Lebensalter ergreifen müßte. Leider, leider hat
2288 3589 3275 3670 geltend: dieser will gleich Ibsen uns ahnungs¬
1328 3607 2311 3692 gar nicht einmal wahr, daß dieser zweite Selbst¬
361 3637 1333 3693 Arthur Schnitzler sich selbst durch einen Mangel
2287 3636 3281 3705 voll kommen; weil aber dieser Zug nicht aus
359 3664 2303 3725 an künstlerischer Beschränkung um die in dem süchtling die letzte Strecke seines Lebensweges
352 3705 3287 3753 Stoff allein schon liegende Wirkung gebracht, in= einsam zurücklegen müßte. Im Gegenteil, ihm seinem wahren Wesen hervorgeht, sondern äußer=
572 3764 3285 3800 ohne jeden Grund und zum größten drängt sich das schöne, junge Leben eines Mäd=lich hinzugefügt ist, wirkt er hin und wieder nahe¬
364 3750 585 3811 dem er
354 3768 2541 3822 Schaden seines Stückes noch eine zweite Hand=scheus der Schwester des Leutnants Felir, die zu komisch.
2355 3777 3274 3854 Von der Aufführung ist fast nur Gutes zu
352 3812 2307 3882 lung hinein zu verweben suchte, in Wahrheit aber beiläufig den Jahren nach seine Tochter sein
2300 3838 3280 3896 melden Irene Triesch war eine künstlerisch wir¬
365 3842 2306 3916 fast gleichwertig danebensteilte. Also ein Stück könnte, aus uns verborgen bleibenden Herzens¬
362 3875 3285 3970 mit zwei Stoffen, mit zwei Handlungen, mit gründen förmlich mit Begeisterung als Gefährtin jkende Erscheinung, wenn man auch den durch sie
365 3906 3295 3992 Hauptpersonen nebeneinander, die zwei gar nichts seines sonst der Einsamkeit geweihten Weges auf. verkörperten Menschen nicht ganz verstand. Basser=
