3436 4320
913 222 975 273 1
1423 210 1876 294 box 23/2
261 201 1263 304 18. Der eins Nes
661 1033 1948 1119 spielen alle, wer es weiß, ist klug.“ In der zweiten Einakter¬
669 1108 1960 1156 tetralogie, den „Lebendigen Stunden“ erhält die Betrachtung von
262 1042 613 1212 M0 1
668 1153 1961 1210 Sein und Schein die besondere Anwendung auf das Verhältnis
668 1197 1958 1248 von Kunst und Leben. Dort treten in dem erfolglos ringenden
172 1207 645 1286 essingtheater am 13. Fe¬
669 1250 1952 1305 Journalisten Rademacher und dem ruhmgekrönten, innerlich ge¬
184 1270 649 1328 neuestes Schauspiel von
671 1298 1956 1357 beugten Dichter Weihgast der Letzten Masken“ schon zwei
185 1313 646 1367 eaufgenommen. Unsere
663 1346 1949 1416 solche Personen entgegen, die für ihr Fühlen und Leiden nirgends
195 1368 648 1432 dieses Mißerfolges die
664 1398 1959 1454 auf ihrer ganzen Lebensbahn verständnisvolle Teilnahme gefunden
191 1416 644 1477 unseren Bühnen gegen
673 1437 1950 1491 haben. Und wieder begegnen wir einem solchen Einsamen, der
173 1442 646 1523 t. Und erfreulicherweise
659 1485 1950 1548 sich aber absichtlich allein hält, um seinem Stolze nicht das Ein¬
171 1501 648 1569 kuer Publikums eine der¬
661 1529 1949 1598 geständnis des Schiffbruchs großer Hoffnungen und Pläne ab¬
172 1554 652 1615 ßer Weise zuerst nur zwei
658 1579 1951 1645 ringen zu müssen, in der einaktigen Studie „Der Puppenspieler“
175 1601 645 1676 hweitere erfolgen werden.
663 1627 1954 1680 Schon im „Puppenspieler“ ist auf die äußere Handlung wenig
190 1648 645 1713 und „Freiwild“ kann ja
660 1681 1949 1733 Wert gelegt, da es dem Dichter nur auf die Darlegung des
166 1689 654 1757 Wiener und vielleicht aller
673 1725 1959 1776 Seelenzustandes des herabgekommenen Dichters ankommt. In
171 1742 652 1809 n. Die starke Gedanken¬
678 1774 1957 1834 seinem Schauspiele hat Schnitzler die traurige Wahrheit, wie wenig
167 1796 647 1850 stehen bei diesem Stücke
667 1822 1950 1882 ein Mensch dem andern sein könne, wie einsam und unverstanden
178 1842 651 1902 das Schiff die stürmische
669 1866 1945 1932 jeder sein innerstes Seelenleben dahinlebe, nun zum dritten Male
171 1885 652 1949 ererfolge so vielen Fahr¬
678 1909 1952 1978 in dramatischen Gestalten zu verkörpern gesucht. Aber die er¬
162 1924 654 1999 Schädigung durchbrechen
663 1960 1947 2016 neute Gestaltung der den Dichter tief ergreifenden Idee und
180 1974 651 2047 starke Begabung für die
676 2006 1905 2066 Empfindun hat doch ein völlig abweichendes Gepräge erhalten.
171 2025 657 2092 die alte Erfahrung, daß
756 2056 1952 2124 Man könnte den „Einsamen Weg“ ein Thesenstück nennen.
174 2074 656 2138 ber in so vielen Fällen
673 2123 1953 2180 Wie in den beiden Einakterreihen handelt es sich dem Dichter
165 2118 650 2189 e, welche die Wage zum
661 2169 1951 2224 darum, eine herbe Erfahrung in ihren verschiedenen Spiegelungen
167 2178 653 2237 diesmal wieder bewährt.
668 2211 1953 2267 darzustellen. Aber er will diese verschiedenen Spiegelungen nur
176 2216 650 2284 iden letzten, besonders im
659 2261 1949 2328 innerhalb eines einzigen Dramas vorführen. Statt der drei oder
187 2265 652 2331 doch die Verkörperung
669 2305 1952 2360 vier selbständigen Einakter versucht er ein Schauspiel in fünf
166 2321 645 2379 der Lesung!) aufsteigende
670 2359 1953 2408 Aufzügen. Die Lösung der dadurch bedeutend schwieriger gewordenen
177 2361 654 2418 des neuen Dramas mit
677 2402 1950 2463 Aufgabe ist, das läßt sich schwerlich leugnen, dabei keineswegs so
164 2409 656 2471 Beziehungen zu anderen
667 2450 1947 2511 restlos wie bei den Einakterreihen geglückt. Aber wenn man das
166 2457 415 2515 eten lassen.
672 2495 1955 2553 von Schnitzler gestellte Problem näher ins Auge faßt, so erscheint
169 2489 648 2563 en psychologischen Liebes¬
660 2552 1949 2609 sein Schauspiel doch sehr beachtenswert. Ein so guter Kenner der
174 2553 642 2615 „Freiwild“ den Leicht¬
662 2595 1955 2653 neueren Bühne wie Heinrich Stümcke hat in der Sammlung seiner
162 2597 648 2667 nissen und die Frivolität
659 2643 1948 2708 Theaterkritiken?) von dem „Einsamen Weg“ gerühmt, er sei ohne
155 2647 644 2714 en in realistischen Auf¬
661 2683 1946 2744 unmittelbare Nachahmung „der bislang wohl bedeutendste Versuch,
177 2697 649 2761 geschildert, so schritt er
666 2740 1952 2794 nach Ibsens mikrokosmischer Methode Menschen und Menschen¬
205 2742 650 2807 gewisse sich ihm auf¬
664 2785 1949 2838 schicksale miteinander in Beziehung zu setzen, die feinen und leisen
164 2797 647 2847 psophie nach den ver¬
671 2829 1949 2890 ütbergänge und Zusammenhänge aufzudecken und ein Lebensbild
172 2837 656 2895 nzu beleuchten. In der
668 2887 1951 2935 vor uns aufzurollen, das wie bei Ibsen nur der letzte Akt einer
149 2890 652 2946 du“ benannten Einakter¬
661 2919 1952 2991 langen und komplizierten Vorgeschichte ist". Das Vorbild Ibsens
158 2934 652 2998 Paracelsus“ scharf hervor¬
663 2976 1939 3040 und seiner analytischen Technik ist allerdings im „Einsamen Weg“
167 2991 656 3046 en Incinanderspielens von
671 3021 1954 3075 ebenso unverkennbar, wie bei Stefan von Salas Schilderung der
168 3033 652 3093 Eintrittstüre von Shake¬
666 3072 1946 3119 Ausgrabung von Ekbatanas versunkenen Herrlichkeiten Töne aus
163 3082 644 3145 undus agit bistrionem“,
668 3109 1954 3190 Gabriele d'Annunzios Tragödie „Die tote Stadt“ vernehmlich
181 3122 665 3204 zu der Einsicht: „Wir
740 3202 1947 3266 2) Die vierte Wand. Theatralische Eindrücke und Studien. Leipzig,
166 3193 660 3286 im Verlage von S. Fischer,
667 3244 1732 3324 Verlag von Georg Wigand 1904. 408 S. 80. Preis 6 Mk.
1968 1042 3272 1118 antlingen. Allein wir müssen zugleich bekennen, daß Schnitzter
1977 1095 3275 1165 doch in mehr als einer Hinsicht ganz beträchtlich hinter Ibsens
1979 1154 3263 1197 Meisterschaft zurückgeblieben ist und vor allem weder Interesse an
1979 1199 3269 1248 den Personen zu wecken noch die geschlossene Einheitlichkeit, in
1968 1247 3267 1310 welcher stets Ibsens sämtliche Personen die Handlung tragen, zu
1974 1293 3265 1349 erreichen vermochte. Nur das, man möchte hier fast sagen zufällige
1967 1345 3261 1384 Band von Johannas und Felix' Wegerath=(Fräulein Santen und
1956 1370 3268 1450 Herr Bernau) Geschwisterschaft verknüpft die Ereignisse, die Ent¬
1965 1479 3261 1541 leidenschaftliche Unbefriedigtheit, die sie in Salas (Herr Wendt)
1973 1522 3255 1584 Arme und in den Tod treibt. Die Einheitlichkeit des Stückes
1968 1582 3262 1649 liegt in der Idee, die aber in dieser Anwendung dramatisch etwas
1977 1624 3263 1689 Erzwungenes erhält: verschiedene Menschen auf ihren einsamen
1966 1670 2369 1740 Wegen vorzuführen.
2057 1713 3265 1798 Zwei Typen sollen in dem Dichter Stefan von Sala, der
1964 1767 3254 1825 einige verwandte Züge mit dem Dichter Filippo Loschi im
1963 1828 3251 1881 „Schleier der Beatrice“ aufweist, und dem in seiner Jugend viel¬
1977 1858 3259 1921 versprechenden, doch auch früh leistungsunfähig gewordenen Maler
1975 1909 3263 1971 Julian Fichtner erscheinen. Sala ist der kraftvolle Übermensch
1961 1959 3255 2014 und raffinierte Lebenskünstler, dem alles, Dinge wie Menschen,
1959 1999 3265 2074 nur Mittel zur Erzeugung ihm behagender ästhetischer Stimmungen
1977 2058 3266 2112 sind. Er hat sich ehemals Weib und Kind ebenso wenig hin¬
1964 2108 3268 2164 gegeben, wie er jetzt durch die Liebesleidenschaft Johannas erwärmt
1963 2149 3268 2210 werden kann; sein früherer militärischer Beruf und sein Dichten
1964 2195 3267 2252 wie die jetzt geplante Forschungsreise nach Baktrien sind dem
1975 2249 3265 2296 egoistischen Fantasiemenschen nur Anreizungsmittel gewesen. Im
1974 2284 3263 2340 Gefühle seiner Stärke will er allein stehen; fast entrüstet lehnt er
1975 2340 3270 2389 die Vermutung ab, er könnte je Freunde gehabt haben. Als er
1973 2386 3258 2437 aber endlich Johanna die Hand zum Bunde reichen will, da weicht
1968 2430 3261 2508 diese verzweifelnd vor dem todkranken Manne zurück, und er muß
1965 2484 3266 2543 einsam sterben, wie er einsam leben wollte. Andererseits hat
1974 2530 3262 2587 Fichtner in überschäumender Jugendkraft vergeudend dahingetollt;
1971 2582 3262 2641 leichtsinnig hatte er das von ihm verführte und geliebte Mädchen
1969 2625 3255 2682 verlassen, wie er die ihm in ihrer Beschränktheit doch treu ergebene
1971 2674 3254 2716 Schauspielerin Irene Herms (Fräulein Mayer) von seiner Schwelle
1961 2721 3260 2767 hinwegscheuchte. Frei von jeder Fessel wollte er allein seines Weges
1966 2763 3258 2813 wandeln. Nun ist das Gefühl der Schöpfer= und Zeugungskraft
1969 2815 3258 2857 im herannahenden Alter von ihm gewichen, „l'age ingrat“ ist über
1969 2856 3258 2923 ihn gekommen. Da möchte er das Kind, das die Jugendgeliebte
1957 2912 3259 2953 von ihm empfangen, aber in der Ehe mit dem braven, beschränkten
1961 2961 3258 3005 Wegrath (Herr Stange) als dessen Sohn geboren hat, als Freund
1963 3006 3267 3048 und Stütze für sein Alter gewinnen. Doch der Jüngling wendet
1968 3063 3255 3118 sich von ihm ab; nicht jenen, der im Taumel der Lust ihn erzeugt
1968 3102 3259 3165 und seine Mutter verlassen hat, den, der ihn lieberd auferzogen,
1967 3148 3268 3200 seiner Mutter Namen und Ehre gegeben hat, will Felix als seinen
1961 3199 3268 3242 Vater verehren. Einsam muß Julian Fichtner zur gerechten Strafe
1953 3227 3267 3324 künftig seinen Weg wandern, wie er beim Verrat der durch ihn
