3436 4320
1103 240 1184 316 W
1451 240 1888 340 box 23/5
283 259 1289 333 18. Derein
1405 877 1748 964 Wien, Dienstag
2248 888 2694 968 DER TAG
1065 1000 2490 1094 eweis bereits erbracht, sich, die er nicht spricht, zu sehen. Herr Feldham¬
1054 1059 2471 1134 manzipiert und seine hochemer als Julian schien während dem Spiel
1053 1115 2486 1188 isse auf dem Weltmarkt be- die Gestalt zu suchen und änderte bis zum Schluß
1583 1163 2476 1231 immer die Tonart, um den richtigen Ton zu fin¬
1057 1161 1579 1225 er österreichischen Automobil¬
2535 1111 2740 1241 Da
1073 1215 1583 1270 man sie durch Aufrecht¬
1594 1210 2482 1278 den. Sehr gut war Frau Bassermann als
1056 1242 2477 1305 hohen Schutzzolles usw. die Schauspielerin Irene Herms. Auch zu ihrem
1052 1280 1581 1341 dagen dazu verführt, sich
2488 1261 2740 1373 daue
1592 1307 2470 1381 Lobe sei es gesagt, daß es wieder einmal offenbar
1046 1323 1571 1386 weig zu widmen, bei dem sie
1577 1356 2463 1416 wurde, daß ihre Abschiedsszene eine der schönsten
1038 1367 1415 1421 ifweisen wird; denn
2492 1396 2680 1461 ist der
1584 1407 2333 1473 und tiefsten Stellen der Weltliteratur ist.
1025 1391 1586 1474 Wagen wird mangels einer
2075 1449 2444 1526 Béla Balázs.
1023 1457 1134 1512 tion
2482 1454 2725 1521 schon 15
1005 1499 1462 1560 n Konsum immer zu
2487 1508 2723 1587 Sie pfleg
1006 1538 1576 1604 lose Fabrikation auf Kosten der
1624 1549 2426 1641 Doch eine Direktion Preger im
2486 1568 2704 1636 gekaufte
1000 1579 1588 1643 ing des Automobilismus in
987 1620 1580 1674 ich erhalten zu wollen, wider¬
1880 1611 2152 1707 Ronacher.
2497 1618 2730 1700 hält sich
983 1652 1586 1730 en Grundsätzen einer voraus¬
1725 1672 2308 1762 Eröffnung am 23. Dezember.
992 1699 1132 1754 politik
986 1711 1596 1803 gegen der österreichischen Auto¬
1622 1743 2468 1808 * Nach langwierigen und von verschiedenen
2487 1754 2726 1848 Sie vern.
993 1782 2471 1838 ser, wenn man sie veranlaßt, Seiten geführten Verhandlungen des Direktors
1010 1810 1578 1871 auf die Erzeugung von
1586 1836 2461 1904 Miksa Preger kam gestern zwischen ihm und
1009 1854 1575 1902 n aufzuwenden, mit denen sie,
970 1875 1568 1945 smarkt entsprechend geschützt, den
2534 1868 2730 1956 um ju.
1586 1890 2464 1949 den Eigentümern des Ronacher=Theaters ein Ver¬
961 1932 1559 2001 um so sicherer erobern und be¬
1577 1935 2463 1997 trag zustande, nach welchem Preger das Ronacher¬
2485 1953 2739 2051 Créme 27
1570 1991 2472 2044 Theater ab 23. Dezember übernimmt. Der
955 1989 1564 2052 ich zu dieser Erkenntnis einmal
1578 2034 2469 2100 Innenraum des Hauses wird vollständig zu einen
953 2046 1561 2097 at, so wird man furchtlos auf die
946 2085 1566 2136 nweisen, mit welcher der Konsu¬
1584 2085 2468 2142 Theatersaal umgebaut. Das Theater wird mit
898 2122 1566 2176 dußen muß, daß die österreichische
1581 2128 2476 2198 Jean Gilberts Operette „Spiel um die
902 2166 1563 2210 dustrie noch immer dem Phantom der
1581 2175 2476 2252 Liebe“ eröffnet. Auch die „Theresina“ von Oskar
813 2188 1559 2242 ##nfabrikation nachjagt; man wird dann
1583 2232 2461 2296 Strauß werden voraussichtlich im Ronacher¬
681 2216 1561 2288 Mn um so leichterem Herzen fordern, daß die be¬
667 2277 1563 2334 stehenden Prohibitivzölle und Einfuhr¬
1575 2276 2433 2341 Theater zur Wiener Erstaufführung gelangen.
662 2316 1560 2366 verbole, die den ganzen Autoverkehr in Öster¬
1611 2328 2446 2400 Damit sind also die Kombinationen mit Carl¬
667 2351 1566 2408 reich lahmlegen, für volkstümliche Personenwagen
1574 2364 2222 2445 Theater und Stadttheater erledigt.
680 2394 1564 2438 und unentbehrliche, leichte Lieferungswagen
668 2431 1574 2482 fallen, damit die österreichische Automobilindustrie
667 2468 1573 2514 nicht etwo gegen ihre Absicht ein Hindernis für
1801 2471 2238 2559 Zensur in Graz.
2488 2465 2735 2557 Poudt
665 2543 1129 2599 in Österreich werde.
1629 2530 2462 2605 * Aus Graz wird uns berichtet: Für gestern
1578 2589 2460 2637 (Montag) abends war eine Aufführung des Lust¬
670 2589 1463 2653 TATTTTTTTNETTNTTTNTENTTTTTTTTNWTNN
2519 2600 2726 2693 verleis
1568 2630 2432 2686 spiels „Wie werde ich meine Frau los?“
1572 2671 2460 2724 von Otto Ernst Hesse durch ein Ensemble von
2484 2677 2726 2770 blenden.
1567 2712 2451 2752 Mitgliedern der ehemaligen Wiener Kammer¬
670 2645 1554 2789 Bühne und Kunst
1564 2751 2456 2787 spiele im hiesigen Opernhaus angesetzt. Die Auf¬
1564 2786 2450 2832 führung wurde im letzten Moment von der
665 2790 1553 2877 „Der einsame Weg“ mit Bassermann.
2479 2792 2722 2884 Mayami-P
1571 2822 2459 2875 Landesregierung verboten. Das Stück
1579 2870 2457 2919 war bereits am Samstag der Polizeizensur vor¬
682 2853 1544 2943 Schauspiel von Artur Schnitzler im Volks¬
1572 2904 2456 2954 gelegt und von dieser, da sie Bedenken hegte,
1038 2919 1203 2983 theater.
2523 2909 2733 3000 In allé
1562 2944 2455 2992 Sonntag mittags der Landesregierung zur Über¬
1576 2983 2455 3031 prüsung übermittelt worden. Da ein Großteil der
711 2980 1561 3040 * Er nennt sie nicht Tragödien, diese stillen
1581 3022 2462 3064 Mitglieder der Landesregierung am Sonntag nicht
671 3034 1551 3101 Herbststücke des langsamen Verblutens und der
1573 3062 2461 3102 in Graz war, wurde erst Montag mittags die
677 3088 1564 3145 noblen Resignation. Denn der Tod bricht in diese
1573 3096 2464 3138 Entscheidung getroffen und die Aufführung wegen
670 3128 1564 3190 Welt nicht ein als schrecklich=plötzliche Katastrophe.
1575 3123 2470 3192 angeblicher Laszivitäten des Stückes verboten.
1566 3173 2465 3237 Das Lustspiel ist bekanntlich in Wien an drei
664 3176 1551 3238 Er sickert durch die dünnen Wände und fröstelnd
1578 3210 2460 3265 Bühnen über fünfzigmal, desgleichen in Prag,
662 3223 1559 3295 fühlt man ihn von Anbeginn. Sterben ist kein
1568 3252 2455 3312 Wiener=Neustadt, Brünn und Karlsbad wieder¬
658 3274 1558 3334 besonderes Ereignis in dieser Welt, sondern ein
1571 3296 2447 3355 holt gespielt worden. ohne den geringsten Anstoß
2457 3304 2711 3359 men werden
676 3320 1559 3385 allgemeiner Zustand. Es ist das Bewußtsein der
1567 3332 2464 3389 zu erregen. Die Theaterdirektion erleidet beträcht¬
2460 3348 2713 3399 überzeichnete
674 3362 1556 3420 vornehm=dekadenten Vorkriegsbourgeoisie, deren
1577 3370 2452 3415 lichen Schaden, da das Wiener Ensemble unter
2464 3386 2711 3439 eingestellt. D
1569 3409 2440 3456 der Leitung Eugen Jensens zur Stunde des
672 3398 1554 3482 Welt Schnitzler gezeichnet hat. Welt, betone ich
2462 3426 2719 3490 der öffentlich
1568 3450 2450 3503 Verbots bereits in Graz eingetroffen war und
669 3450 1553 3521 als Unterschied zu anderen Dichtern, die nur
2460 3461 2701 3525 Nähere noch
1570 3484 2451 3555 selbstverständlich die Bezahlung der Reisekosten
2444 3503 2710 3575 Tanzabend d
663 3503 1545 3568 Figuren und Geschichten haben. Wenn einmal in
1576 3521 2170 3590 und der Spielhonorare verlangte.
2480 3550 2524 3611 3
2524 3555 2715 3622 Sonnta
657 3558 1567 3616 der letzten Auswah der Literaturgeschichte doch
2450 3596 2714 3657 Volksbildung
673 3610 1557 3668 Schnitzler herausgeholt werden wird, so wird dabei
1572 3612 2443 3695 Die Neueinstudierung des „Faust“ im Volks¬
2450 3647 2706 3721 eines Rhyth¬
670 3650 1566 3712 dieser Umstand entscheiden, daß er, trotz seines
1610 3657 1778 3718 theater.
2450 3695 2711 3760 statt, die ein
675 3702 1567 3764 „Lokalkolorits“, kein Provinzdichter war, weder
1639 3694 2445 3754 Samstag gelangt neu inszeniert „Faust“ mit
1573 3720 2443 3789 Albert Bassermann als Mephisto und Wilhelm
2457 3738 2715 3802 welche Talen
664 3749 1550 3810 im geograpihschen noch im geistigen Sinne des
1568 3780 2440 3835 Klitsch in der Titelrolle zur Aufführung. Das
2462 3790 2690 3853 musikalische
669 3791 1553 3855 Wortes. Seine Gestalten, auch wenn sie in einem
1565 3818 2447 3877 Gretchen spielt Sonik Rainer. die Frau Marthe
664 3841 1551 3902 Wiener Cottagegarten leichte Dialektgespräche
2456 3839 2701 3907 eines, Frau
1624 3865 2446 3911 Rose Fasser, den Valentin — Werner Schott,
669 3890 1549 3947 führen, leben in der Welt und haben den größten
2453 3887 2703 3951 Arbeit aus d
1569 3901 2440 3949 den Wagner — Karl Skraup, den Schüler — Otto
664 3939 1486 4001 Raum um sich, den jene Zeit öffnen konnte.
2452 3933 2704 3999 das bewiesen
1552 3940 2436 3984 Soltau, die Hexe — Hans Rodenberg. In den
1570 3978 2445 4023 übrigen Hauptrollen sind beschäftigt: Viktor
707 3980 1551 4050 Ein umgekehrtes Labyrinth ist diese seltsam
2449 3983 2703 4049 ganz Kleiner
1568 4022 2431 4072 Kutschera, Alfred Schreiber, Oskar Sima, Hans
2448 4034 2701 4093 der größeren
668 4025 1548 4093 traurige Welt, ein Labyrinth, aus dem jeder Weg
1571 4061 2441 4114 Ziegler, Felix Krones, Walter Brandt, Karl
664 4078 1548 4134 unrettbar herausführt, und jeder Schritt Ent¬
2449 4079 2705 4137 rung sah ma
1564 4092 2061 4146 Paryla, Maria Guttmann.
661 4130 1545 4179 fernung heißt. Ein seltsames Gewebe von
2436 4123 2681 4187 die Körper
1562 4141 2282 4191 Tilly Wedekind am Raimund=Theater.
