3484 4352
-21 2257 60 2316 ie
-13 2306 62 2366 üh
-15 1473 57 1549 e
8 1538 58 1595 3
1429 265 1893 370 box 23/5
1083 287 1168 349 W
888 295 984 355 3
266 292 1285 381 18. Dere
2093 1059 3273 1133 Unser Geschlecht hat offenbar andere Sorgen, als für die
927 1054 2086 1114 Vorgänge. Das Auge ist nicht länger der Spiegel der
193 1041 916 1126 ert worden, der Spieler, und wir
2100 1098 2728 1164 Erben Ersparnisse anzuhäufen.
937 1110 2082 1167 Seele, es kann die hellen Außendinge in den reinsten
232 1104 917 1181 zahllosen Beschreibungen, die an
2174 1120 3261 1218 Hier wird einem die Enthaltsamkeit auch wirklich zu
922 1151 2084 1213 Konturen erstrahlen lassen und kein Widerschein inner¬
203 1150 917 1222 schtungsschärfe nichts zu wünschen
2095 1189 3264 1251 schwer gemacht. Die wenigen Helden, die selbst nicht
924 1204 2085 1259 lichen Verblutens trübt den falschen Glanz. Noch eine
245 1211 912 1279 scheint sich verändert zu haben.
2096 1234 3256 1308 spielen, müssen doch die Preise bezahlen, die von Unter¬
922 1247 2092 1309 Vorstellung weicht: der Spieler ist längst kein Klubmensch
199 1243 914 1311 bnte Carlos und seine gesellschaft¬
2091 1291 3272 1343 nehmern gemacht werden, denen die Psychologie des
926 1307 2077 1353 mehr, kein herabgekommenes Mitglied exklusiver Kreise,
205 1290 920 1361 Sportingclub“, durchwandert und
2080 1344 3269 1399 Spielers sehr geläufig sein muß. Sie wissen, daß der
924 1351 2078 1411 kein übermütiger Nabob. Demokratisiert ist die Glücks¬
220 1350 913 1413 e Tische belagernden Menschen zu
2096 1382 3271 1455 Gewinner jeden Preis für einen Genuß lächelnd be¬
913 1402 2077 1455 kugel, von plebejischen Fäusten abgegriffen und von
234 1388 914 1460 alte vertraute Vorstellung, das
2095 1426 3254 1482 willigt, und sie wissen, daß es dem Verlierer „darauf
916 1446 2075 1507 plumpen Arbeiterhänden ins Rollen gehracht. Spiel¬
197 1443 914 1507 ederfinden. Wo sind die verzerrten
2086 1477 3262 1539 schon nicht mehr ankommt“. Zugegeben wird natürlich
916 1485 2081 1556 verluste und =Gewinste sind so alltäglich geworden, daß
257 1480 916 1572 geballten Hände, die blutig
2086 1526 3270 1602 nur, daß man sich das Klima bezahlen läßt, gerade das,
921 1544 2088 1591 es vielleicht deshalb nicht mehr angeht, den eigenen
204 1523 919 1604 Fest und undurchdringlich sitzen die
2091 1567 3258 1632 was keinen etwas gekostet hat und was keiner für Geld
921 1575 2082 1633 schlimmen Zufall durch gellende Verzweiflungsschreie zu
216 1572 909 1656 n an Schnitzlers Herrn v. Sala
2094 1621 3269 1687 zu beschaffen vermöchte. Es ist jedoch Winter, und man
234 1614 914 1687 ein Tessere=-Geschlecht heranzu¬
925 1615 2084 1679 bezeichnen und mit Menschenblut zu färben. Das
2097 1671 3269 1744 erinnert sich, wie gern man für ein bißchen Sonne und
231 1671 919 1745 und weniger Geist.“ Die Haltung
922 1690 2089 1736 pathetische romantische Schicksal des Unglücklichen, der
208 1717 914 1800 krungswürdig. Sie erleichtert der
924 1718 2086 1776 an den Rand des Abgrundes und in die Tiefe letzter
214 1769 920 1837 und schafft das geläufige Plakat
920 1767 2093 1836 Verzweiflung geschleudert wird, ist längst in ein banales
2154 1744 3265 1822 Je weiter man sich nach rechts oder links von Monte
215 1817 919 1888 lers ab; man bleibt auf die
927 1811 2089 1876 kleinbürgerliches Ereignis verwandelt worden, mit dem
2087 1818 3270 1875 Carlo entfernt, desto mehr verebbt der Lärm um das
226 1850 916 1935 Die Gelassenheit, mit der jetzt
919 1866 2081 1943 sich kein Staat machen läßt. Alle spielen, alle gewinnen,
2100 1863 3265 1922 Thema des Spiels. Gerade die größte Stadt an der
206 1899 918 1972 gen, um einer Gier zu frönen, ist
923 1919 2079 1965 alle verlieren. Was einmal Leidenschaft war und als
2090 1925 3265 1971 Riviera, Nizza, ist aber noch voll davon. Wem es mit
215 1951 922 2039 s wird dem Mammon nicht mehr
924 1954 2086 2022 solche auf ihren Gipfeln immerhin angestaunt werden
2092 1958 3262 2026 der Erholung ernst ist oder wer die Gelegenheit fürchtet,
226 1999 919 2065 wütenden Gebärden und fiebern¬
924 2002 2085 2072 konnte, ist zu einer kleinen, schäbigen Gier zusammen¬
2091 2011 3268 2065 wählt Mentone, Beaulieu oder Cannes als Winterasyl.
232 2043 917 2109 wohlgepflegte Hände strecken sich
921 2049 2089 2144 geschrumpft. Es wäre müßig, heute noch Spieler¬
2098 2065 3270 2120 An diesen Orten kann man auch des beruhigenden
218 2089 920 2161 ltigkeit nach ihm aus. Zufrieden
922 2092 2084 2166 gestalten aufzählen zu wollen wie einst. Damals bevöl¬
2090 2096 3266 2177 Gefühls wieder froh werden, daß Geld doch immerhin
220 2142 921 2209 ort einer von einem mühsam er¬
924 2146 2078 2210 kerten das Kasino und die Klubs Aristokraten, große
2091 2142 3269 2214 einigen Wert hat. Freilich, die Stimmung ist da, eine
221 2185 917 2251 frente et quarante-Tisch, entfernt
927 2206 2084 2260 Herren, Magnaten, die Reichen der Erde, gewerbsmäßige
2094 2202 3267 2250 andere, trotz Sonne und verfrühtem Lenz. Eine leichte
234 2241 925 2303 d aus dem Saal, schlendert mit
924 2250 2080 2311 Spieler mit den eleganten Allüren internationaler Mit¬
2095 2250 3262 2318 Traurigkeit, ein schmerzliches Bangen liegt in der Luft;
214 2291 915 2363 Blicken den betörenden Strand ent¬
922 2288 2076 2359 giftjäger und jene gefährlichen Abenteurer des Lebens,
2090 2297 3265 2355 vielleicht deshalb weil sie von so viel Müden, ja Kranken
296 2326 915 2398 dunkelt und die tausend
218 2342 305 2407 es
918 2344 2085 2414 deren Heimat schwer zu erforschen ist und die von Fran¬
2095 2340 3270 2407 geatmet wird. Wenn man vor den merkwürdig lastenden
291 2380 915 2441 die die bunten Gäste dieses
211 2387 303 2447 n,
2093 2398 3263 2455 Stimmungen, die in der Einsamkeit zu einer be¬
919 2381 2089 2465 zosen Rastaquouères genannt werden. Ihre Partnerinnen
224 2426 915 2500 festen laden, gibt es einen schwachen
922 2436 2084 2499 waren die Elite aller Frauen, kosmopolitische Schön¬
2086 2428 3272 2498 dräugenden Sehnsucht nach der Unbill der Jahreszeit im
232 2473 920 2545 ist nicht mehr. Ganz still wird es
938 2474 2089 2543 heiten, weibliche Mitglieder aheliger Kasino, die großen
2101 2500 3270 2551 Kreise der Seinen anwachsen kann, in die großen, pracht¬
222 2511 924 2592 hüchtern; behutsam, um ja nicht
920 2530 2085 2593 Damen der halben und ganzen Welt. Heute ist die
2104 2527 3269 2603 strotzenden Hotelhallen flüchtet, umsangen einen die
224 2567 928 2642 hhellter um die Ecke gegangen. Die
931 2565 2090 2644 „petite bourgeoise“ mit ihrem Mann oder männlichen
2094 2586 3266 2641 wühlenden Klänge jener Zigeunerkapellen, denen kein
228 2612 924 2689 hne bemerkt zu werden, der Ver¬
1657 2617 2097 2704 der häufigste Gast
929 2622 1630 2702 Begleiter — wo ein Gatte fehlt -
2102 2619 3266 2706 Oesterreicher lauschen kann, ohne ein verstärktes Gefühl
275 2660 925 2732 hoch auf, niemand sieht die
242 2674 293 2721 t
931 2674 1438 2755 der prunkvollen Räume.
2101 2680 2869 2752 des Heimwehs bekämpsen zu müssen.
230 2710 924 2775 üben wollen. Geräuschlos kommen
2166 2734 3266 2799 Die Winterluft im Süden ist das, was der
994 2727 2097 2791 Das läßt beinahe auf veränderte Anschauungen in
232 2759 928 2829 ere, niemand fragt wohin, in die
2094 2767 3261 2842 Engländer „relaxing“ nennt, sie macht taumelig und
931 2777 2088 2839 Lebensdingen schließen. Reisen, die früher Auserwählte
244 2805 533 2866 ins Dunkel.
2090 2832 3265 2894 müde, und nach der Wärme des Tages erschauert
932 2840 2091 2902 von ihren Zinsen bestritten haben, muß heute das
222 2835 918 2908 technischer Fortschritt zu notieren
2088 2878 3268 2940 man im Dunkel des Abends. Man schlast lange und tief.
935 2882 2097 2945 Kapital ermöglichen. Die Welt scheint unbekümmerter ge¬
223 2895 928 2965 kherrschung; sie darf den modernen
2092 2929 3261 2985 Und das ist ja Erholung. Die Fröhlichkeit aber, die ge¬
931 2927 2088 2990 worden und so erfüllt von ihrer Gegenwart, daß an die
235 2947 925 3014 liedert werden, denn sie hat eine
2094 2967 3275 3057 dankenlose, erfaßt einen leichter im Wirbel um und in
920 2980 2093 3050 Zukunft nicht gedacht wird wie einst. Die Söhne und
231 2981 928 3061 nes der schwierigsten menschlichen
243 3021 2424 3104 die absolute Verhüllung innecer Enkel werden wohl auf eigenen Füßen stehen müssen. Monte Carlo¬
