3436 4256
1408 245 1857 338 box 23/1
1059 259 1137 326 W
779 274 981 332 nSam
1309 250 1368 323 905
247 272 1266 361 18. Der
2145 1013 2615 1107 Telephon 12801.
1781 1077 3004 1218 Alex. Weigl's Unternehmen für Zeitungs-Ausschnitte
2691 1143 2950 1232 " Ausschnitt
793 1141 1259 1236 Telephon 12801.
2025 1185 3064 1312 „OBSZR·—K Nr. 70
409 1234 1638 1318 Alex. Weigl’s Unternehmen für Zeitungs-Aussohnitte
1691 1277 1904 1359 N 10
1349 1294 1589 1365 Ausschaltt
1673 1292 3132 1410 I. österr. behördl. cono. Bureau für Zeitungsberichte u. Personalns#chrichten
1420 1350 1691 1449 Nr. 48
1941 1349 2870 1450 Wien, I., Concondiaplatz 4.
448 1322 1298 1468 & 105-OBSERVEF
1697 1403 3121 1539 Vertretungen in Berlin, Budapest, Chicago, Genf, London, Newyork, l’aris, Ron.
293 1425 1688 1504 I. österr. behördl. conc. Bureau für Zeitungsberichte u. Personalnsehrich
2050 1468 2760 1547 Stockholm, Kristiania, St. Petersburg.
569 1497 1493 1570 Wien, I., Concondiaplarz 4.
303 1565 1688 1629 Vertretungen in Berlin, Budapest, Chicago, Genf, London, Newyork, Paris, R
673 1611 1404 1684 Stockholm, Kristiania, St. Petersburg.
1688 1631 2208 1727 Ausschnitt aus:
3122 1674 3192 1731 *
2359 1681 3171 1782 Kkleino Preese, Frank####
290 1738 1543 1854 Ausschnitt aus: Gresuner Anzeiger
1705 1770 2249 1872 vom: 61 07
312 1879 908 1979 vom: 70/1.70
1838 1900 2928 1978 S =„Berliner Theater. Man schreibt uns aus Berlin
1825 1944 2916 2000 unteryy, 13.: Von den verschiedenen Premièren, welche der
1824 2000 2912 2041 heutige, Samstag brachte, ragte die Schnitzler=Novität auf
1827 2030 2913 2072 dem Gitssamen Wege der Poesic als interessanteste hervor.
1835 2067 2909 2122 „Der einsame Weg“, Schauspiel in fünf Akten von
1833 2107 2918 2165 Arthur Schnitzler heißt die neueste Schöpfung, die
368 2100 705 2184 SusW.—
443 2096 1560 2225 * Berliner Theaterbrief. Man schreibt uns aus Berlin,
1833 2142 2909 2191 im Deutschen Theater in den ersten Akten einen
1821 2182 2909 2243 vollen, dann aber, als man sich über die poetischen Absichten
369 2177 1562 2259 13. Februar: Der heutige Abend brachte zwei Neuaufführungen,
1825 2208 2919 2276 in der allzu verschlungenen Handlung nicht recht klar wer¬
373 2211 1571 2321 die ein ungleiches Schicksal hatten. Im Deutschen Theater
1828 2260 2922 2313 den konnte, einen nur recht geteilten Erfolg errang. Das
383 2256 1567 2368 wurde Arthur Schnitzlers neuestes Bühnenwerk, das seine
1823 2299 2912 2341 ist recht bedauerlich, denn Schnitzler zeigt sich in diesem
374 2299 1557 2396 und tiefnachdenkliche, leider aber nicht überall klare und bühnen¬
1821 2337 2919 2393 einsamen Weg“ als ein wirklicher, echter Poet von zwin¬
381 2349 1557 2447 wirksame fünfaktige Drama Der einsame Weg nur mit ge¬
1829 2386 2917 2432 gender Gestaltungskraft, und doch ist der Mißerfelg der
385 2383 1567 2487 teiltem Beifall aufgenommen, wie denn auch der Charakter des
1822 2412 2913 2490 Zetzten Akte erklärlich und gerecht. Daß der Aufbau der Hand¬
382 2424 1571 2536 Werkes, in dem es sich um Lebensanschauungskämpfe handelt
1843 2451 2919 2505 lung dieses Dramas mehr nach der Technik des Romans
1828 2485 3160 2542 sich vollzieht, daß eine Handlung ohne zwingende Logik die! inel#
381 2470 1579 2567 und eine neue ernste und kraftvolle Auffassung des Lebens sicht¬
1839 2540 3131 2586 andre Handlung nach sich zieht, möchte man noch hingehen las¬ Porto.
394 2517 1582 2608 bar wird, den lauten Erfolg ausschließt. Immerhin hätte man
1752 2535 1840 2597 Far
1837 2568 3152 2645 sen, denn, was geschieht, fesselt den Zuschauer, und das I Zahlbar
397 2556 1578 2660 der Dichtung ein verständnisvolleres Publikum gewünscht, zumal
406 2604 1577 2698 auch die Aufführung die besten Kräfte des Deutschen Theaters
1837 2585 3189 2694 ist schließlich die Hauptsache; daß der Dichter aber über die “ m Voraun
1395 2622 1745 2726 38.—1 Telnstw
1567 2682 1721 2732 Porto.
1844 2668 3196 2733 Handlungsweise einzelner Gestalten keine völlige Klarheit nitte ist d#s
404 2691 735 2754 ins Feld stellte.
1410 2706 1527 2749 50.—
1397 2713 1719 2788 110 — Zahlbar
446 2735 582 2783 RE
1835 2711 3196 2777 schafft, daß er den Zuschauer die Motive dieser Geschehnisse! steht es der
444 2763 545 2811 500
1394 2755 1739 2835 200. — im Vorat
1756 2759 3078 2838 4 und die Absichten des Dichters nu# erraten läßt, das ist ein ändern.
415 2798 552 2868 1000
1759 2801 2922 2886 4## #ößeer Mangel, welcher dieser Romantechnik entspringt.
363 2808 423 2867 *
457 2801 1740 2886 In Gegensatze zu anderen Burcaux für Zeitungsausschnitte ist di
1832 2837 3201 2887 Das Stück darf kurz als das Drama des Egoismus bezeich= zthaltend die
349 2864 1750 2941 Abonnement durch keine bestimmte Zeitdauer begrenzt; — auch steht cs dt
1835 2881 3195 2932 net werden; den „einsamen Weg“ des liebeleeren Altersr Morgen¬
350 2900 1671 2993 Abonnenten frei die aufgegebenen Themen zu ergänzen oder zu ändern.
1837 2904 3191 2965 müssen die beiden Egoisten Julian und Stephan wandeln, ener Zeitung")
1767 2959 3209 2997 inl die nur der eigenen Genußsucht gefröhnt, nie ein Opfer für virthschaftliche
1771 2991 3204 3036 dlandere gebracht haben. Julian hat einst Gabriele, die jetzige id. Diese Mit¬
473 2979 1708 3062 Der „OBSERVER“ veranstaltet täglich einen Auszug enthaltend
1786 3028 2927 3079 we Frau des Professors Wegrath geliebt; geliebt. als sie schon
344 3030 1737 3099 Inhaltsangabe aller wichtigen Mittheilungen der Wiener Morgoi
1783 3066 2917 3115 Le ihres jetzigen Gatten Braut war, und ihr Sohn Felix, wel¬
356 3063 1732 3143 Flätter (Tagesjournale ausser „Neue Freie Presse“ und „Wiener Zeitung
1783 3112 2920 3156 ##cher als Sohn des Professors gilt und erzogen wurde, ist
347 3105 1746 3172 wodurch eine Uebersicht über das gesammte politische und wirthschaftlich
1840 3151 2926 3197 eigentlich Julians Kind. Julian aber, der sich vor dem „ein¬
355 3141 1746 3209 Leben des In- und Auslandes in drastischer Kürze gebeten wird. Diese Mi
1838 3184 2925 3249 samen Wege“ fürchtet, offenbart sich dem Sohne, der ihn aber
368 3195 1374 3278 tbeilungen werden in Wien um 9 Uhr Früh verschiekt.
1828 3219 2931 3277 zurückstößt, denn er liebt den Professor, wie man nur einen
1825 3267 2921 3312 Vater lieben kann. Unsympathischer ist der andere, kühl be¬
670 3273 1451 3361 Prospecte gratis und fnanco.
1834 3313 2922 3365 rechnende Egoist, der dem Freunde, eben jenem Professor
1831 3346 2920 3398 Wegrath, die Tochter rauben will, die dieser freilich nie
800 3327 1380 3407 Quellenangabe ohne Gewähr.
1840 3385 2927 3429 recht besessen hat. Mit geistreicher Konsequenz hat Schnitzler
1831 3425 2925 3470 diese verschiedenen Arten des Egoismus gegenübergestellt,
1835 3464 2919 3505 und dazu in dem Professor Wegrath die hingebende,
1828 3502 2927 3553 opfernde Selbstlosigkeit, die sich den Sohn gewinnt. Die Dar¬
1826 3531 2925 3595 stellung kam den Absichten des Dichters in vollstem Maße
1834 3586 2933 3632 entgegen. Im Vordergrunde derselben wirkten Irene
1825 3611 2950 3656 Triesch und Else Lehmann, die Herren Ritsner,
1821 3648 2661 3726 Bassermann, Sauer und Stieler.
2615 3676 2874 3750 E. Isolani.
