3484 4384
1096 363 1171 434 W
924 386 998 437 m
801 389 894 440 I S
294 377 1278 459 18. Der
1431 350 1893 439 box 23/5
1255 997 2281 1098 Ausschnitt auss piitger Zeitung
1265 1081 1463 1167 wom:
1497 1107 1770 1223 B
1264 1265 2112 1357 Tepilitzer Stadttheater.
1441 1358 1938 1440 „Der einsame Weg“.
1257 1418 2134 1513 A#tynöd von Arthur Schnitzler.
1317 1461 2186 1565 Fin=Schnitzler=Abend mit
1207 1538 2177 1611 gebegten Kräften. Diesmal haben die Her¬
1211 1588 2185 1652 ren Gradnitzer und Serbouset, die,
1215 1648 2175 1696 wenn wir nicht irren, Mitglieder des Aus¬
1215 1686 2182 1768 siger Stadttheaters sind, die Lücken unseres
1219 1734 2174 1799 Schauspiels ausfüllen müssen. Sie taten es
1214 1780 2189 1858 nach bestem Können. Doch das fünfaktige
1209 1838 2195 1904 Werk des Wiener Dichters verlangt etwas
1220 1892 2185 1955 mehr als uns von dieser Seite geboten wer¬
1221 1927 2200 2005 den konnte. Ob der neue Heldenvater Herr
1221 1980 2188 2052 Brüngger einen Gewinn für uns bedeutet,
1220 2032 2194 2112 läßt sich nach seinem Auftreten als Prof.
1220 2069 2200 2147 Wegrath nicht behaupten. Er scheint wie der
1215 2116 2187 2185 Bürokrat gewordene Künstler, den er zu ver¬
1223 2177 2198 2237 körpern hatte, ein Mann der Praxis zu sein
1225 2240 2191 2290 u. zeigte mehr als der Akademiedirektor alten,
1219 2273 2186 2345 wirklich alten Stil. Das Schicksal des Abends
1232 2319 2198 2389 lag zum Glück in den geschickten Händen hei¬
1229 2369 2205 2443 mischer Kräfte. Können wir bei diesem Anlas¬
1230 2432 2200 2518 se aller Mitwirkenden, namentlich der Her¬
1238 2515 2212 2606 #en Lichtenberg und Kraus und des
1233 2589 2208 2657 Frl. Trebitsch mit uneingeschränkter An¬
1221 2646 2216 2699 erkennung gedenken, so müssen wir, um nicht
1228 2695 2199 2748 ungerecht zu sein, die überraschend glänzende
1227 2746 2206 2808 Leistung Frl. Mittlers als Irene Herms
1220 2797 2192 2855 besonders hervorheben. Die junge Küstlerin,
1229 2840 2198 2904 die uns wiederholt Proben eines starken
1220 2880 2195 2963 Talents gegeben hat, vermochte in dieser
1234 2936 2203 3006 Rolle die weitgehendsten Erwartungen zu
1228 2992 2195 3055 übertreffen. Erscheinung, Bewegungen und
1230 3039 2210 3102 Sprache waren von einer so liebenswürdig
1222 3091 2206 3140 natürlichen Einfachheit und kaum sich selbst
1220 3136 2200 3187 bewußten Ueberlegenheit, daß man den Ein¬
1222 3183 2203 3249 druck gewinnen mußte: das ist nicht bloß
1225 3224 2197 3291 Fleiß und Intelligenz, das ist das Talent,
1218 3278 2193 3338 das einer Künstlerin in die Wiege gelegt ist.
1225 3331 2199 3391 Herr Kraus verstand es, sich neben dieser
1227 3380 2192 3437 Irene als Fichtner zu behaupten. Das ist
1216 3423 2187 3495 ein verdientes Lob. Gewiß nicht geringeres
1220 3478 2196 3550 gebührt Herrn Lichtenberg, dessen Felix
1223 3531 2194 3591 in jeder Hinsicht ein Erfolg war. Frl.
1225 3565 2188 3644 Böcker befriedigte auch als Gabriele, Frl.
1223 3610 2195 3693 Trebitsch beeinträchtigte die Wirkung ihres
1218 3679 2198 3732 beseelten Spieles recht unnötig durch die über¬
1218 3716 2184 3776 mäßige Kürze ihres hochmodernen Trauerge¬
1214 3758 2194 3841 wandes. Das sehr gut besuchte Haus folgte
1207 3823 2195 3883 mit lebhaften Beifallsäußerungen der im
1202 3873 2202 3937 Ganzen wohlgelungenen Vorstellung, die von
1198 3899 1845 3997 Herrn Kraus geleitet wurde.
