3484 4384
1402 376 1857 469 box 23/4
258 392 1253 481 18. Der einS
1105 1334 2448 1407 halb noch lange nicht dir, weil du seine physiologische Voraus¬
1112 1405 2445 1464 setzung besorgt hast. „Vater, das ist ein Rang, den man erst
1104 1453 2444 1511 nach vieljähriger opfervoller, liebreicher Sorge um des Kindes
1114 1486 2444 1554 Gedeihen erlangt. Aber leider: Wenn man das Kind hat,
1114 1538 2451 1611 braucht mans nicht. Und wenn mans dann braucht, hat man
1115 1597 2448 1655 es nicht mehr. So ist das Leben ja überhaupt: ein immer¬
1112 1642 2450 1704 währendes Zu spät oder Zu früh. Nichts kommt rechtzeitig;
1107 1700 2440 1751 aber einiges kommt gewiß. Zum Beispiel: der Tod. Und
1104 1734 2451 1799 vor ihm, wie gesagt: die große Einsamkeit. Ganz besonders
1116 1787 2449 1849 auf den Egoisten lauert sie. „Egoist', das ist hier keine sittliche
1108 1849 2452 1898 Qualifizierung, sondern eine gesthetische. Der potenzierte Egoist,
1117 1888 2449 1948 der alles gierig Einsaugende, sich immer Bereichernde, fort¬
1107 1936 2461 1994 während an, um, in, mit sich Beschäftigte, das ist vor allem:
1119 1983 2441 2039 der Künstler. Ihn ganz besonders schluckt die große Einsam¬
1118 2046 2446 2103 keit. Und wenn er so viel Geist, so viel höhere Mathematik,
1120 2080 2442 2142 so viel Geruchssinn für das Unabwendbare besitzt, wie Herr
1112 2128 2455 2199 von Sala, so wird er eines tun: sich trainieren. Sich auf die
1122 2179 2456 2234 Einsamkeit vorbereiten. Ist nicht überhaupt das des Lebens
1116 2229 2450 2290 höchste Wissenschaft: Plötzlichkeiten in Allmählichkeiten zu ver¬
1115 2293 2459 2358 wandeln? Herr von Sala hängt sein Herz mehr als an Menschen
1115 2330 2449 2384 an Dinge (von denen erwartet man keinen Gegendienst, und
1124 2404 2458 2447 kann nie durch dessen Ausbleiben enttäuscht werden). Die
1119 2437 2461 2491 traurige Not des Alters, dieses: in Erinnerungen leben müssen,
1124 2477 2459 2535 schreckt ihn nicht, weil er, als Künstler, nicht nur das Talent
1126 2537 2461 2602 hat, Erinnerung mit Gegenwarts=Stärke austzukosten, sondern
1128 2591 2452 2641 auch jenes, die unmittelbarste Gegenwart gleich als ein Ent¬
1121 2633 2449 2693 schwundenes zu schmecken. Herr von Sala ist ein Virtuose der
1121 2693 2461 2740 Einsamkeit. Ein Gentleman alles Unentrinnbaren. Ein Dandy
1126 2731 2457 2794 der Todgeweihtheit. Und im Auge, mit dem er kalt der Ver¬
1125 2774 2025 2851 nichtung entgegensieht, gleißt ein Monokel.
1222 2825 2450 2883 Es stehen noch andre schöne Dinge im „Einsamen Weg'.
1131 2872 2454 2937 Mancherlei Blicke in mancherlei Abgründe werden getan.
1126 2929 2459 2986 Zwischen den Menschen fließt ein Dunkles, sie reichen die Hände
1119 2969 2454 3041 darüber, aber kaum ihre Fingerspitzen berühren einander; und
1131 3025 2463 3094 gelegentlich fällt hierbei der eine oder die andre ins Wasser. Das
1130 3067 2450 3132 Schicksal zieht wie ein Kunst=Eisläufer merkwürdigste Achter¬
1114 3120 2461 3175 kurven, die sich schön ineinanderschlingen. Beziehungen ver¬
1121 3166 2460 3231 schwinden spurlos, gehen unterirdisch weiter, tauchen über¬
1121 3216 2460 3274 raschend wieder ans Tageslicht. Es ist allenthalben seltsam,
1122 3278 2457 3329 seltsam; und traurig. Parallelen gehen neben einander und
1123 3329 2463 3378 müssen schmerzlich erkennen, daß sie sich erst in der Unendlich¬
1133 3383 2475 3432 keit schneiden. Das Leben dampft wie ein Nagout von Ab¬
1129 3429 2477 3475 strakten, von Lieve, Entsagung, Pflicht, Zwang, Erkenntnis,
1134 3464 2488 3536 betäubt die einen und kitzelt die Rüstern der andern. Sieger
1131 3566 1245 3628 272
