3484 4320
13 1729 73 1787 1;
-11 1789 97 1880 10
-7 2021 80 2096 nd
-24 2072 84 2142 eiht.
-19 2122 85 2183 bet
-9 2393 92 2463 de
-17 2546 89 2731 5
1472 241 1949 341 box 23/5
313 234 1344 342 18. Der einsane Neg
222 1312 478 1410 Zeitung
3080 1387 3240 1488 S
1852 1432 2015 1516 RSEE
466 1460 617 1566 Kb bsben
641 1445 3288 1578 eine Versicherung = nicht gegen das Sterben, wohl aber gegen die! Irene Herms, die ihre Jugend in Liebesepisoden verzettelte und sich
1964 1509 3291 1597 nun in unerfüllter Muttersehnsucht in Angst um versäumtes Glück
640 1548 1967 1629 Trostlosigkeit des Alterns: die Liebe der anderen. Sie ist das ein¬
1958 1557 3301 1646 verzehrt. Da ist ferner Wegrats Tochter Johanna, die Gelegenheit
220 1567 430 1667 aus.
651 1592 1970 1680 zige, was den Uebergang ins ältere Fach oder den Einzug ins Nir¬
1960 1609 3290 1687 hätte zu einer den Lohn in sich tragenden schönen Opfertat: sie könnte
644 1634 1960 1723 wana erleichtern kann. Aber sie ist ganz gewiß nicht von einem Tag
1965 1648 3292 1730 die letzten Monate des kranken Geliebten mit einer Gloriole der
238 1652 416 1733 Weg“.
654 1682 1973 1765 zum andern zu haben, sondern sie will durch ein langes Leben erwor¬
1962 1691 3293 1772 Liebe umkränzen; aber sie zieht es vor, ins Wasser zu gehen, statt sich
237 1698 654 1788 der letzte abschüssige,
655 1727 1971 1809 ben, erkämpft, erobert sein. Und wie weit ist oavon diese verspielte,
1969 1732 3292 1817 bedingungslos zu verschenken — aus einem ästhetelnden Haß gegen
240 1756 663 1850 den meisten von uns
648 1751 1975 1848 verwöhnte Lebemannswelt entfernt, die Schnitzler so gut kennt und
1964 1769 3302 1858 die Menschen, die auf ihr Mitleid angewiesen sind. So sind die
242 1806 666 1878 „Nein,“ scheint uns
650 1820 1970 1905 so treffend darzustellen weiß! Diese Leute machen aus dem Leben ein
1972 1820 3298 1904 Alten, so sind die Jungen. Sie alle leben in der gleichen Welt des
222 1848 662 1932 ser Dornenweg sicher,
654 1861 1973 1945 Spiel, aus der Neigung zu andern eine Unterhaltung, aus der Liebe
1967 1864 3305 1950 Egoismus, deren Aeußeres so verführerisch ist, daß ein Außenstehen¬
260 1891 660 1983 säen und Liebe zu
653 1903 1980 1988 eine Liebelei llieben heißt ihnen nur: sich lieben lassen). So bleiben
1975 1909 3309 1996 der geblendet ist und fast bedauert, ein anständiger und ehrenwerter
660 1947 1979 2046 sie arm bis zuletzt, weil sie nicht gelernt haben, sich zu verschwenden
1975 1948 3308 2040 Charakter zu sein, und die doch nur ein trügerischer Sumpfboden ist,
217 1964 667 2053 uch — „Die Kinder“
668 1995 1972 2081 und zu verschenken, bleiben verlassen, weil ihnen der Einsatz zu teuer
1971 1999 3317 2091 auf dem allerhand Blüten flüchtigen Genießens, nie aber menschliches
236 2016 676 2096 s wäre er die Quelle
673 2042 1516 2138 war, mit dem man Herzen gewinnen kann.
1974 2069 2366 2153 Dauerglück gedeiht.
223 2079 671 2148 Es, die wir kürzlich an
726 2067 1988 2171 Urbild dieser Kaste ist der berufslose Aesthet und Gelegenheits¬
2039 2070 3315 2170 Aus dieser betrübenden Erkenntnis gibt es nur einen Hoffnungs¬
226 2117 677 2192 uptmotiv ist in beiden
661 2135 1985 2224 dichter Stephan von Sala, eine der lebensvollsten und eigenartigsten
1978 2133 3317 2219 blick in die Zukunft. „Es scheint,“ sagt jemand in dem Stück, „daß
228 2161 675 2239 Tode seiner Mutter,
672 2176 1987 2266 Gestalten, die Schnitzler geschaffen hat, ein hochmütiger Betrachter
1982 2176 3304 2270 jetzt wieder ein bessers Geschlecht heranwächst — weniger
223 2205 673 2281 dern ein anderer, und
1980 2229 3307 2307 Geist und mehr Haltung“ Hat das inzwischen herangewachsene Ge¬
675 2227 1982 2310 der Dinge, der wie kein anderer auch seine Umwelt zu charakteri¬
220 2242 675 2321 lich vor eine ganz neue
1980 2266 3307 2359 schlecht die Feuerprobe bestanden? Die des Weltkrieges gewiß; aber
664 2269 1991 2360 sieren weiß: „Lieben heißt, für jemand anderen auf der
223 2295 681 2367 was bei Schnitzler in
671 2313 1989 2410 [Weltsein. Was hat aber das, was unsereins in die Welt bringt,
1983 2310 3136 2409 ob es ethisch emporgeläutert ist, bleibt doch sehr die Frage.
223 2344 677 2410 rs Drama ist von 1910,
674 2361 1998 2446 mit Liebe zu tun? Es mag allerlei Lustiges, Verlogenes, Zärtliches,
2051 2358 3311 2453 Sonderbar, der Reigen=Dichter erscheint hier fast als strenger
216 2390 686 2478 ng, die in diesem Fall
663 2400 2006 2475 Gemeines, Leidenschaftliches sein, das sich als Liebe ausgibt, — aber
1986 2402 3323 2498 Moralist. Wenn man näher zuhört, klingt sein Drama wie ein
212 2442 1992 2559 eichere, gehaltvollere — Liebe ist es doch nicht .. Haben wir jemals ein Opfer gebracht, von
1985 2454 3326 2551 Evangelium der Liebe, wie ein Kampfruf gegen die Selbstsucht, wie
675 2491 1994 2590 dem nicht unsere Sinnlichkeit oder unsere Eitelkeit ihren Vorteil
1987 2497 3356 2578 eine Mahnung an die Menschen, auf dem Wege, der zur Einsamkeit ##
244 2523 687 2597 Neben dem mehrfach
664 2544 1995 2635 gehabt hätte?“ Und da ist weiter Salas Artverwandter — sie sind
675 2574 3327 2669 „Freunde“, weil sie sich so hübsch das Stichwort reichen —, der Zug führt, umzukehren und eine edlere Gemeinschaft anzustreben. Frei¬
234 2577 682 2645 die Verantwortungs¬
1982 2577 3321 2663 lich trägt Schnitzler seine Lehre ohne Pathos, ohne Theaterdonner
228 2619 687 2706 ziehungen und die Ge¬
677 2633 2003 2716 um Zug den Beleg zu diesem Steckbrief liefert. Julian Fichtner ist
1992 2638 3322 2719 vor. Im Gegenteil, er scheint alles zu verzeihen, indem er alles ver¬
681 2665 2004 2757 ein genial begabter Maler, der gleichwohl sein Leben genießerisch
1996 2678 3323 2766 steht. Nur gibt er denen nicht recht, die im sacro egoismo wurzeln,
224 2699 697 2792 des Akademiedirektors
669 2706 2004 2797 vertan hat und nun vor seinem seelischen Bankerott steht. Eine Frau,
1992 2724 3341 2808 weil sie durch die Stürme des Lebens eines Tages doch entwurzelt
218 2758 700 2832 t. Da ist eine Anzahl
676 2739 2000 2854 die Braut Wegrats, schenkte sich ihm dereinst in voller Hingabe; er
1992 2749 3378 2853 werden; sondern er hält es ganz altbacken mit denen, die lieber Un¬
209 2807 691 2890 andte, Freunde nennen
1999 2807 3330 2896 recht leiden als Unrecht tun. Wer bleibt denn Sieger? Nicht die
227 2790 2003 2914 aneinander vorbeileben. verließ sie bei Nacht und Nebel aus Ueberangst, daß seine Künstler¬
1996 2845 3319 2941 Himmelsstürmer, nicht Don Juan und Faust, sondern Papa Wegrat,
215 2848 2005 2957 Seelengemeinschaft. Ein laufbahn verengt und beschränkt werden könnte. Und doch ist aus ihm
1990 2876 3344 2981 der gute Hahnrei, der nie erfährt, daß ihm sein Freund ein Kuckucksei #
209 2890 2000 2996 ie Voraussetzungen, auf nichts geworden als ein unbefriedigter liebe= und haltbedürftiger
685 2938 2004 3033 Weltbummler ohne Leistung und Ruh. Auf seine alten Tage will er
1993 2937 3343 3028 ins Nest legte, und sein Sohn Felix, der sich als ausgleichende Ge¬
209 2990 699 3055 e denn sein Wesen und
699 2979 2007 3075 sich, husch husch, ein Vaterglück zulegen und den Sohn, den Wegrat
2000 2974 3350 3074 rechtigkeit des Betrogenen annimmt der ihn und seine Mutter
206 3030 692 3101 e nur Gäste im Leben,
692 3017 2004 3126 Zeit seines Lebens als sein eigen Kind betreut hat, für sich gewin¬
2009 3018 3332 3122 liebte, — nicht des genialen Herrn, der einmal seine Lüste spazieren
206 3066 702 3146 n und ihren eigenen Ge¬
691 3061 2007 3152 nen. Aber nun muß er erfahren, daß man sehr wenig für einen
1994 3087 3336 3165 geführt und nun den Einfall bekommen hat, kurz vor Toresschluß den
239 3122 706 3191 r ein Einsiedler — um
699 3103 2007 3202 Menschen getan hat, wenn man ihn nur in die Welt gesetzt hat, und
225 3164 703 3232 Eines Tages, wenn der
689 3149 2569 3237 sich von dem jungen Mann ins Gesicht sagen lassen: Sie sind mir liebenden Vater zu spielen. —
2064 3181 3330 3244 Nein, Theaterdonner ist wirklich nicht darin! Es weht in dem
231 3211 713 3281 flogen sind, erfolgt ein
692 3206 1792 3322 fremder geworden, seit ich von Ihrer Vaterschaft weiß.
768 3226 3335 3343 So sind sie alle betrogene Betrüger, sie, die nur der Gegenwart Stück die weiche Luft Wiens, es herrscht die milde Klarheit und
228 3248 714 3331 sieht sich isoliert. „Und
2001 3250 3340 3335 Stille eines späten südlichen Herbstabends, wenn im Norden schon##
324 3297 714 3378 den Weg hinab
702 3297 2029 3391 leben und denen die Form des Lebens wichtiger ist als sein Inhalt.
224 3346 606 3412 dem gehört haben.“
228 3366 3342 3469 gehört haben.“ Es gibt! Da ist noch eine verklungene Geliebte Fichtners, die Schauspielerin Schneeböen niedergehen. Alles ist in eine gewisse Wehmut und süßen
