<?xml version="1.0" encoding="UTF-8" standalone="yes"?>
<PcGts xmlns="http://schema.primaresearch.org/PAGE/gts/pagecontent/2013-07-15" xmlns:xsi="http://www.w3.org/2001/XMLSchema-instance" xsi:schemaLocation="http://schema.primaresearch.org/PAGE/gts/pagecontent/2013-07-15 http://schema.primaresearch.org/PAGE/gts/pagecontent/2013-07-15/pagecontent.xsd">
    <Metadata>
        <Creator>prov=University of Rostock/Institute of Mathematics/CITlab/Gundram Leifert/gundram.leifert@uni-rostock.de:name=ONB_Newseye_GT_M1+(htr_id=10810)::::v=2.4.2
prov=University of Rostock/Institute of Mathematics/CITlab/Tobias Gruening/tobias.gruening@uni-rostock.de:name=de.uros.citlab.module.baseline2polygon.B2PSeamMultiOriented:v=2.4.2
prov=University of Rostock/Institute of Mathematics/CITlab/Tobias Gruening/tobias.gruening@uni-rostock.de:name=/mnt/transkribus/LA/DEA/URO/LA_news_onb_att.pb:de.uros.citlab.segmentation.CITlab_LA_ML:v=2.4.2
Transkribus</Creator>
        <Created>2019-10-07T11:29:41.642+02:00</Created>
        <LastChange>2019-10-08T11:54:07.470+02:00</LastChange>
        <TranskribusMetadata docId="223970" pageId="9501075" pageNr="396" tsid="16555566" status="IN_PROGRESS" userId="40391" imgUrl="https://files.transkribus.eu/Get?id=OFQFNADWDXREYQKICDUSNTRP&amp;fileType=view" xmlUrl="https://files.transkribus.eu/Get?id=GVSVZBCIZPLFJBZXFNBLPQWD" imageId="6191297"/>
    </Metadata>
    <Page imageFilename="223970_0396.jpeg" imageWidth="3436" imageHeight="4192">
        <ReadingOrder>
            <OrderedGroup id="ro_1711450819218" caption="Regions reading order">
                <RegionRefIndexed index="0" regionRef="r1"/>
            </OrderedGroup>
        </ReadingOrder>
        <TextRegion orientation="0.0" id="r1" custom="readingOrder {index:0;}">
            <Coords points="222,259 222,3308 3308,3308 3308,259"/>
            <TextLine id="r1l1" custom="readingOrder {index:0;}">
                <Coords points="1356,310 1720,321 1780,302 1836,317 1836,239 1765,213 1743,228 1594,213 1542,247 1509,225 1434,243 1405,214 1356,229"/>
                <Baseline points="1375,286 1401,285 1427,285 1453,285 1479,285 1505,285 1531,285 1557,286 1583,286 1609,286 1635,286 1661,286 1687,286 1713,286 1739,285 1765,285 1791,284 1817,282"/>
                <TextEquiv>
                    <Unicode>box 23/4</Unicode>
                </TextEquiv>
            </TextLine>
            <TextLine id="r1l2" custom="readingOrder {index:1;}">
                <Coords points="204,307 1185,335 1212,242 722,217 602,260 480,214 361,250 205,211"/>
                <Baseline points="222,284 270,288 318,292 367,295 415,297 464,299 512,300 561,301 609,302 658,302 706,302 754,302 803,302 851,302 900,302 948,302 997,302 1045,302 1094,302 1142,303 1191,304"/>
                <TextEquiv>
                    <Unicode>18. Der einsane Neg</Unicode>
                </TextEquiv>
            </TextLine>
            <TextLine id="r1l3" custom="readingOrder {index:2;}">
                <Coords points="2808,1227 2826,1227 2833,1219 2908,1221 2905,1131 2875,1136 2847,1167 2839,1167 2828,1156 2806,1161"/>
                <Baseline points="2825,1207 2857,1207 2889,1205"/>
                <TextEquiv>
                    <Unicode>I</Unicode>
                </TextEquiv>
            </TextLine>
            <TextLine id="r1l4" custom="readingOrder {index:3;}">
                <Coords points="453,1256 520,1248 546,1252 561,1263 598,1259 598,1159 576,1159 565,1170 554,1159 542,1159 535,1167 516,1159 505,1159 498,1167 453,1167"/>
                <Baseline points="470,1229 497,1229 525,1229 552,1229 580,1229"/>
                <TextEquiv>
                    <Unicode>E</Unicode>
                </TextEquiv>
            </TextLine>
            <TextLine id="r1l5" custom="readingOrder {index:4;}">
                <Coords points="1272,1291 3286,1241 3006,1188 1272,1243"/>
                <Baseline points="1291,1279 1389,1278 1488,1278 1587,1277 1686,1276 1785,1275 1884,1274 1982,1273 2081,1271 2180,1270 2279,1269 2378,1268 2477,1267 2576,1266 2674,1265 2773,1264 2872,1263 2971,1262 3070,1262 3169,1262 3268,1262"/>
                <TextEquiv>
                    <Unicode>szeitlichen Nähe seelisch ferner liegt als die lebens=fab. Da sie auch das nahe Eide des leidenden</Unicode>
                </TextEquiv>
            </TextLine>
            <TextLine id="r1l6" custom="readingOrder {index:5;}">
                <Coords points="1271,1356 3110,1330 3310,1313 3310,1243 1270,1293"/>
                <Baseline points="1289,1329 1389,1327 1489,1326 1589,1325 1689,1324 1789,1323 1889,1322 1990,1321 2090,1321 2190,1320 2290,1319 2390,1319 2490,1318 2590,1317 2691,1316 2791,1316 2891,1315 2991,1314 3091,1312 3191,1311 3292,1309"/>
                <TextEquiv>
                    <Unicode>volle Romantik der Biedermeierepoche, sprach man! Sala, den sie vom Herzen liebt, als unabwend¬ K</Unicode>
                </TextEquiv>
            </TextLine>
            <TextLine id="r1l7" custom="readingOrder {index:6;}">
                <Coords points="464,1352 520,1374 598,1347 773,1366 924,1334 969,1363 1006,1340 1077,1361 1155,1326 1152,1163 1000,1154 848,1186 710,1177 657,1137 602,1135 461,1167"/>
                <Baseline points="481,1343 513,1341 546,1340 579,1339 612,1338 645,1338 677,1338 710,1337 743,1337 776,1337 809,1337 841,1337 874,1337 907,1337 940,1336 972,1335 1005,1334 1038,1333 1071,1331 1104,1329 1137,1326"/>
                <TextEquiv>
                    <Unicode>Der einsame Weg.</Unicode>
                </TextEquiv>
            </TextLine>
            <TextLine id="r1l8" custom="readingOrder {index:7;}">
                <Coords points="294,1400 3155,1394 3272,1307 293,1366"/>
                <Baseline points="312,1403 459,1401 606,1399 753,1396 900,1394 1048,1391 1195,1388 1342,1385 1489,1381 1636,1378 1784,1375 1931,1372 2078,1370 2225,1367 2372,1365 2520,1364 2667,1362 2814,1362 2961,1361 3108,1362 3256,1363"/>
                <TextEquiv>
                    <Unicode>Schauspiel in fünf Akten von Artur Schnihler gar viel und tiefsinnig über den Tod und das bar erkennt, ertränkt sie sich im Teiche seines</Unicode>
                </TextEquiv>
            </TextLine>
            <TextLine id="r1l9" custom="readingOrder {index:8;}">
                <Coords points="2277,1431 2336,1437 2362,1425 2373,1429 2395,1413 2466,1427 2503,1418 2502,1378 2432,1375 2424,1368 2387,1373 2368,1362 2276,1372"/>
                <Baseline points="2295,1413 2322,1412 2349,1412 2376,1411 2403,1409 2430,1409 2457,1409 2485,1410"/>
                <TextEquiv>
                    <Unicode>Schlosses.</Unicode>
                </TextEquiv>
            </TextLine>
            <TextLine id="r1l10" custom="readingOrder {index:9;}">
                <Coords points="295,1452 2279,1419 2189,1364 295,1403"/>
                <Baseline points="313,1442 410,1441 507,1441 605,1440 702,1439 800,1438 897,1437 994,1435 1092,1433 1189,1432 1287,1430 1384,1429 1481,1427 1579,1425 1676,1423 1774,1421 1871,1419 1968,1417 2066,1415 2163,1413 2261,1411"/>
                <TextEquiv>
                    <Unicode>Zum erstenmale aufgeführt im Burglheater am Sterben. Auch Artur Schnitzlers Helden kranken</Unicode>
                </TextEquiv>
            </TextLine>
            <TextLine id="r1l11" custom="readingOrder {index:10;}">
                <Coords points="2346,1456 2554,1480 2654,1449 3052,1470 3096,1444 3279,1472 3277,1375 3192,1406 3099,1377 3059,1407 2965,1378 2345,1408"/>
                <Baseline points="2365,1457 2409,1458 2454,1459 2499,1459 2543,1459 2588,1459 2633,1459 2677,1459 2722,1458 2767,1457 2812,1456 2856,1456 2901,1455 2946,1454 2990,1453 3035,1452 3080,1452 3124,1451 3169,1451 3214,1451 3259,1451"/>
                <TextEquiv>
                    <Unicode>Der tragische Tod dieser beiden seltsam</Unicode>
                </TextEquiv>
            </TextLine>
            <TextLine id="r1l12" custom="readingOrder {index:11;}">
                <Coords points="1293,1489 2281,1475 2280,1415 1292,1430"/>
                <Baseline points="1310,1473 1357,1473 1405,1473 1452,1472 1500,1471 1548,1471 1595,1470 1643,1469 1690,1469 1738,1468 1786,1468 1833,1467 1881,1466 1928,1465 1976,1464 2024,1464 2071,1463 2119,1462 2166,1461 2214,1460 2262,1460"/>
                <TextEquiv>
                    <Unicode>daran. Sein keck=frivoler Anatol ist nachdenklich</Unicode>
                </TextEquiv>
            </TextLine>
            <TextLine id="r1l13" custom="readingOrder {index:12;}">
                <Coords points="618,1493 730,1491 748,1502 770,1483 804,1505 841,1482 852,1493 863,1482 882,1493 900,1481 1008,1487 1008,1447 970,1432 915,1440 848,1423 807,1427 788,1446 618,1444"/>
                <Baseline points="637,1474 662,1475 687,1475 712,1476 737,1475 762,1475 787,1474 812,1473 837,1472 862,1472 887,1471 912,1471 937,1471 962,1472 988,1474"/>
                <TextEquiv>
                    <Unicode>19. Februar 1914.</Unicode>
                </TextEquiv>
            </TextLine>
            <TextLine id="r1l14" custom="readingOrder {index:13;}">
                <Coords points="2272,1512 2639,1505 2703,1534 2766,1507 2796,1537 2977,1494 3234,1507 3293,1495 3293,1455 2271,1463"/>
                <Baseline points="2289,1507 2338,1507 2387,1508 2436,1508 2485,1508 2535,1508 2584,1508 2633,1508 2682,1508 2731,1507 2781,1507 2830,1506 2879,1506 2928,1505 2977,1505 3027,1504 3076,1503 3125,1502 3174,1501 3223,1500 3273,1499"/>
                <TextEquiv>
                    <Unicode>empfindenden und tiefen Menschen ist aber im st</Unicode>
                </TextEquiv>
            </TextLine>
            <TextLine id="r1l15" custom="readingOrder {index:14;}">
                <Coords points="1292,1531 2284,1517 2283,1465 2257,1462 1291,1479"/>
                <Baseline points="1309,1525 1356,1523 1404,1522 1452,1521 1500,1520 1548,1519 1596,1519 1644,1518 1692,1517 1740,1517 1788,1516 1835,1516 1883,1516 1931,1515 1979,1514 2027,1514 2075,1513 2123,1512 2171,1511 2219,1510 2267,1508"/>
                <TextEquiv>
                    <Unicode>geworden und stellt nun als gealterter Herr von</Unicode>
                </TextEquiv>
            </TextLine>
            <TextLine id="r1l16" custom="readingOrder {index:15;}">
                <Coords points="388,1546 1201,1554 1309,1539 1308,1468 1179,1495 1100,1466 751,1502 521,1467 387,1487"/>
                <Baseline points="407,1540 451,1539 495,1539 539,1538 583,1538 627,1538 671,1537 716,1537 760,1537 804,1537 848,1537 892,1537 936,1536 980,1536 1025,1536 1069,1535 1113,1535 1157,1534 1201,1532 1245,1532 1290,1530"/>
                <TextEquiv>
                    <Unicode>Mit der Aufführung des Schauspieles „Der</Unicode>
                </TextEquiv>
            </TextLine>
            <TextLine id="r1l17" custom="readingOrder {index:16;}">
                <Coords points="3251,1556 3273,1551 3293,1554 3311,1549 3296,1488 3278,1492 3260,1481 3235,1487"/>
                <Baseline points="3270,1549 3292,1544"/>
                <TextEquiv>
                    <Unicode>14</Unicode>
                </TextEquiv>
            </TextLine>
            <TextLine id="r1l18" custom="readingOrder {index:17;}">
                <Coords points="2275,1570 2836,1567 2914,1537 3004,1569 3260,1563 3259,1518 3181,1497 2275,1514"/>
                <Baseline points="2293,1555 2340,1556 2387,1557 2435,1557 2482,1557 2530,1557 2577,1557 2624,1557 2672,1556 2719,1555 2767,1554 2814,1554 2861,1553 2909,1552 2956,1551 3004,1550 3051,1550 3098,1549 3146,1549 3193,1549 3241,1549"/>
                <TextEquiv>
                    <Unicode>Grunde nichts mehr als eine bloße Episode,</Unicode>
                </TextEquiv>
            </TextLine>
            <TextLine id="r1l19" custom="readingOrder {index:18;}">
                <Coords points="1293,1568 2162,1576 2277,1567 2277,1515 1292,1527"/>
                <Baseline points="1311,1569 1358,1569 1405,1568 1452,1568 1500,1567 1547,1567 1594,1566 1642,1566 1689,1565 1736,1565 1784,1565 1831,1564 1878,1564 1925,1563 1973,1563 2020,1562 2067,1561 2115,1560 2162,1559 2209,1558 2257,1557"/>
                <TextEquiv>
                    <Unicode>Sala die trübselige Frage: „Gibt es einen an¬</Unicode>
                </TextEquiv>
            </TextLine>
            <TextLine id="r1l20" custom="readingOrder {index:19;}">
                <Coords points="305,1613 606,1584 695,1617 795,1586 1297,1597 1304,1537 304,1543"/>
                <Baseline points="322,1592 370,1591 418,1589 466,1589 514,1588 562,1588 610,1588 658,1588 706,1588 754,1587 803,1587 851,1587 899,1587 947,1587 995,1586 1043,1586 1091,1585 1139,1584 1187,1582 1235,1580 1284,1578"/>
                <TextEquiv>
                    <Unicode>einsame Weg“ hat, das Burgtheater gestern eine</Unicode>
                </TextEquiv>
            </TextLine>
            <TextLine id="r1l21" custom="readingOrder {index:20;}">
                <Coords points="2278,1611 3311,1610 3310,1554 3258,1544 2278,1563"/>
                <Baseline points="2298,1606 2347,1606 2397,1606 2447,1606 2496,1606 2546,1605 2596,1605 2645,1604 2695,1603 2745,1602 2795,1602 2844,1601 2894,1600 2944,1599 2993,1598 3043,1598 3093,1597 3142,1597 3192,1597 3242,1597 3292,1597"/>
                <TextEquiv>
                    <Unicode>ein aufschluchzendes Adagio in der gewaltigen in</Unicode>
                </TextEquiv>
            </TextLine>
            <TextLine id="r1l22" custom="readingOrder {index:21;}">
                <Coords points="1302,1628 2015,1627 2149,1597 2201,1630 2286,1611 2286,1563 1301,1572"/>
                <Baseline points="1322,1617 1369,1615 1416,1614 1463,1614 1511,1613 1558,1613 1605,1613 1653,1613 1700,1613 1747,1613 1795,1613 1842,1613 1889,1613 1936,1613 1984,1612 2031,1612 2078,1612 2126,1611 2173,1610 2220,1609 2268,1607"/>
                <TextEquiv>
                    <Unicode>ständigen Menschen, der in irgendeiner guten</Unicode>
                </TextEquiv>
            </TextLine>
            <TextLine id="r1l23" custom="readingOrder {index:22;}">
                <Coords points="310,1653 1302,1634 1301,1585 1216,1583 310,1616"/>
                <Baseline points="330,1644 377,1642 425,1640 473,1638 520,1638 568,1637 616,1636 663,1636 711,1636 759,1636 807,1636 854,1636 902,1635 950,1635 997,1635 1045,1634 1093,1633 1140,1632 1188,1630 1236,1628 1284,1626"/>
                <TextEquiv>
                    <Unicode>alte Dankesschuld an Artur Schnitzler abge¬</Unicode>
                </TextEquiv>
            </TextLine>
            <TextLine id="r1l24" custom="readingOrder {index:23;}">
                <Coords points="2267,1661 3304,1648 3303,1607 3036,1591 2557,1629 2267,1606"/>
                <Baseline points="2285,1651 2337,1653 2390,1654 2442,1654 2495,1654 2547,1654 2600,1653 2653,1652 2705,1651 2758,1650 2810,1649 2863,1648 2915,1647 2968,1646 3021,1646 3073,1645 3126,1646 3178,1646 3231,1648 3284,1650"/>
                <TextEquiv>
                    <Unicode>Sinfonie des ganzen Stückes. Das Grundthema, g</Unicode>
                </TextEquiv>
            </TextLine>
            <TextLine id="r1l25" custom="readingOrder {index:24;}">
                <Coords points="1300,1668 2285,1684 2284,1613 2150,1597 1299,1608"/>
                <Baseline points="1317,1661 1364,1662 1411,1664 1459,1664 1506,1664 1553,1664 1601,1664 1648,1663 1695,1662 1743,1661 1790,1660 1837,1658 1885,1657 1932,1655 1979,1654 2027,1653 2074,1652 2121,1651 2169,1651 2216,1650 2264,1651"/>
                <TextEquiv>
                    <Unicode>Stunde in tiefster Seele an etwas anderes als</Unicode>
                </TextEquiv>
            </TextLine>
            <TextLine id="r1l26" custom="readingOrder {index:25;}">
                <Coords points="301,1708 1304,1689 1303,1634 1240,1616 300,1649"/>
                <Baseline points="319,1691 367,1690 415,1689 463,1688 512,1688 560,1687 608,1686 657,1686 705,1685 753,1685 802,1684 850,1683 898,1683 946,1682 995,1681 1043,1680 1091,1679 1140,1679 1188,1677 1236,1676 1285,1675"/>
                <TextEquiv>
                    <Unicode>tragen. Wenn auch das Stück über Berlin nach</Unicode>
                </TextEquiv>
            </TextLine>
            <TextLine id="r1l27" custom="readingOrder {index:26;}">
                <Coords points="1792,1671 1806,1670 1806,1701 1792,1702"/>
                <Baseline points="1792,1692 1806,1691"/>
                <TextEquiv>
                    <Unicode></Unicode>
                </TextEquiv>
            </TextLine>
            <TextLine id="r1l28" custom="readingOrder {index:27;}">
                <Coords points="2265,1700 2893,1712 3027,1681 3124,1721 3309,1704 3309,1645 2265,1659"/>
                <Baseline points="2285,1702 2335,1702 2385,1701 2436,1701 2486,1700 2536,1700 2587,1699 2637,1699 2687,1698 2738,1698 2788,1698 2838,1697 2889,1697 2939,1696 2989,1696 3040,1695 3090,1694 3140,1693 3191,1693 3241,1692 3292,1691"/>
                <TextEquiv>
                    <Unicode>das sich um eine konkrete sittliche Forderung d</Unicode>
                </TextEquiv>
            </TextLine>
            <TextLine id="r1l29" custom="readingOrder {index:28;}">
                <Coords points="1302,1745 1469,1717 1555,1731 1640,1708 1681,1730 1737,1730 1803,1710 1803,1666 1617,1671 1591,1653 1465,1684 1394,1670 1301,1682"/>
                <Baseline points="1322,1708 1347,1710 1373,1710 1399,1711 1424,1711 1450,1711 1476,1710 1501,1710 1527,1710 1553,1709 1578,1709 1604,1708 1630,1707 1655,1707 1681,1707 1707,1707 1732,1707 1758,1707 1784,1708"/>
                <TextEquiv>
                    <Unicode>an das Sterben denke?“</Unicode>
                </TextEquiv>
            </TextLine>
            <TextLine id="r1l30" custom="readingOrder {index:29;}">
                <Coords points="309,1753 1186,1747 1297,1734 1296,1675 308,1704"/>
                <Baseline points="326,1736 373,1736 421,1736 468,1736 516,1735 563,1735 611,1735 658,1734 706,1734 753,1733 801,1733 849,1732 896,1731 944,1730 991,1729 1039,1728 1086,1727 1134,1726 1181,1724 1229,1723 1277,1721"/>
                <TextEquiv>
                    <Unicode>Wien gelangt ist, so nahm es dennoch von</Unicode>
                </TextEquiv>
            </TextLine>
            <TextLine id="r1l31" custom="readingOrder {index:30;}">
                <Coords points="2270,1764 2842,1758 2901,1731 2987,1759 3247,1751 3269,1702 2269,1701"/>
                <Baseline points="2287,1752 2335,1751 2383,1751 2431,1750 2479,1750 2528,1749 2576,1749 2624,1748 2672,1748 2720,1747 2769,1746 2817,1746 2865,1745 2913,1744 2961,1743 3010,1742 3058,1740 3106,1739 3154,1738 3202,1736 3251,1734"/>
                <TextEquiv>
                    <Unicode>handelt, hat mit der beiden Schicksal nichts</Unicode>
                </TextEquiv>
            </TextLine>
            <TextLine id="r1l32" custom="readingOrder {index:31;}">
                <Coords points="1306,1783 2253,1774 2283,1770 2282,1706 2163,1727 1895,1691 1858,1718 1475,1713 1305,1746"/>
                <Baseline points="1325,1780 1371,1777 1418,1774 1465,1772 1512,1770 1559,1769 1606,1768 1653,1767 1700,1767 1747,1766 1794,1766 1840,1766 1887,1766 1934,1765 1981,1765 2028,1764 2075,1763 2122,1762 2169,1760 2216,1759 2263,1756"/>
                <TextEquiv>
                    <Unicode>4 Solcher Todesgedanken und Stimmungen</Unicode>
                </TextEquiv>
            </TextLine>
            <TextLine id="r1l33" custom="readingOrder {index:32;}">
                <Coords points="312,1794 1311,1779 1310,1724 311,1738"/>
                <Baseline points="330,1785 378,1785 426,1785 474,1785 522,1785 571,1784 619,1784 667,1783 715,1783 763,1782 812,1781 860,1780 908,1780 956,1779 1004,1778 1053,1777 1101,1776 1149,1775 1197,1774 1245,1773 1294,1772"/>
                <TextEquiv>
                    <Unicode>Oesterreich seinen Ausgang. Bei aller tief¬</Unicode>
                </TextEquiv>
            </TextLine>
            <TextLine id="r1l34" custom="readingOrder {index:33;}">
                <Coords points="2275,1815 3289,1809 3315,1735 2275,1755"/>
                <Baseline points="2293,1796 2343,1797 2393,1797 2443,1796 2493,1796 2543,1796 2593,1796 2643,1795 2693,1795 2743,1794 2794,1794 2844,1793 2894,1793 2944,1792 2994,1792 3044,1791 3094,1791 3144,1790 3194,1789 3244,1789 3295,1788"/>
                <TextEquiv>
                    <Unicode>gemein. Mit aller Präzision hat hier der Dichter 9</Unicode>
                </TextEquiv>
            </TextLine>
            <TextLine id="r1l35" custom="readingOrder {index:34;}">
                <Coords points="314,1842 2297,1828 2297,1765 313,1794"/>
                <Baseline points="332,1836 429,1834 526,1832 624,1830 721,1828 819,1827 916,1826 1013,1825 1111,1824 1208,1823 1306,1822 1403,1821 1500,1820 1598,1819 1695,1818 1793,1817 1890,1815 1987,1813 2085,1811 2182,1809 2280,1807"/>
                <TextEquiv>
                    <Unicode>schürfenden Psychologie, deren Ursprünge auf die gibt es in dem Stücke gar viele, gleich dunklen</Unicode>
                </TextEquiv>
            </TextLine>
            <TextLine id="r1l36" custom="readingOrder {index:35;}">
                <Coords points="310,1893 3312,1858 3259,1788 309,1841"/>
                <Baseline points="329,1882 477,1881 625,1879 773,1878 921,1876 1070,1874 1218,1872 1366,1869 1514,1867 1662,1864 1811,1862 1959,1859 2107,1857 2255,1854 2403,1851 2552,1848 2700,1846 2848,1843 2996,1840 3144,1837 3293,1834"/>
                <TextEquiv>
                    <Unicode>Nordländer und insbesondere auf Ibsen zurück= Wolken erscheinen sie am Horizont der Dichtung s eine Frage gestellt und mit voller Deutlichkeitn</Unicode>
                </TextEquiv>
            </TextLine>
            <TextLine id="r1l37" custom="readingOrder {index:36;}">
                <Coords points="2273,1900 2340,1918 2395,1902 2811,1902 2811,1854 2655,1844 2399,1865 2272,1851"/>
                <Baseline points="2291,1897 2316,1895 2341,1894 2366,1894 2391,1893 2416,1892 2441,1892 2466,1892 2491,1892 2516,1892 2542,1892 2567,1892 2592,1892 2617,1892 2642,1892 2667,1892 2692,1891 2717,1891 2742,1890 2767,1890 2793,1888"/>
                <TextEquiv>
                    <Unicode>Antwort darauf gegeben.</Unicode>
                </TextEquiv>
            </TextLine>
            <TextLine id="r1l38" custom="readingOrder {index:37;}">
                <Coords points="312,1935 2289,1938 2287,1849 311,1879"/>
                <Baseline points="332,1933 428,1931 525,1929 622,1927 719,1925 816,1924 912,1922 1009,1921 1106,1920 1203,1919 1300,1918 1396,1917 1493,1916 1590,1915 1687,1914 1784,1913 1880,1911 1977,1910 2074,1908 2171,1905 2268,1903"/>
                <TextEquiv>
                    <Unicode>reichen mögen ist diese Dichtung im innersten und selten nur durchbricht ein Strahl erwärmen¬</Unicode>
                </TextEquiv>
            </TextLine>
            <TextLine id="r1l39" custom="readingOrder {index:38;}">
                <Coords points="2356,1957 3259,1961 3318,1949 3317,1879 2355,1909"/>
                <Baseline points="2373,1952 2419,1952 2465,1951 2512,1951 2558,1951 2605,1950 2651,1950 2697,1950 2744,1949 2790,1949 2837,1949 2883,1948 2929,1948 2976,1947 3022,1947 3069,1946 3115,1945 3161,1944 3208,1943 3254,1941 3301,1939"/>
                <TextEquiv>
                    <Unicode>Hat der natürliche Vater eines Kindes, der ##</Unicode>
                </TextEquiv>
            </TextLine>
            <TextLine id="r1l40" custom="readingOrder {index:39;}">
                <Coords points="315,1984 2017,1969 2016,1921 1916,1911 315,1925"/>
                <Baseline points="333,1976 416,1976 499,1975 582,1974 666,1973 749,1972 832,1971 915,1970 999,1968 1082,1967 1165,1966 1248,1965 1332,1964 1415,1963 1498,1962 1581,1962 1665,1961 1748,1961 1831,1960 1914,1961 1998,1961"/>
                <TextEquiv>
                    <Unicode>Kerne ihres Wesens doch heimatlich. Oester= den Humors das finstere. Gewölk.</Unicode>
                </TextEquiv>
            </TextLine>
            <TextLine id="r1l41" custom="readingOrder {index:40;}">
                <Coords points="1377,2032 3153,2016 3316,2005 3315,1950 1376,1995"/>
                <Baseline points="1397,2025 1492,2024 1587,2023 1682,2021 1777,2019 1872,2017 1967,2015 2062,2013 2157,2010 2252,2008 2347,2006 2442,2004 2537,2002 2632,1999 2727,1998 2822,1996 2917,1995 3012,1994 3107,1994 3202,1993 3298,1994"/>
                <TextEquiv>
                    <Unicode>„Ich habe einmal im Traum eine Frühlings=sich um dessen Erziehung und Fortkommen nichtp</Unicode>
                </TextEquiv>
            </TextLine>
            <TextLine id="r1l42" custom="readingOrder {index:41;}">
                <Coords points="310,2039 1313,2018 1312,1966 309,1980"/>
                <Baseline points="329,2026 377,2025 425,2025 473,2025 521,2025 570,2024 618,2024 666,2023 714,2023 762,2022 811,2022 859,2021 907,2020 955,2019 1003,2018 1052,2018 1100,2017 1148,2016 1196,2015 1244,2013 1293,2012"/>
                <TextEquiv>
                    <Unicode>reichisch fühlen und denken diese Menschen in</Unicode>
                </TextEquiv>
            </TextLine>
            <TextLine id="r1l43" custom="readingOrder {index:42;}">
                <Coords points="2277,2056 3318,2050 3317,2006 3265,1995 2277,2015"/>
                <Baseline points="2297,2050 2347,2049 2397,2048 2447,2048 2497,2048 2547,2048 2597,2048 2648,2048 2698,2049 2748,2049 2798,2049 2848,2049 2898,2048 2948,2048 2999,2047 3049,2046 3099,2045 3149,2043 3199,2041 3249,2038 3300,2034"/>
                <TextEquiv>
                    <Unicode>im mindesten bekümmerte, noch irgendwie An¬e</Unicode>
                </TextEquiv>
            </TextLine>
            <TextLine id="r1l44" custom="readingOrder {index:43;}">
                <Coords points="1294,2080 2234,2075 2278,2067 2278,2018 1539,2040 1293,1998"/>
                <Baseline points="1311,2067 1358,2068 1405,2070 1453,2070 1500,2071 1547,2071 1595,2071 1642,2071 1689,2071 1737,2071 1784,2071 1831,2070 1879,2069 1926,2068 1973,2067 2021,2066 2068,2065 2115,2064 2163,2062 2210,2061 2258,2060"/>
                <TextEquiv>
                    <Unicode>landschaft gesehen, ganz sonnig und mild, und</Unicode>
                </TextEquiv>
            </TextLine>
            <TextLine id="r1l45" custom="readingOrder {index:44;}">
                <Coords points="304,2066 453,2098 1300,2071 1299,2019 1240,2016 303,2022"/>
                <Baseline points="323,2075 373,2073 423,2072 474,2071 524,2070 575,2069 625,2069 676,2069 726,2068 777,2068 827,2068 878,2068 928,2067 979,2067 1029,2067 1080,2066 1130,2065 1181,2064 1231,2062 1282,2061"/>
                <TextEquiv>
                    <Unicode>ihrer vom Hauche sanfter Melancholie umflossenen</Unicode>
                </TextEquiv>
            </TextLine>
            <TextLine id="r1l46" custom="readingOrder {index:45;}">
                <Coords points="2274,2115 3310,2092 3309,2043 3272,2040 2273,2056"/>
                <Baseline points="2293,2105 2343,2103 2393,2101 2443,2099 2493,2098 2543,2097 2593,2096 2643,2096 2693,2095 2743,2095 2793,2094 2843,2094 2893,2093 2943,2093 2993,2092 3043,2092 3093,2091 3143,2089 3193,2088 3243,2086 3293,2084"/>
                <TextEquiv>
                    <Unicode>spruch auf dieses Kind oder wird er nicht viel¬</Unicode>
                </TextEquiv>
            </TextLine>
            <TextLine id="r1l47" custom="readingOrder {index:46;}">
                <Coords points="1300,2124 1958,2131 2102,2096 2195,2125 2284,2116 2284,2064 1299,2080"/>
                <Baseline points="1318,2118 1365,2118 1412,2118 1460,2118 1507,2117 1555,2117 1602,2117 1650,2117 1697,2117 1745,2116 1792,2116 1839,2116 1887,2115 1934,2114 1982,2114 2029,2113 2077,2111 2124,2110 2172,2109 2219,2106 2267,2105"/>
                <TextEquiv>
                    <Unicode>doch hab' ich über sie weinen müssen,“ bemerkt</Unicode>
                </TextEquiv>
            </TextLine>
            <TextLine id="r1l48" custom="readingOrder {index:47;}">
                <Coords points="450,2131 1256,2141 1308,2115 1308,2078 450,2083"/>
                <Baseline points="467,2118 508,2118 549,2119 590,2119 631,2119 672,2119 713,2119 755,2119 796,2119 837,2118 878,2118 919,2118 960,2117 1001,2116 1043,2116 1084,2115 1125,2114 1166,2113 1207,2112 1248,2110 1290,2108"/>
                <TextEquiv>
                    <Unicode>in ihrem von erlesenster Kultur ge¬</Unicode>
                </TextEquiv>
            </TextLine>
            <TextLine id="r1l49" custom="readingOrder {index:48;}">
                <Coords points="321,2129 362,2131 377,2127 384,2135 392,2132 406,2136 425,2126 451,2127 453,2090 434,2089 430,2093 423,2085 398,2076 379,2087 364,2075 323,2073"/>
                <Baseline points="339,2120 369,2119 400,2120 431,2124"/>
                <TextEquiv>
                    <Unicode>Art,</Unicode>
                </TextEquiv>
            </TextLine>
            <TextLine id="r1l50" custom="readingOrder {index:49;}">
                <Coords points="3258,2146 3283,2137 3292,2142 3310,2135 3284,2066 3266,2072 3258,2071 3254,2081 3236,2087"/>
                <Baseline points="3274,2138 3288,2133"/>
                <TextEquiv>
                    <Unicode></Unicode>
                </TextEquiv>
            </TextLine>
            <TextLine id="r1l51" custom="readingOrder {index:50;}">
                <Coords points="2276,2159 3271,2152 3270,2089 2275,2115"/>
                <Baseline points="2293,2146 2340,2146 2388,2145 2436,2145 2484,2145 2532,2144 2580,2144 2628,2144 2676,2143 2724,2143 2772,2142 2819,2142 2867,2141 2915,2140 2963,2140 3011,2139 3059,2138 3107,2138 3155,2137 3203,2136 3251,2135"/>
                <TextEquiv>
                    <Unicode>mehr aller Rechte verlustig zugunsten desjenigen,</Unicode>
                </TextEquiv>
            </TextLine>
            <TextLine id="r1l52" custom="readingOrder {index:51;}">
                <Coords points="1280,2182 2286,2171 2286,2111 1279,2115"/>
                <Baseline points="1299,2168 1347,2167 1396,2166 1444,2165 1493,2165 1541,2165 1590,2165 1638,2165 1687,2165 1735,2165 1784,2164 1832,2164 1881,2164 1929,2164 1978,2163 2026,2162 2075,2161 2123,2159 2172,2157 2220,2155 2269,2152"/>
                <TextEquiv>
                    <Unicode>die melancholische Johanna zu ihrem Freunde</Unicode>
                </TextEquiv>
            </TextLine>
            <TextLine id="r1l53" custom="readingOrder {index:52;}">
                <Coords points="316,2199 405,2202 454,2176 937,2186 937,2138 554,2116 316,2139"/>
                <Baseline points="335,2169 364,2168 393,2167 422,2167 451,2166 481,2166 510,2166 539,2165 568,2165 597,2165 627,2165 656,2165 685,2165 714,2165 743,2165 773,2166 802,2166 831,2166 860,2166 889,2167 919,2167"/>
                <TextEquiv>
                    <Unicode>adelten Schönheitsempfinden.</Unicode>
                </TextEquiv>
            </TextLine>
            <TextLine id="r1l54" custom="readingOrder {index:53;}">
                <Coords points="3257,2177 3275,2183 3284,2202 3301,2209 3319,2160 3302,2154 3297,2144 3273,2135"/>
                <Baseline points="3276,2185 3290,2190"/>
                <TextEquiv>
                    <Unicode>Y</Unicode>
                </TextEquiv>
            </TextLine>
            <TextLine id="r1l55" custom="readingOrder {index:54;}">
                <Coords points="2277,2210 2898,2203 2953,2168 3020,2205 3273,2191 3272,2154 3153,2140 2277,2158"/>
                <Baseline points="2297,2194 2347,2193 2397,2193 2448,2193 2498,2192 2549,2192 2599,2191 2650,2191 2700,2190 2751,2190 2801,2189 2852,2189 2902,2188 2953,2187 3003,2187 3054,2186 3104,2185 3155,2184 3205,2183 3256,2182"/>
                <TextEquiv>
                    <Unicode>der in der Sorge um das Kind seine Stellen</Unicode>
                </TextEquiv>
            </TextLine>
            <TextLine id="r1l56" custom="readingOrder {index:55;}">
                <Coords points="1292,2216 2180,2227 2291,2211 2291,2174 1291,2183"/>
                <Baseline points="1311,2216 1359,2215 1407,2215 1455,2215 1503,2214 1551,2214 1599,2214 1647,2213 1695,2213 1743,2212 1791,2212 1839,2211 1887,2210 1935,2210 1983,2209 2031,2208 2079,2207 2127,2206 2175,2205 2223,2204 2272,2203"/>
                <TextEquiv>
                    <Unicode>Sala, der ihr mit deu Worten: „Ja, die Traurig¬</Unicode>
                </TextEquiv>
            </TextLine>
            <TextLine id="r1l57" custom="readingOrder {index:56;}">
                <Coords points="391,2230 1246,2235 1316,2227 1316,2168 1104,2147 1041,2173 1011,2147 922,2185 391,2182"/>
                <Baseline points="410,2226 454,2225 498,2224 542,2224 587,2223 631,2223 675,2223 720,2223 764,2223 808,2223 853,2223 897,2222 941,2222 985,2222 1030,2222 1074,2221 1118,2221 1163,2220 1207,2219 1251,2218 1296,2216"/>
                <TextEquiv>
                    <Unicode>Wienerisch vor allem ist die prächtigste</Unicode>
                </TextEquiv>
            </TextLine>
            <TextLine id="r1l58" custom="readingOrder {index:57;}">
                <Coords points="2280,2248 3287,2264 3286,2204 3253,2190 3019,2204 2963,2168 2892,2203 2279,2200"/>
                <Baseline points="2297,2243 2345,2244 2394,2244 2442,2244 2491,2244 2540,2243 2588,2242 2637,2241 2685,2240 2734,2240 2783,2238 2831,2237 2880,2236 2928,2235 2977,2234 3026,2234 3074,2233 3123,2233 3171,2233 3220,2234 3269,2235"/>
                <TextEquiv>
                    <Unicode>einnahm? In dem Falle Fichtner=Wegrath spricht</Unicode>
                </TextEquiv>
            </TextLine>
            <TextLine id="r1l59" custom="readingOrder {index:58;}">
                <Coords points="308,2300 2110,2276 2288,2259 2288,2207 308,2215"/>
                <Baseline points="325,2277 422,2275 519,2274 616,2273 713,2272 810,2270 907,2269 1005,2268 1102,2268 1199,2267 1296,2266 1393,2265 1490,2264 1587,2263 1685,2262 1782,2261 1879,2259 1976,2258 2073,2256 2170,2254 2268,2252"/>
                <TextEquiv>
                    <Unicode>Frauengestalt des Stückes — die Schauspielerin keit steckt in den Dingen oft viel tiefer als man</Unicode>
                </TextEquiv>
            </TextLine>
            <TextLine id="r1l60" custom="readingOrder {index:59;}">
                <Coords points="2292,2312 3135,2285 3134,2237 2291,2249"/>
                <Baseline points="2309,2292 2349,2291 2389,2291 2430,2291 2470,2291 2511,2290 2551,2290 2591,2290 2632,2290 2672,2290 2713,2289 2753,2289 2793,2289 2834,2288 2874,2288 2915,2287 2955,2286 2995,2286 3036,2285 3076,2284 3117,2283"/>
                <TextEquiv>
                    <Unicode>sich Schnitzler zugunsten des letzteren aus.</Unicode>
                </TextEquiv>
            </TextLine>
            <TextLine id="r1l61" custom="readingOrder {index:60;}">
                <Coords points="1307,2319 2288,2316 2287,2253 1306,2270"/>
                <Baseline points="1325,2313 1372,2313 1419,2313 1466,2312 1513,2312 1561,2312 1608,2312 1655,2311 1702,2311 1749,2310 1797,2310 1844,2309 1891,2308 1938,2308 1985,2307 2033,2306 2080,2304 2127,2303 2174,2302 2221,2301 2269,2299"/>
                <TextEquiv>
                    <Unicode>ahnt,“ recht gibt. Wie eine Kassandra wandelt</Unicode>
                </TextEquiv>
            </TextLine>
            <TextLine id="r1l62" custom="readingOrder {index:61;}">
                <Coords points="311,2337 1307,2323 1306,2271 1154,2265 311,2289"/>
                <Baseline points="331,2329 378,2327 426,2325 474,2324 522,2323 570,2322 618,2321 665,2321 713,2321 761,2320 809,2320 857,2320 905,2320 953,2320 1000,2319 1048,2319 1096,2318 1144,2318 1192,2317 1240,2315 1288,2314"/>
                <TextEquiv>
                    <Unicode>Irene Herms. Voll Wärme und Temperament</Unicode>
                </TextEquiv>
            </TextLine>
            <TextLine id="r1l63" custom="readingOrder {index:62;}">
                <Coords points="2358,2352 3198,2362 3309,2346 3309,2294 3153,2273 2930,2306 2358,2304"/>
                <Baseline points="2377,2349 2422,2348 2468,2348 2513,2348 2559,2348 2605,2347 2650,2347 2696,2347 2742,2347 2787,2346 2833,2346 2879,2346 2924,2345 2970,2345 3016,2344 3061,2343 3107,2342 3153,2341 3198,2340 3244,2339 3290,2338"/>
                <TextEquiv>
                    <Unicode>Die schöne Gabriele hat den egoistischend</Unicode>
                </TextEquiv>
            </TextLine>
            <TextLine id="r1l64" custom="readingOrder {index:63;}">
                <Coords points="1286,2386 2300,2360 2299,2300 1352,2329 1285,2293"/>
                <Baseline points="1305,2362 1353,2361 1402,2360 1451,2359 1500,2358 1549,2357 1597,2357 1646,2356 1695,2356 1744,2356 1793,2356 1841,2355 1890,2355 1939,2355 1988,2354 2037,2354 2085,2353 2134,2352 2183,2351 2232,2349 2281,2348"/>
                <TextEquiv>
                    <Unicode>Johanna unheilverkündend einher. Mit geschärften</Unicode>
                </TextEquiv>
            </TextLine>
            <TextLine id="r1l65" custom="readingOrder {index:64;}">
                <Coords points="313,2384 1313,2377 1312,2322 1260,2319 313,2336"/>
                <Baseline points="331,2374 379,2374 427,2374 475,2374 523,2374 571,2373 619,2373 667,2372 715,2371 763,2371 811,2370 859,2369 907,2368 955,2367 1003,2366 1051,2366 1099,2365 1147,2364 1195,2363 1243,2362 1292,2362"/>
                <TextEquiv>
                    <Unicode>und dabei ganz erfüllt von echtester Weiblichkeit.</Unicode>
                </TextEquiv>
            </TextLine>
            <TextLine id="r1l66" custom="readingOrder {index:65;}">
                <Coords points="2274,2412 3218,2403 3314,2391 3314,2343 2273,2345"/>
                <Baseline points="2293,2398 2343,2398 2393,2397 2443,2397 2493,2397 2543,2397 2593,2396 2644,2396 2694,2396 2744,2395 2794,2395 2844,2395 2894,2394 2944,2394 2995,2393 3045,2393 3095,2392 3145,2391 3195,2390 3245,2388 3296,2387"/>
                <TextEquiv>
                    <Unicode>Künstler Julian Fichtner geliebt und da sie A</Unicode>
                </TextEquiv>
            </TextLine>
            <TextLine id="r1l67" custom="readingOrder {index:66;}">
                <Coords points="310,2433 2297,2415 2297,2352 309,2374"/>
                <Baseline points="327,2425 424,2423 522,2422 619,2421 717,2419 814,2418 912,2416 1009,2415 1107,2414 1204,2413 1302,2412 1399,2411 1497,2409 1594,2408 1692,2407 1789,2406 1887,2404 1984,2403 2082,2402 2179,2400 2277,2399"/>
                <TextEquiv>
                    <Unicode>Lieblich und anmutsvoll ist auch die Landschaft, Sinnen blickt sie in die Vergangenheit und</Unicode>
                </TextEquiv>
            </TextLine>
            <TextLine id="r1l68" custom="readingOrder {index:67;}">
                <Coords points="315,2482 3317,2443 315,2422"/>
                <Baseline points="334,2472 482,2470 630,2468 778,2466 926,2464 1075,2462 1223,2460 1371,2458 1519,2457 1667,2455 1816,2453 1964,2451 2112,2450 2260,2448 2408,2446 2557,2445 2705,2443 2853,2442 3001,2440 3149,2438 3298,2437"/>
                <TextEquiv>
                    <Unicode>die mit den Personen so innig verwoben ist, lauscht den Stimmen der Zukunzt. Einst hat sie dieser in seinem Drange nach Ungebundenheit</Unicode>
                </TextEquiv>
            </TextLine>
            <TextLine id="r1l69" custom="readingOrder {index:68;}">
                <Coords points="321,2541 3312,2489 320,2470"/>
                <Baseline points="338,2523 485,2520 633,2517 781,2515 928,2512 1076,2510 1224,2509 1371,2507 1519,2505 1667,2504 1815,2502 1962,2501 2110,2499 2258,2498 2405,2496 2553,2494 2701,2492 2848,2490 2996,2487 3144,2485 3292,2482"/>
                <TextEquiv>
                    <Unicode>daß sie mit diesen beinahe ein Ganzes bildet, als lydische Sklavin auf einer griechischen Insel verlassen, dessen Freund, den Pflichtenmenschenn</Unicode>
                </TextEquiv>
            </TextLine>
            <TextLine id="r1l70" custom="readingOrder {index:69;}">
                <Coords points="412,2585 3127,2558 3323,2482 411,2540"/>
                <Baseline points="429,2568 572,2565 716,2563 860,2561 1004,2559 1148,2557 1292,2555 1435,2554 1579,2552 1723,2551 1867,2550 2011,2548 2155,2547 2299,2546 2442,2544 2586,2543 2730,2541 2874,2539 3018,2537 3162,2534 3306,2531"/>
                <TextEquiv>
                    <Unicode>„Die Blätter sind rot, der Himmel ist blaß getanzt und so kann sie denn auch im Geiste Wegrath geheiratet. Professor Wegrath hält den ##</Unicode>
                </TextEquiv>
            </TextLine>
            <TextLine id="r1l71" custom="readingOrder {index:70;}">
                <Coords points="2289,2601 3273,2607 3310,2595 3310,2536 2288,2549"/>
                <Baseline points="2306,2594 2355,2593 2404,2592 2454,2591 2503,2591 2552,2590 2602,2589 2651,2589 2700,2588 2750,2588 2799,2587 2848,2586 2898,2586 2947,2585 2996,2585 3046,2584 3095,2583 3144,2583 3194,2582 3243,2581 3293,2580"/>
                <TextEquiv>
                    <Unicode>im ersten Jahre gebornen Sohn für den seinen</Unicode>
                </TextEquiv>
            </TextLine>
            <TextLine id="r1l72" custom="readingOrder {index:71;}">
                <Coords points="322,2638 2157,2611 2298,2550 321,2571"/>
                <Baseline points="339,2615 436,2614 533,2613 630,2612 727,2611 824,2610 921,2609 1018,2608 1115,2607 1212,2607 1309,2606 1406,2605 1503,2604 1600,2603 1697,2601 1794,2600 1891,2599 1988,2598 2085,2596 2182,2594 2279,2593"/>
                <TextEquiv>
                    <Unicode>und fern — und der Tag ist noch viel schöner ihrem Freunde ins alte Etbatana folgen, das</Unicode>
                </TextEquiv>
            </TextLine>
            <TextLine id="r1l73" custom="readingOrder {index:72;}">
                <Coords points="1303,2672 3328,2628 1303,2609"/>
                <Baseline points="1322,2654 1421,2652 1520,2650 1619,2648 1719,2647 1818,2645 1917,2644 2017,2643 2116,2642 2215,2641 2315,2641 2414,2640 2513,2639 2612,2638 2712,2637 2811,2636 2910,2635 3010,2634 3109,2632 3208,2631 3308,2629"/>
                <TextEquiv>
                    <Unicode>dieser aus sechstausendjährigem Schutte heraus= und läßt ihm auch alle Liebe zuteil werden, die u</Unicode>
                </TextEquiv>
            </TextLine>
            <TextLine id="r1l74" custom="readingOrder {index:73;}">
                <Coords points="306,2660 1287,2664 1320,2656 1320,2604 851,2598 722,2629 305,2593"/>
                <Baseline points="325,2663 373,2663 422,2663 471,2663 520,2663 569,2662 617,2662 666,2662 715,2661 764,2660 813,2660 861,2659 910,2659 959,2658 1008,2657 1057,2656 1105,2656 1154,2655 1203,2654 1252,2653 1301,2652"/>
                <TextEquiv>
                    <Unicode>und trauriger, als ich ihn je hätte ahnen können.</Unicode>
                </TextEquiv>
            </TextLine>
            <TextLine id="r1l75" custom="readingOrder {index:74;}">
                <Coords points="309,2742 3310,2634 308,2660"/>
                <Baseline points="327,2714 475,2712 623,2711 771,2709 919,2707 1068,2705 1216,2703 1364,2701 1512,2699 1660,2697 1809,2695 1957,2693 2105,2691 2253,2690 2401,2688 2550,2686 2698,2684 2846,2683 2994,2681 3142,2680 3291,2678"/>
                <TextEquiv>
                    <Unicode>Und ich erlebe ihn in Deinem Garten und spiegle graben und in marmorner Herrlichkeit wieder=ein guter Vater seinem Kinde entgegenbringt.g</Unicode>
                </TextEquiv>
            </TextLine>
            <TextLine id="r1l76" custom="readingOrder {index:75;}">
                <Coords points="313,2760 3315,2730 313,2705"/>
                <Baseline points="333,2762 481,2761 629,2759 777,2757 925,2755 1073,2754 1221,2752 1370,2750 1518,2748 1666,2746 1814,2744 1962,2742 2110,2740 2258,2738 2407,2736 2555,2734 2703,2733 2851,2731 2999,2730 3147,2728 3296,2726"/>
                <TextEquiv>
                    <Unicode>mich in Deinem Teich“ sagt Johanna Wegrath zu erstehen lassen will. Ihre krankhaft verfeinerten Kurz nach dem Tode seiner Mutter erfährt Leut¬</Unicode>
                </TextEquiv>
            </TextLine>
            <TextLine id="r1l77" custom="readingOrder {index:76;}">
                <Coords points="315,2816 3324,2773 314,2760"/>
                <Baseline points="333,2811 481,2809 630,2808 778,2806 927,2804 1075,2802 1224,2801 1372,2798 1521,2797 1669,2795 1818,2793 1967,2791 2115,2789 2264,2787 2412,2785 2561,2783 2709,2781 2858,2779 3006,2777 3155,2775 3304,2774"/>
                <TextEquiv>
                    <Unicode>ihrem Geliebten, dem Herrn von Sala. Den Nerven fühlen jegliche Art von Widerwärtigkeit nant Felix Wegrath das Geheimnis seiner Geburt, 2</Unicode>
                </TextEquiv>
            </TextLine>
            <TextLine id="r1l78" custom="readingOrder {index:77;}">
                <Coords points="1311,2853 3313,2830 3279,2771 1310,2805"/>
                <Baseline points="1330,2846 1428,2845 1526,2843 1624,2842 1722,2841 1821,2840 1919,2839 2017,2837 2115,2836 2213,2835 2312,2834 2410,2833 2508,2832 2606,2831 2704,2830 2803,2829 2901,2828 2999,2827 3097,2825 3195,2824 3294,2823"/>
                <TextEquiv>
                    <Unicode>in verstärktem Maße. Das Häßliche macht ihr und zwar durch niemand anderen als durch</Unicode>
                </TextEquiv>
            </TextLine>
            <TextLine id="r1l79" custom="readingOrder {index:78;}">
                <Coords points="311,2863 1214,2863 1314,2854 1314,2809 311,2815"/>
                <Baseline points="331,2858 379,2859 427,2859 475,2858 524,2858 572,2857 620,2856 668,2855 717,2854 765,2853 813,2852 861,2851 910,2850 958,2849 1006,2848 1054,2847 1103,2847 1151,2846 1199,2846 1247,2846 1296,2847"/>
                <TextEquiv>
                    <Unicode>wundersamen Zauber dieser idyllischen Park¬</Unicode>
                </TextEquiv>
            </TextLine>
            <TextLine id="r1l80" custom="readingOrder {index:79;}">
                <Coords points="313,2928 3307,2855 312,2861"/>
                <Baseline points="333,2909 480,2906 628,2904 776,2901 924,2899 1072,2897 1219,2896 1367,2894 1515,2892 1663,2891 1811,2889 1958,2887 2106,2886 2254,2884 2402,2883 2550,2881 2697,2879 2845,2878 2993,2876 3141,2874 3289,2871"/>
                <TextEquiv>
                    <Unicode>szene hätte die seine Künstlerhand eines Moritz Pein und so bildet sie sich schon aus diesem Grunde Fichtner, der den jungen Mann für sich ge¬</Unicode>
                </TextEquiv>
            </TextLine>
            <TextLine id="r1l81" custom="readingOrder {index:80;}">
                <Coords points="312,2969 3314,2923 3283,2853 312,2928"/>
                <Baseline points="331,2955 479,2953 627,2951 775,2949 923,2948 1071,2946 1219,2944 1368,2942 1516,2940 1664,2938 1812,2937 1960,2935 2108,2933 2256,2932 2405,2930 2553,2928 2701,2927 2849,2926 2997,2924 3145,2923 3294,2922"/>
                <TextEquiv>
                    <Unicode>v. Schwind in voller Schönheit festhalten zur Aesthetin. Ihre Erklärung, daß sie ihre winnen möchte. Der junge Offizier hat für die</Unicode>
                </TextEquiv>
            </TextLine>
            <TextLine id="r1l82" custom="readingOrder {index:81;}">
                <Coords points="2295,2987 3034,2969 3102,2994 3298,2972 3297,2917 2294,2935"/>
                <Baseline points="2312,2980 2360,2980 2408,2980 2456,2980 2505,2980 2553,2980 2601,2979 2650,2978 2698,2977 2746,2977 2795,2976 2843,2975 2891,2974 2939,2973 2988,2972 3036,2971 3084,2970 3133,2970 3181,2969 3229,2969 3278,2968"/>
                <TextEquiv>
                    <Unicode>plötzlich geoffenbarten Vatergefühle Fichtners</Unicode>
                </TextEquiv>
            </TextLine>
            <TextLine id="r1l83" custom="readingOrder {index:82;}">
                <Coords points="320,3002 2293,2998 2292,2942 2199,2932 320,2961"/>
                <Baseline points="338,3002 434,3000 531,2999 628,2998 725,2997 822,2996 919,2995 1015,2994 1112,2993 1209,2992 1306,2991 1403,2989 1500,2988 1597,2987 1693,2986 1790,2985 1887,2984 1984,2983 2081,2982 2178,2980 2275,2979"/>
                <TextEquiv>
                    <Unicode>können. Mit dem Unterschiede freilich, daß der Mutter nicht mehr liebe, seitdem diese krank sei,</Unicode>
                </TextEquiv>
            </TextLine>
            <TextLine id="r1l84" custom="readingOrder {index:83;}">
                <Coords points="2296,3032 3288,3018 3287,2973 2296,2988"/>
                <Baseline points="2315,3024 2362,3025 2410,3026 2457,3027 2505,3027 2553,3027 2600,3027 2648,3026 2696,3026 2743,3025 2791,3024 2839,3023 2886,3022 2934,3021 2982,3021 3029,3020 3077,3019 3125,3018 3172,3018 3220,3018 3268,3018"/>
                <TextEquiv>
                    <Unicode>kein Verständnis. Ihm gilt derjenige als sein</Unicode>
                </TextEquiv>
            </TextLine>
            <TextLine id="r1l85" custom="readingOrder {index:84;}">
                <Coords points="317,3061 2293,3059 2214,2982 316,3009"/>
                <Baseline points="334,3052 431,3050 528,3048 625,3047 722,3046 819,3045 916,3044 1013,3043 1110,3042 1207,3041 1305,3040 1402,3039 1499,3038 1596,3037 1693,3035 1790,3034 1887,3032 1984,3031 2081,3029 2178,3027 2276,3025"/>
                <TextEquiv>
                    <Unicode>Grundton des Gemäldes um vieles heiterer kann unter diesen Umständen nicht als Gefühls¬</Unicode>
                </TextEquiv>
            </TextLine>
            <TextLine id="r1l86" custom="readingOrder {index:85;}">
                <Coords points="2273,3101 3295,3078 3294,3015 2834,3043 2272,3023"/>
                <Baseline points="2293,3073 2342,3074 2391,3075 2440,3076 2489,3076 2538,3076 2587,3076 2637,3075 2686,3075 2735,3074 2784,3073 2833,3072 2882,3071 2931,3070 2981,3069 3030,3068 3079,3067 3128,3067 3177,3066 3226,3066 3276,3066"/>
                <TextEquiv>
                    <Unicode>Vater, der sich ihm bisher als solcher erwiesen</Unicode>
                </TextEquiv>
            </TextLine>
            <TextLine id="r1l87" custom="readingOrder {index:86;}">
                <Coords points="1304,3090 1371,3111 1438,3091 1806,3096 1805,3055 1738,3041 1430,3040 1304,3060"/>
                <Baseline points="1321,3087 1346,3088 1372,3088 1398,3088 1424,3088 1450,3087 1476,3087 1502,3086 1528,3086 1554,3085 1579,3085 1605,3084 1631,3084 1657,3083 1683,3082 1709,3082 1735,3081 1761,3081 1787,3081"/>
                <TextEquiv>
                    <Unicode>armut gedeutet werden.</Unicode>
                </TextEquiv>
            </TextLine>
            <TextLine id="r1l88" custom="readingOrder {index:87;}">
                <Coords points="325,3108 1276,3103 1321,3098 1320,3046 324,3060"/>
                <Baseline points="342,3104 390,3102 438,3101 486,3099 534,3098 582,3097 630,3096 678,3096 726,3095 774,3094 822,3093 870,3093 918,3092 966,3091 1014,3091 1062,3090 1110,3089 1158,3088 1206,3087 1254,3086 1303,3085"/>
                <TextEquiv>
                    <Unicode>gestimmt gewesen wäre, als Artur Schnitzlers</Unicode>
                </TextEquiv>
            </TextLine>
            <TextLine id="r1l89" custom="readingOrder {index:88;}">
                <Coords points="2285,3147 2393,3119 2846,3132 2872,3105 2965,3134 3296,3130 3295,3066 2285,3080"/>
                <Baseline points="2303,3129 2351,3127 2400,3125 2449,3124 2498,3123 2546,3122 2595,3122 2644,3121 2693,3121 2741,3121 2790,3121 2839,3120 2888,3120 2936,3119 2985,3119 3034,3118 3083,3117 3131,3116 3180,3115 3229,3113 3278,3111"/>
                <TextEquiv>
                    <Unicode>hat. Und so wendet er sich Wegrath zu, der</Unicode>
                </TextEquiv>
            </TextLine>
            <TextLine id="r1l90" custom="readingOrder {index:89;}">
                <Coords points="1379,3142 2300,3136 2299,3062 1932,3082 1898,3056 1724,3107 1378,3097"/>
                <Baseline points="1396,3138 1440,3137 1484,3136 1528,3136 1573,3135 1617,3134 1661,3133 1706,3133 1750,3132 1794,3131 1839,3131 1883,3130 1927,3129 1971,3128 2016,3128 2060,3127 2104,3127 2149,3127 2193,3126 2237,3126 2282,3126"/>
                <TextEquiv>
                    <Unicode>Johanna weiß das Ende ihrer Mutter</Unicode>
                </TextEquiv>
            </TextLine>
            <TextLine id="r1l91" custom="readingOrder {index:90;}">
                <Coords points="327,3158 1047,3137 1337,3163 1336,3089 808,3077 326,3120"/>
                <Baseline points="344,3149 392,3148 441,3147 489,3146 538,3145 587,3145 635,3144 684,3143 733,3142 781,3142 830,3141 879,3140 927,3140 976,3139 1025,3139 1073,3138 1122,3138 1171,3137 1219,3137 1268,3137 1317,3137"/>
                <TextEquiv>
                    <Unicode>vom Hauche der Trauer berührte Neoromantik.</Unicode>
                </TextEquiv>
            </TextLine>
            <TextLine id="r1l92" custom="readingOrder {index:91;}">
                <Coords points="2292,3177 3016,3160 3295,3187 3294,3109 2291,3136"/>
                <Baseline points="2312,3172 2360,3172 2408,3172 2456,3172 2505,3172 2553,3171 2601,3171 2650,3171 2698,3170 2746,3170 2795,3169 2843,3168 2891,3168 2939,3167 2988,3166 3036,3165 3084,3165 3133,3163 3181,3162 3229,3161 3278,3160"/>
                <TextEquiv>
                    <Unicode>nach dem Unglück mit der Gattin und Tochter</Unicode>
                </TextEquiv>
            </TextLine>
            <TextLine id="r1l93" custom="readingOrder {index:92;}">
                <Coords points="1309,3196 2297,3185 2297,3133 1308,3125"/>
                <Baseline points="1329,3182 1376,3182 1424,3182 1471,3182 1519,3182 1566,3182 1614,3182 1661,3181 1709,3181 1756,3181 1804,3180 1852,3179 1899,3179 1947,3178 1994,3177 2042,3176 2089,3176 2137,3175 2184,3174 2232,3173 2280,3172"/>
                <TextEquiv>
                    <Unicode>voraus, wie sie vorher das Ende von Salas</Unicode>
                </TextEquiv>
            </TextLine>
            <TextLine id="r1l94" custom="readingOrder {index:93;}">
                <Coords points="414,3211 1331,3201 1331,3145 413,3148"/>
                <Baseline points="431,3193 475,3194 519,3194 563,3195 607,3195 651,3194 695,3194 739,3193 783,3192 827,3191 871,3190 915,3189 959,3188 1003,3187 1047,3186 1091,3185 1135,3185 1179,3184 1223,3184 1267,3184 1312,3184"/>
                <TextEquiv>
                    <Unicode>Um jene Uebergangszeit vom Naturalismus</Unicode>
                </TextEquiv>
            </TextLine>
            <TextLine id="r1l95" custom="readingOrder {index:94;}">
                <Coords points="2294,3227 3297,3245 3296,3186 3222,3168 2293,3179"/>
                <Baseline points="2313,3222 2361,3222 2409,3221 2457,3221 2505,3221 2554,3220 2602,3220 2650,3220 2698,3220 2746,3220 2795,3220 2843,3220 2891,3220 2939,3220 2987,3220 3036,3220 3084,3219 3132,3219 3180,3218 3228,3217 3277,3216"/>
                <TextEquiv>
                    <Unicode>seiner doppelt bedarf. Fichtner muß den ein¬</Unicode>
                </TextEquiv>
            </TextLine>
            <TextLine id="r1l96" custom="readingOrder {index:95;}">
                <Coords points="327,3262 2303,3191 326,3184"/>
                <Baseline points="345,3245 447,3244 549,3243 651,3242 753,3241 855,3241 957,3240 1059,3239 1161,3237 1263,3236 1365,3235 1467,3234 1569,3233 1671,3231 1773,3230 1875,3229 1977,3227 2079,3226 2181,3224 2284,3223"/>
                <TextEquiv>
                    <Unicode>zur neuerstandenen Romantik, in der Schnitzlers kleinem Töchterchen geahnt hatte und sie rückt</Unicode>
                </TextEquiv>
            </TextLine>
            <TextLine id="r1l97" custom="readingOrder {index:96;}">
                <Coords points="324,3299 2914,3277 324,3265"/>
                <Baseline points="342,3297 469,3297 597,3296 724,3295 852,3293 980,3292 1107,3290 1235,3288 1362,3287 1490,3285 1618,3283 1745,3281 1873,3279 2000,3277 2128,3275 2256,3274 2383,3272 2511,3271 2638,3270 2766,3270 2894,3269"/>
                <TextEquiv>
                    <Unicode>Stück geschaffen wurde und die uns trotz ihrer sihrer Natur entsprechend, von der Totgeweihten samen Weg weiter wandern.</Unicode>
                </TextEquiv>
            </TextLine>
            <TextEquiv>
                <Unicode>box 23/4
18. Der einsane Neg
I
E
szeitlichen Nähe seelisch ferner liegt als die lebens=fab. Da sie auch das nahe Eide des leidenden
volle Romantik der Biedermeierepoche, sprach man! Sala, den sie vom Herzen liebt, als unabwend¬ K
Der einsame Weg.
Schauspiel in fünf Akten von Artur Schnihler gar viel und tiefsinnig über den Tod und das bar erkennt, ertränkt sie sich im Teiche seines
Schlosses.
Zum erstenmale aufgeführt im Burglheater am Sterben. Auch Artur Schnitzlers Helden kranken
Der tragische Tod dieser beiden seltsam
daran. Sein keck=frivoler Anatol ist nachdenklich
19. Februar 1914.
empfindenden und tiefen Menschen ist aber im st
geworden und stellt nun als gealterter Herr von
Mit der Aufführung des Schauspieles „Der
14
Grunde nichts mehr als eine bloße Episode,
Sala die trübselige Frage: „Gibt es einen an¬
einsame Weg“ hat, das Burgtheater gestern eine
ein aufschluchzendes Adagio in der gewaltigen in
ständigen Menschen, der in irgendeiner guten
alte Dankesschuld an Artur Schnitzler abge¬
Sinfonie des ganzen Stückes. Das Grundthema, g
Stunde in tiefster Seele an etwas anderes als
tragen. Wenn auch das Stück über Berlin nach

das sich um eine konkrete sittliche Forderung d
an das Sterben denke?“
Wien gelangt ist, so nahm es dennoch von
handelt, hat mit der beiden Schicksal nichts
4 Solcher Todesgedanken und Stimmungen
Oesterreich seinen Ausgang. Bei aller tief¬
gemein. Mit aller Präzision hat hier der Dichter 9
schürfenden Psychologie, deren Ursprünge auf die gibt es in dem Stücke gar viele, gleich dunklen
Nordländer und insbesondere auf Ibsen zurück= Wolken erscheinen sie am Horizont der Dichtung s eine Frage gestellt und mit voller Deutlichkeitn
Antwort darauf gegeben.
reichen mögen ist diese Dichtung im innersten und selten nur durchbricht ein Strahl erwärmen¬
Hat der natürliche Vater eines Kindes, der ##
Kerne ihres Wesens doch heimatlich. Oester= den Humors das finstere. Gewölk.
„Ich habe einmal im Traum eine Frühlings=sich um dessen Erziehung und Fortkommen nichtp
reichisch fühlen und denken diese Menschen in
im mindesten bekümmerte, noch irgendwie An¬e
landschaft gesehen, ganz sonnig und mild, und
ihrer vom Hauche sanfter Melancholie umflossenen
spruch auf dieses Kind oder wird er nicht viel¬
doch hab' ich über sie weinen müssen,“ bemerkt
in ihrem von erlesenster Kultur ge¬
Art,

mehr aller Rechte verlustig zugunsten desjenigen,
die melancholische Johanna zu ihrem Freunde
adelten Schönheitsempfinden.
Y
der in der Sorge um das Kind seine Stellen
Sala, der ihr mit deu Worten: „Ja, die Traurig¬
Wienerisch vor allem ist die prächtigste
einnahm? In dem Falle Fichtner=Wegrath spricht
Frauengestalt des Stückes — die Schauspielerin keit steckt in den Dingen oft viel tiefer als man
sich Schnitzler zugunsten des letzteren aus.
ahnt,“ recht gibt. Wie eine Kassandra wandelt
Irene Herms. Voll Wärme und Temperament
Die schöne Gabriele hat den egoistischend
Johanna unheilverkündend einher. Mit geschärften
und dabei ganz erfüllt von echtester Weiblichkeit.
Künstler Julian Fichtner geliebt und da sie A
Lieblich und anmutsvoll ist auch die Landschaft, Sinnen blickt sie in die Vergangenheit und
die mit den Personen so innig verwoben ist, lauscht den Stimmen der Zukunzt. Einst hat sie dieser in seinem Drange nach Ungebundenheit
daß sie mit diesen beinahe ein Ganzes bildet, als lydische Sklavin auf einer griechischen Insel verlassen, dessen Freund, den Pflichtenmenschenn
„Die Blätter sind rot, der Himmel ist blaß getanzt und so kann sie denn auch im Geiste Wegrath geheiratet. Professor Wegrath hält den ##
im ersten Jahre gebornen Sohn für den seinen
und fern — und der Tag ist noch viel schöner ihrem Freunde ins alte Etbatana folgen, das
dieser aus sechstausendjährigem Schutte heraus= und läßt ihm auch alle Liebe zuteil werden, die u
und trauriger, als ich ihn je hätte ahnen können.
Und ich erlebe ihn in Deinem Garten und spiegle graben und in marmorner Herrlichkeit wieder=ein guter Vater seinem Kinde entgegenbringt.g
mich in Deinem Teich“ sagt Johanna Wegrath zu erstehen lassen will. Ihre krankhaft verfeinerten Kurz nach dem Tode seiner Mutter erfährt Leut¬
ihrem Geliebten, dem Herrn von Sala. Den Nerven fühlen jegliche Art von Widerwärtigkeit nant Felix Wegrath das Geheimnis seiner Geburt, 2
in verstärktem Maße. Das Häßliche macht ihr und zwar durch niemand anderen als durch
wundersamen Zauber dieser idyllischen Park¬
szene hätte die seine Künstlerhand eines Moritz Pein und so bildet sie sich schon aus diesem Grunde Fichtner, der den jungen Mann für sich ge¬
v. Schwind in voller Schönheit festhalten zur Aesthetin. Ihre Erklärung, daß sie ihre winnen möchte. Der junge Offizier hat für die
plötzlich geoffenbarten Vatergefühle Fichtners
können. Mit dem Unterschiede freilich, daß der Mutter nicht mehr liebe, seitdem diese krank sei,
kein Verständnis. Ihm gilt derjenige als sein
Grundton des Gemäldes um vieles heiterer kann unter diesen Umständen nicht als Gefühls¬
Vater, der sich ihm bisher als solcher erwiesen
armut gedeutet werden.
gestimmt gewesen wäre, als Artur Schnitzlers
hat. Und so wendet er sich Wegrath zu, der
Johanna weiß das Ende ihrer Mutter
vom Hauche der Trauer berührte Neoromantik.
nach dem Unglück mit der Gattin und Tochter
voraus, wie sie vorher das Ende von Salas
Um jene Uebergangszeit vom Naturalismus
seiner doppelt bedarf. Fichtner muß den ein¬
zur neuerstandenen Romantik, in der Schnitzlers kleinem Töchterchen geahnt hatte und sie rückt
Stück geschaffen wurde und die uns trotz ihrer sihrer Natur entsprechend, von der Totgeweihten samen Weg weiter wandern.</Unicode>
            </TextEquiv>
        </TextRegion>
    </Page>
</PcGts>
