3436 4352
1413 345 1852 440 box 23/1
249 349 1258 459 18. Der einsane Neg
913 1183 1369 1264 Telephon 12801.
526 1272 1748 1345 Alex. Weigl’s Unternehmen für Zeitungs-Ausschnitte
648 1332 1693 1504 / L„OBSERVEP“
1388 1417 1466 1484 1
1561 1393 1797 1492 Nr. 84
422 1474 1871 1529 L. österr. behördl. conc. Bureau für Zeitungsberichte u. Personalnachrichten
692 1542 1606 1607 Wien, I., Concondiaplatz 4.
430 1620 1868 1674 Vertretungen in Berlin, Budapest, Chicago, Geuf, London, Newyork, Paris, Rom,
794 1651 1507 1717 Stockholm, Kristiania, St. Petersburg.
419 1773 962 1864 Ausschnitt aus:
1093 1807 1786 1915 Berliher Wgesfatt
766 1902 1026 1993 T 1900
418 1888 770 2007 vom: —
763 2298 1442 2391 Die letzten Premieren.
717 2357 1476 2439 Schnitzler: „Der einsame Weg“.
606 2428 1575 2492 Man altert. Konnt' einst ihn der Beifall berauschen,
612 2467 1514 2539 Jetzt will mit der Ruhe er gern ihn vertauschen.
617 2511 1394 2570 Ein# waren es sel'ge „lebendige Stunden“,
619 2538 1520 2619 Jetzt hat er den „einsamen Weg“ gesunden.
893 2620 1400 2692 Bezugs-Bedingungen:
423 2687 1601 2740 Für 50 Zeitungsausschnitte (Artikel oder Notizen) Kr. 15.—
1646 2673 1845 2745 inclusive
1496 2706 1635 2776 28.—
534 2724 638 2775 100
1493 2758 1615 2804 50.—
526 2760 631 2817 200
1627 2769 1835 2824 Zahlbar
1484 2796 1612 2844 110.—
523 2799 638 2847 500
1476 2813 1868 2891 200.— im Voraus.
507 2834 640 2894 1000
465 2858 507 2896 „
550 2871 1867 2933 Im Gegensatze zu anderen Bureaux für Zeitungsausschnitte ist das
423 2919 1862 2966 Abonnement durch keine bestimmte Zeitdauer begrenzt; — auch steht es den
423 2970 1748 3030 Abonnenten frei die aufgegebenen Themen zu ergänzen oder zu ändern.
550 3029 1860 3090 Der „OBSERVER“ veranstaltet täglich einen Auszug enthaltend die
426 3088 1857 3131 Inhaltsangabe aller wichtigen Mitthellungen der Wiener Morgen¬
432 3130 1860 3183 blätter (Tagesjournale ausser „Neue Freie Presse“ und „Wiener Zeitung“)
429 3163 1862 3215 wedurch eine Uebersicht über das gesammte politische und wirthschaftliche
428 3201 1861 3260 Leben des In- und Auslandes in drastischer Kürze geboten wird. Diese Mit¬
432 3250 1460 3315 sheilungen werden in Wien um 9 Uhr Früh verschickt.
755 3323 1532 3402 Prospecte gnatis und fnanco.
909 3389 1464 3460 Quellenangabe ohne Gewähr.
2071 973 2907 1115 Dr. Max Goldschmidt
2188 1078 2780 1173 „ Bureau für
2227 1151 2749 1247 Zeitungsausschnitte
1986 1200 2986 1318 verbunden mit direktem Nachrichtendienst durch
2232 1282 2764 1354 eisene Korrespondenten.
2524 1300 2936 1401 Telephon: III, 3051.
2041 1357 2410 1431 Berlin N. 24.
1998 1382 2940 1474 —
2277 1450 2718 1542 Ausschnitt aus
2213 1513 2990 1647 Namburgischer Correspondem
2431 1716 2798 1845 13 FEB. 1904
2080 2268 3136 2360 □0 Arthur Schnitzlers neues Stück.2 „Der ein¬
2027 2340 3121 2384 same Weg—Schausptel in fünf Alten. Berlin. Deutsches
2041 2358 3120 2433 Theater, den 14. Februar. Daß dieser Fünfatter ein schlechtes
2040 2421 3124 2470 Theaterstück ist, hat der Abend der Aufführung bewiesen.
2030 2451 3122 2502 Man fühlte sich nicht nur gelangweilt, sondern auch in in¬
2041 2485 2957 2547 klaren oder zumindest in starken Zweifeln gelassen.
2106 2525 3120 2588 Man erfährt am Beginn, daß im Hause des akademischen
2037 2566 3118 2626 Malers Wegrath die Frau dem Tode verfallen und, wie
2035 2616 3119 2674 eben sie dem Arzt und Freund gegenüber andeutet, daß von
2036 2650 3118 2705 ihren beiden Kindern das ältere, ein Sohn, der Leutnant
2042 2683 3118 2741 geworden, nicht von rechtmäßiger Herkunft sei; von der
2035 2718 3127 2775 Tochter des Hauses ahnt man, daß sie einen älteren Be¬
2047 2759 3121 2819 kannten, den Dichter Stephan von Sala, liebt. Das sind
2037 2803 3126 2853 die beiden Geheimnisse, die sich den Personen des Stücks
2047 2837 3130 2903 langsam enthüllen sollen. Im zweiten Akt spricht Herr
2048 2875 3127 2930 v. Sala mit seinem Freund, dem Maler Fichtner — es ist
2046 2917 3126 2970 niemand anderer als der natürliche Vater des jungen
2045 2963 3129 3012 Wegrath. Dieser gealterte Künstler nun will — einsam,
2460 2997 3133 3058 seinen Sohn für sich reklamieren,
2046 3007 2383 3062 weer sich fühlt
2049 3034 3133 3089 und gerade kommt der junge Felix auch, in tiefer
2048 3073 3120 3130 Trauer, um ein Jugendvildnis seiner Mutter zu besichtigen.
2048 3111 3134 3167 Der Maler zeigt es, der Sohn findet es merkwürdig
2047 3150 3124 3199 und geheimnisvoll. Aus dem Bild glaubt er fast schon (wie
2035 3199 3133 3244 unwahrscheinlich!) sein wahres Verhältuis zu dem Maler zu
2043 3235 3125 3290 erkennen; aber zur Aussprache kommt es noch nicht; der
2037 3281 2332 3339 Vorhang fällt.
2123 3331 3132 3398 *) Die Buchausgabe des Schnitzler'schen Werkes ist
2045 3385 3134 3452 dieser Tage im Verlage von S. Fischer, Berlin, er¬
2026 3436 2286 3505 schienen.
