3436 4384
1364 431 1828 513 box 23/4
1037 444 1105 508 W
212 452 1220 546 18. Der einsan
933 1544 2068 1632 sondern gerade an dem späteren Schnitzler gemessen, erscheint
941 1606 2067 1679 „Der einsame Weg“ schon ein wenig veraltet, sind Schleier über
943 1660 2067 1739 ihn herabgesunken. Ich hatte es noch ganz anders in Erinne¬
931 1702 2077 1792 rung, ich fand zwar all die wunderschönen Stimmungen zwischen
936 1756 2075 1843 den Gegenden, Menschen und Schicksalen wieder, nur meine
936 1801 2080 1895 Stimmung, mein damaliges Entwicklungsbild Schnitzlers suchte
940 1857 2077 1940 ich vergebens wieder. Wen der Dichter in sein „Westes Land“
959 1915 2079 1987 geführt hat, der mag ungerecht geworden sein gegen die weichen,
957 1960 1750 2041 feinen Bedutten seines „Einsamen Weges“
1049 2004 2086 2095 Vielleicht waren es aber auch Regie und Darstellung im
970 2065 2097 2143 Burgtheater, die den Berliner Eindruck verwischten, statt ihn
141 2060 593 2192 hr Morgen Wien
962 2115 2091 2192 wieder aufleben zu lassen. Die Brahm=Leute kamen direkt von
966 2162 2096 2246 Ibsen zu Schnitzler. Brahm hatte den „Sinn für das Wesent¬
159 2160 419 2245 2. 1911
962 2212 2097 2293 liche“ an dem es den Regisseuren unserer Hofbühne zuweilen
974 2265 2102 2349 mangelt. Wo die Berliner ins Symbolische, fast Mystische stili¬
980 2311 2104 2397 sierten, stilisierte Deprient ins Pathetische. Sein Julian
145 2302 850 2412 Theater der Woche.
980 2361 2106 2449 Fichtner deklamierte ziemlich unwillig und gelangweilt, aber
148 2389 944 2464 #ater: Artur Schnitzler, „Derein¬
966 2425 2107 2498 pflichtgetreu darauf los. Stück und Rolle lagen diesem Künstler
141 2434 955 2519 as Stück ist etwa zehn Juhrevor acht
974 2459 2113 2553 nicht. Er ist ein Meisterspieler eherner und dabei tadellos frisier¬
149 2495 951 2556 une Uraufführung bei Brahm am Berliner
986 2509 2105 2593 ter Korrektheit oder unbiegsumen Hasses. Man darf ihn keine
146 2540 958 2633 t; die Wiener haben es bei den Gastspielen
981 2559 2106 2636 genialischen Weichlinge spielen lassen. Auch ist der Regisseur
160 2587 959 2679 ten gelernt. Bassermann gab den Herrn von
980 2610 2109 2689 nicht, der Fräulein Wohlgemuth hätte zu den Mitteln leiten
160 2646 958 2709 1 Julian Fichtner, Stieler Felix den Sohn
983 2666 2115 2748 können, mit denen eine Johanna Wegrath dem Verständnis des
161 2688 965 2772 ter den Professor Wegrath, Irene Triesch das
985 2719 2113 2797 Publikums näher gebracht werden könnte. Der Triesch hat man
162 2735 973 2811 Tod geliebter Wesen vorherfühlt, Else Leh¬
985 2760 2122 2846 solche Gestalten ohneweiters geglaubt, Fräulein Wohlgemuth
149 2792 967 2870 te Schauspielerin Herms. Schon damals war
990 2809 2130 2895 tastete ersichtlich angstvoll nach einem Führer, der sie auf diesem
156 2836 964 2925 Dichters, aber kein kräftiger, kein nachhaltiger
998 2872 2130 2945 schreckhaft einsamen Weg geleitet hätte. Sie war Fräulein und
156 2891 966 2966 faußen ging auch noch das Wienerische ver¬
997 2908 2136 2988 schön und mußte doch ungeleitet in den düsteren Teich unter
158 2935 965 3023 ssen Gestalten Farben leiht und einen wesent¬
992 2961 2162 3029 den dunklen Buchen des Herrn v. Sala nach Hause gehen.)
151 2983 972 3061 rschlagenen Lyrik bildet, an der dieses Werk
989 3005 2142 3086 Man hätte eben doch Frau Medelsky daran wagen müssen. Von
161 3042 972 3115 zu denjenigen Arbeiten des Dichters, die man
1004 3057 2142 3138 ihr wäre auch etwas Wärme auf den Sala Harry Waldens
170 3086 984 3165 Schwächen liebt. Er hat die Überzartheit, die
1005 3124 2139 3179 übergeströmt. In dieser durchaus achtenswerten Leistung, die
146 3136 976 3218 Verknüpfung in diesem Spitzengewebe selbst
1004 3155 2154 3252 von Akt zu Akt zu wachsen schien, war leider zu viel von #
156 3196 988 3258 eweist vor allem sein nächstes Werk: „Der Ruf
1006 3219 2145 3282 angestrengten Aufrecken zu merken. Man hatte das Gefühl, daß
164 3234 985 3307 in selbst sonst gerechter empfindende Kritiker
1002 3257 2147 3328 Walden sich geistig und körperlich auf die Zehenspitzen stellt,
168 3285 989 3361 Vorwurf einer Kolportagehandlung machten.
1005 3313 2147 3375 um zu der Rolle hinaufzureichen, sie fassen zu können. Dadurch
159 3349 985 3412 kt dieses Stückes ist übrigens ein Beispiel, wie
1003 3363 2142 3446 fliegt diesem Herrn v. Sala die Absichtlichkeit eines Poseurs
165 3383 994 3469 freieste dichterische Höhe sehr oft auf undra¬
1011 3404 2155 3490 an. Walden schien besonders in den beiden ersten Akten zu
176 3442 1000 3505 erreicht, Über den „Einsamen Weg“ ist er in
1010 3459 2157 3536 sorgsam um die Eleganz und Rundheit seiner weltmännischen
172 3501 993 3556 eit emporgelangt. Technik und dramatische
1013 3500 2156 3613 Überlegenheit bemüht. Er spielte Persönlichkeit, aber gerade
181 3536 1001 3620 either gewachsen. Nicht so sehr an und für sich,
2078 1507 3220 1606 die kann man nur dann fühlen lassen, wenn man selbst fest
2090 1556 3215 1646 davon überzeugt ist, daß man sie nicht darzustellen braucht, daß
2090 1610 3225 1715 man sie ganz einfach hat. Dennoch erreichte Walden im dritten
2092 1662 3230 1753 Akt in der großen Szene mit Fichtner und bei seinem Abschied
2098 1708 3219 1818 im letzten Akt künstlerisch alles, was seine Natur ihn er¬
2101 1792 2342 1864 reichen läßt.
2189 1781 3236 1899 Wundervoll echt und einfach war Frau Bleibtreu in
2099 1852 3237 1943 der Lehmann=Rolle. Hier ist Persönlichkeit, der die Mittel, sich
2101 1909 3238 2003 verständlich zu machen, nur so zuströmen. Schon ihr kultiviertes
2111 1957 3231 2046 Wienerisch war entzückend. Die — übrigens ergreifend schöne —
2105 2000 3242 2112 Szenerie im Garten des Herrn v. Sala wurde erst dann die
2108 2046 3251 2148 echte Wiener Herbstlandschaft, die sie sein sollte, als Frau
2114 2094 3252 2196 Bleibtreu ihr als Fräulein Herms huldigte. Sie war der Atem
2122 2148 3254 2254 dieser Landschaft. Aufrichtig wohl tut es mir, auch Herrn
2121 2205 3254 2301 Gerasch, der ja immer strebend sich bemüht, herzlich loben
2114 2248 3250 2349 zu können. Er hat die Haltung, die Herr v. Sala am heran¬
2129 2305 3257 2403 wachsenden Geschlecht lobt, und durfte in einer Temperiertheit
2125 2356 3266 2446 verharren, die ihm ersichtlich gut anschlägt. Auch Paulsen
2130 2403 3265 2505 als Professor Wegrath und Frau Hacherle als kranke,
2129 2460 3259 2556 von der Lüge ihre. Ehe verzehrte Mutter, bedurften keines
2137 2504 3269 2608 Führers; sie gaben sich unbekümmert um den Stil der anderen
2130 2560 3275 2641 und trafen sich so im Stil mit Frau Bleibtreu, obgleich sie ihr
2133 2609 3284 2725 im Stücke gar nicht begegnen. Sonst gibt es leider jetzt zu piel
2139 2665 3063 2786 einsamna Wege im Ensemble des Burgtheaters ...
3184 2661 3293 2745 2
