3436 4256
1396 278 1876 380 box 23/3
765 301 902 368 IS6
235 300 1258 416 18. Der einaune Neg
1484 1681 2555 1785 wenn er sie hat, der in seiner Selbstsucht nicht ein¬
379 1722 1469 1814 weiß Gott, wohin“ Nur ein Lichtblick ist in diesem
1481 1730 2545 1823 mal um das Bewußtsein der letzten Stunde gebracht
398 1782 1474 1856 Stücke voll trüber Sensationen, voll Zweifel und
1483 1779 2552 1877 sein will, der aber dann, als Johanna ins dunkle
397 1828 1474 1911 quälerischer Kraft, nämlich die Wandlung im Wesen
1493 1830 2550 1915 Reich vorangeht, in Schönheit zu sterben weiß. Nur
387 1882 1470 1969 von Felix, den Wegrath, nach all dem Leid, das er
1486 1881 2551 1969 in der Maske erschien er uns zu alt. Herr Sauer
402 1922 1473 1992 erlitten, durch die stille Einfalt des Herzens und die
1487 1933 2562 2018 als Wegrath bot eine feine Figur, von klaren Linien
405 1961 1472 2054 Erfüllung der Pflicht für immer gewinnt. Das wirkt
1486 1970 2550 2063 umrissen, erfüllt und getragen von innerer Heiterkeit
397 2015 1482 2101 wie der milde Glanz des Regenbogens, der nur
1490 2026 2555 2106 und von der ehrlichen Gesinnung eines mahlenden
408 2054 1481 2150 auf dunklem Grunde erscheint. Und auch sonst endet
1498 2069 2558 2163 Kunstbeamten, den seine Kunst mit Butter versorgt.
402 2106 1478 2185 das Stück bei aller Schwermut der Gedanken, die
1489 2116 2564 2207 Irene Triesch fand sich mit den transcendentalen
413 2155 1481 2244 es aufwühlt und enthüllt, doch mit einer kräftigen
1494 2161 2563 2243 Wendungen ihrer schwierigen Rolle mit Takt und
405 2212 1483 2286 Bejahung des Lebens, mit hellem Hoffnungsblick.
1494 2212 2568 2298 vollendeter Sicherheit ab. Am meisten ließ den Dichter
414 2254 1486 2344 „Es scheint mir“ sagt zum Schlusse Herr von Sala,
1499 2274 2569 2346 Herr Reicher als Julian Fichtner im Stich. Allen
426 2301 1440 2383 „daß jetzt wieder ein besseres Geschlecht heranwächst —
1513 2304 2566 2403 den Rausch von Zärtlichkeit und Leidenschaft, den er
421 2365 1154 2444 mehr Haltung und weniger Geist“
1501 2355 2570 2438 erlebt haben wollte, konnte man ihm fast nicht glauben,
513 2381 1486 2470 Ob das Werk durch die Aufführung auf der
1498 2403 2574 2494 denn dazu gehören geschmeidigere Menschen, als er.
427 2441 1485 2527 Bühne überhaupt an Lebenskraft und Wirkung ge¬
1513 2449 2575 2540 Keine Spur von der sengenden Glut und der einst
424 2485 1489 2577 winnen kann, mag man mit einigem Rechte bezweifeln.
1503 2495 2576 2574 hinreissenden Macht des Genies, die zur Rolle gehört.
425 2550 1494 2634 Manches darin ist doch zu fein gebosselt, mit zu
1507 2547 2575 2631 Johanna sagt, es ziehe sie zu Fichtner hin, sie liebe
430 2584 1506 2679 zarten Fingern gefaßt und zu ätherisch verkleidet,
1522 2603 2582 2686 solche Menschen, die immer von weit herkommen.
431 2643 1501 2719 als daß es in der Projektion auf die grelle Theater¬
1514 2638 2577 2734 Das stimmte auf Herrn Reicher gewiß nicht. Das
420 2685 1500 2776 leinwand gewinnen kann. Manches freilich blieben
1514 2679 2581 2784 Imponderable im Wesen der Gestalt fehlte ganz und
424 2731 1502 2811 dem Dichter auch die Spieler schuldig. Den leichtesten
1524 2733 2583 2829 gar. Dazu kam eine auffallende Sprödigkeit des Spiels,
428 2777 1509 2868 Stand hatte Else Lehmann als Irene Herms.
1515 2794 2585 2888 die bis in das unnötige Klaffen einer tonlosen Rede
435 2826 1506 2908 Unter allen den flügellahmen Gestalten des Werkes
1525 2830 2591 2926 merkbar war. Den übermäßig edlen Arzt spielte
438 2877 1507 2954 flatterte sie, die sich mit allem Menschlichen, allzu Mensch¬
1518 2877 2593 2966 Herr Marr, Hedwig Pauly die Gabriele, den
441 2926 1505 3017 lichen in robuster Gesinnung und nicht ohne Humor
1532 2924 2590 3019 Felix Herr Stieler. Der bedeutungsvolle Anfang
443 2969 1507 3053 abgefunden hat, ganz munter herum. In die drückende
1520 2978 2590 3069 verhallte ohne jede Wirkung in der Unruhe des Hauses,
434 3015 1519 3091 Schwüle brachte sie allein etwas frischere Luft. Selbst
1522 3026 2593 3116 am stärksten wirkten der zweite und folgende Aufzug,
429 3061 1519 3137 daß sie nicht immer einwandfrei spricht, vergaß man
1529 3070 2598 3154 nach denen der Dichter wiederholt für den reichen
441 3117 1518 3195 gern. Ihr galt auch der einzige warme Beifall des
1529 3116 2615 3200 Beifall danken konnte, in den breiten Auseinander¬
447 3159 1520 3237 Abends. Neben ihr kommt Bassermann als
1543 3179 2613 3266 setzungen der beiden letzten Akte ließ jedoch die Span¬
441 3208 1528 3278 Herr von Sala in Betracht. Das war wirklich der
444 3227 2328 3363 Mann des reinen Ichs, der seine Freunde verleugnet, nung und das Interesse merklich nach.
2649 1633 3346 1735 Wenn man Ibsen vorhält, daß
2560 1697 3327 1782 Typen des Theaters zu entfliehen, si
2561 1743 3351 1822 wahre Typen der Gesellschaft erfand,
2570 1800 3337 1873 Schnitzler wegen des gleichen Vorwu
2575 1844 3353 1923 seinen dramatischen Wesen machen kan¬
2556 1890 3340 1964 ilich nur der guten Gesellschaft freuen.
2566 1935 3340 2019 es sich im „Einsamen Weg“ um d
2573 1975 3336 2063 Lösung eines allerdings konstruierten,
2572 2028 3351 2119 schen Problems, und dazu reichen die
2574 2081 3316 2167 Dramas aus. Sein Werk entbehrt,
2583 2103 3344 2219 wirkungsvolle Szenen, des eigentliche
2580 2175 3347 2251 Wurfs, es hat seine Unvollkommenheit
2584 2223 3349 2315 samen Verkürzungen, seine Kanten un
2575 2272 3344 2368 wie andere Kinder seiner Muse ist es i
2579 2319 3353 2417 sondern aus grübelndem Sinne gezeu
2589 2367 3352 2452 war wohl von Anfang an überhaupt ni
2598 2416 3346 2492 bestimmt. Und trotzdem möchten wir e
2587 2464 3339 2534 ist, nicht missen. Ein Funke vom Geiste
2586 2490 3355 2588 lebt darin, das ewige Leid der Mensch
2587 2553 3356 2643 und ihre Grenzen werden lebendig. S
2598 2615 3340 2690 längst das Haus verlassen, zittert die
2602 2657 3347 2730 des Werkes erschütternd nach. Es ist
2604 2695 3356 2784 möchten wir Schnitzler noch lieber an
2592 2750 3345 2834 zurückrufen auf die Pfade, die er
2605 2777 3352 2883 und wir geben die Hoffnung, ihm e
2598 2839 3353 2938 zu begegnen, nicht auf. In diesem
2597 2891 3354 2974 von Sala zu Julian: „Jedermann
2603 2937 3360 3026 Ihnen, daß sie sich früher oder später
2614 2989 3358 3073 wieder finden werden.“ Und so d
2620 3047 2906 3135 vom Dichter.
2976 3052 3355 3156 Dr. Theod
