3392 4256
1077 307 1122 370 W
757 315 983 373 nSam
249 314 1246 412 18. Der
162 1960 997 2046 i. Badekow M. Hermann VALENTIN Ph. Byk
174 2617 796 2692 STEINRUCK 1h. Dora Hororitz
890 3253 1031 3311 Ph. X
206 3258 762 3332 Ph. Elite M. Théodor L00S
1396 284 1865 395 box 23/5
1607 1429 2537 1555 Le Chemm Solitaire
1575 1672 2638 1743 Le Chemin solitaire, ce drame profond et si caractéristique
1532 1729 2625 1783 de Tart un peu effeminé, réveur et attendri du grand drama¬
1532 1776 2639 1827 turge autrichien, M. Arthur Schnitzler, se compose de toute
1538 1827 2642 1876 une série de petits drames intimes de notre vie intérieure, petits
1534 1864 2638 1923 drames s’entrechevétrant et chevauchant les uns sur les antres,
1529 1931 2646 1979 telles les vagues d’unc eau en remous et dont nous ne devinons
1541 1959 2289 2018 ni toute la fureur, ni toute la profondeur.
1569 1999 2634 2046 Ne suivons-nous d’ailleurs pas tous, au cours de toute notre
1531 2057 2642 2100 existance des ehemins solitaires? En tout ce que nous faisons, et
1537 2083 2648 2140 meme quand nous nous crovons entov és de ceux qui nous
1539 2142 2641 2198 sontles plus chers, ne restons-nous pen toujours seils, enfermés
1537 2171 2643 2226 en nous mèmes, ignorant complétement les autres, autant que
1531 2227 2650 2297 par une loi inexorable nous resterons aussi toujours ignorés
1541 2274 1746 2326 par eux
1582 2279 2638 2368 Acrt Pakmina: Le Professeur Wegrath, Directeur de
1539 2346 2635 2409 I’Académie des Beaux Arts est l’un de ces personnages effacés,
1547 2392 2636 2443 tout dévoués à leur fonction et négligeant complétementle
1541 2435 2641 2506 reste. II adore sa famille ce qui ne l’empéche pas d’ignorer au
1534 2480 2642 2542 lond les étresquilui sont chers, sa femme, son fils Félix, jeune
1539 2525 2649 2581 lieutenant de 2; ans, sa fille Johanna, si sensible et romantique
1533 2574 2644 2640 nesont-ils pas pour lui dans une certaine mesure des étrangers!
1579 2621 2648 2676 Le jeune lieutenant Félix est venn en congé, avant appris
1550 2675 2650 2715 que l’état de sa mère s’est encore beaucoup aggravé. Le docteur
1546 2700 2649 2753 Reumann, vieil ami de la maison, ne laisse que peu d’espoir à
1544 2750 2651 2809 ce sujet. Et l’on apprend que dans cette demeure ou paraissent
1549 2790 2646 2842 regner le calme, le bonheur et la quiétude, la mort röde autour
1540 2836 2654 2901 d’une autre personne encore, autour de ce M. de Sala qui,
1604 2922 2343 3015 DESAITRES SEFIOCUETE C7
1603 3010 2032 3084 99. Rue de Provence
1606 3072 1776 3134 IA Men
2380 3103 2530 3173 OR
1578 3028 2599 3301 enet oechesen
2034 3153 2601 3242 BIUOUX. ORFEVRERIE
