3436 4352
268 239 1874 322 18. Der einsane Neg box 23/2
933 1477 1353 1579 Telephon 12801.
567 1566 1716 1671 Alen. Weigls Unternehmen für Zeitungs-Ausschnitio
754 1635 1527 1778 „OBSERVER“
584 1754 1708 1840 L. österr. behördl. konz. Bureau für Zeitungsberichte u. Personalnachrichten
763 1842 1552 1917 Wien, I., Concordiaplatz 4.
997 1903 1304 1959 Vertretungen
574 1936 1709 2004 in Berlin, Budapest, Chicago, Genf, London, New-York,
580 1995 1709 2049 Paris, Rom, Mailand, Stockholm, Christiania, St. Petersburg.
862 2031 1429 2117 (Quellenangabe ahne Gewähr,)
572 2076 1654 2202 Russchitt aus: Naye Yablr
589 2208 977 2299 vom 2440
504 2280 986 2348 ##ür rio-ungen
595 2278 1495 2385 .— „Der einsame wisse voös=Arthur
499 2366 1494 2429 [Schnitzler ist von der Direktion des Hofburgtheaters
490 2410 1489 2470 abgelehnt worden. So meldet die Wiener „Montags¬
500 2452 1489 2532 revue“. Die Nachricht klingt nicht wahrscheinlich, weil
511 2508 1488 2577 wir nicht glauben, daß Schnitzler bei der Direktion
511 2561 1490 2631 Schlenther sein Werk überhaupt eingereicht hat. Sollte
496 2579 1494 2663 ses aber wirklich der Fall sein, dann muß man darin
503 2649 1500 2721 nur die Quittierung Schlenthers für die Blosstellung
500 2697 1497 2764 erblicken, die er durch Arthur Schnitzler erfahren hat.
515 2745 1488 2821 Erwägt man, daß die letzten Novitäten des Burg¬
513 2796 1471 2868 theaters „Im stillen Gäßchen“ und „Die Diplomatin“
510 2846 1495 2922 waren, während ein so vornehmes Dichterwerk wie
513 2897 1498 2959 „Der einsame Weg“ zurückgewiesen wird, so muß man
513 2944 1496 3024 sich sagen, daß Herr Paul Schlenther, der ehemals
510 2999 1497 3067 stramme Kritiker und Wortführer der Modernen, sehr
508 3028 1501 3126 knieweich geworden und nicht mehr seiner Meinung ist.
2173 577 2976 694 Dr. Max Goldschmidt
2383 669 2741 761 e Bureau für
2316 739 2829 843 Zeitungsausschnitte
2087 829 3048 906 Berlin N. 24. Telephon: III. 3051.
2333 943 2809 1031 Ausschnitt aus
2179 1160 2765 1267 Praner Tagblatt, Prag
2660 1383 2959 1499 11 M41 190
2252 1444 3059 1541 „Det einsame Weg“ von Arthur
2077 1493 3049 1593 Schui#ler ist von der #irektion des Hofburgtheaters
2066 1571 3049 1637 abgelehnt worden. So meldet die Wiener „Montags¬
2076 1629 3060 1683 revue“. Die Nachricht klingt nicht wahrscheinlich, weil
2075 1669 3050 1734 wir nicht glauben, daß Schnitzler bei der Direktion
2060 1718 3052 1783 Schlenther sein Werk überhaupt eingereicht hat. Sollte
2057 1767 3042 1837 es aber wirklich der Fall sein, dann muß man darin
2058 1806 3044 1883 nur die Quittierung Schlenthers für die Blosstellung
2065 1857 3042 1938 erblicken, die er durch Arthur Schnitzler erfahren hat.
2056 1904 3051 1988 Erwägt man, daß die letzten Novitäten des Burg¬
2059 1960 3040 2026 theaters „Im stillen Gäßchen“ und „Die Diplomatin“
2056 2012 3035 2072 waren, während ein so vornehmes Dichterwerk wie
2068 2049 3040 2138 „Der einsame Weg“, zurückgewiesen wird, so muß man
2068 2109 3045 2183 sich sagen, daß Herr Paul Schlenther, der ehemals
2060 2150 3042 2226 stramme Kritiker und Wortführer der Modernen, sehr
2052 2209 3036 2291 knieweich geworden und nicht mehr seiner Meinung ist.
2132 2505 2939 2626 Dr. Max Goldschmidt
2327 2600 2724 2691 # Bureau für
2269 2672 2805 2765 Zeitungsausschnitte
2553 2735 3010 2831 Telephon: III. 3051.
2050 2745 2467 2841 Berlin N. 24.
2301 2861 2797 2953 Ausschnitt aus
2116 3109 2906 3225 Breslauer Eergen-Zeitung
2546 3308 2927 3429 1· JUN 1903
2034 3668 3265 3766 Es wird jetzt bekannt, daß Arikur Schnitzler sein Schau¬
1968 3730 3264 3797 spiel „Der einsame Weg“, das im Laufe der retlen Saison im
1971 3776 3269 3826 Deutschen Theater in Berlin gegeben wurde, auch dem Burgtheater zur
1971 3808 3276 3877 Aufführung eingereicht hat. Direktor Schlenther hat jedoch das Stück
1974 3854 3276 3913 abgelehnt. Das wundert uns gar nicht Herr Schlenther zieht
1963 3882 3275 3955 Schwänke von Pserhofer und Triesch vor. Warum sollte er eine Diche
1973 3933 2779 4015 tung, wie die Schnitzlersche, alzeptieren?
