<?xml version="1.0" encoding="UTF-8" standalone="yes"?>
<PcGts xmlns="http://schema.primaresearch.org/PAGE/gts/pagecontent/2013-07-15" xmlns:xsi="http://www.w3.org/2001/XMLSchema-instance" xsi:schemaLocation="http://schema.primaresearch.org/PAGE/gts/pagecontent/2013-07-15 http://schema.primaresearch.org/PAGE/gts/pagecontent/2013-07-15/pagecontent.xsd">
    <Metadata>
        <Creator>prov=University of Rostock/Institute of Mathematics/CITlab/Gundram Leifert/gundram.leifert@uni-rostock.de:name=ONB_Newseye_GT_M1+(htr_id=10810)::::v=2.4.2
prov=University of Rostock/Institute of Mathematics/CITlab/Tobias Gruening/tobias.gruening@uni-rostock.de:name=de.uros.citlab.module.baseline2polygon.B2PSeamMultiOriented:v=2.4.2
prov=University of Rostock/Institute of Mathematics/CITlab/Tobias Gruening/tobias.gruening@uni-rostock.de:name=/mnt/transkribus/LA/DEA/URO/LA_news_onb_att.pb:de.uros.citlab.segmentation.CITlab_LA_ML:v=2.4.2
Transkribus</Creator>
        <Created>2019-10-07T11:27:42.667+02:00</Created>
        <LastChange>2019-10-08T08:59:51.378+02:00</LastChange>
        <TranskribusMetadata docId="223970" pageId="9499949" pageNr="167" tsid="16508896" status="IN_PROGRESS" userId="40391" imgUrl="https://files.transkribus.eu/Get?id=YMJEZHPCGSZBHMUGLVTGPHRJ&amp;fileType=view" xmlUrl="https://files.transkribus.eu/Get?id=RMYATQDCSCRLXNOPNQUVRCYY" imageId="6190171"/>
    </Metadata>
    <Page imageFilename="223970_0167.jpeg" imageWidth="3484" imageHeight="4448">
        <ReadingOrder>
            <OrderedGroup id="ro_1711450633178" caption="Regions reading order">
                <RegionRefIndexed index="0" regionRef="r1"/>
                <RegionRefIndexed index="1" regionRef="r2"/>
            </OrderedGroup>
        </ReadingOrder>
        <TextRegion orientation="0.0" id="r1" custom="readingOrder {index:0;}">
            <Coords points="279,240 279,3713 2604,3713 2604,240"/>
            <TextLine id="r1l1" custom="readingOrder {index:0;}">
                <Coords points="1391,292 1470,281 1540,296 1567,277 1607,288 1631,268 1713,290 1769,275 1828,291 1892,272 1891,226 1711,190 1671,220 1618,207 1559,222 1508,194 1391,233"/>
                <Baseline points="1401,279 1426,274 1451,271 1476,268 1502,266 1527,265 1552,264 1577,265 1603,265 1628,266 1653,266 1678,268 1704,269 1729,270 1754,270 1779,271 1805,270 1830,270 1855,268 1881,265"/>
                <TextEquiv>
                    <Unicode>box 23/1</Unicode>
                </TextEquiv>
            </TextLine>
            <TextLine id="r1l2" custom="readingOrder {index:1;}">
                <Coords points="268,279 725,319 1219,292 1289,316 1290,223 559,232 517,204 268,235"/>
                <Baseline points="279,265 329,269 379,273 429,277 479,279 529,281 579,283 629,284 679,285 729,285 779,286 829,286 879,286 929,285 979,285 1029,285 1079,284 1129,284 1179,284 1229,285 1279,285"/>
                <TextEquiv>
                    <Unicode>18. Der einsane Neg</Unicode>
                </TextEquiv>
            </TextLine>
            <TextLine id="r1l3" custom="readingOrder {index:2;}">
                <Coords points="1582,866 1605,871 1638,905 1681,891 1765,915 1846,899 1937,912 1939,844 1915,850 1855,808 1724,852 1642,844 1631,833 1582,851"/>
                <Baseline points="1592,878 1617,878 1643,878 1669,879 1695,880 1721,880 1747,881 1772,881 1798,882 1824,882 1850,883 1876,884 1902,884 1928,885"/>
                <TextEquiv>
                    <Unicode>Bühne und Welt.</Unicode>
                </TextEquiv>
            </TextLine>
            <TextLine id="r1l4" custom="readingOrder {index:3;}">
                <Coords points="2483,899 2493,899 2511,911 2515,908 2535,922 2547,911 2568,921 2589,907 2604,911 2601,837 2588,835 2574,847 2546,843 2534,850 2527,844 2515,853 2504,845 2498,852 2481,852"/>
                <Baseline points="2494,896 2527,892 2560,892 2593,891"/>
                <TextEquiv>
                    <Unicode>475</Unicode>
                </TextEquiv>
            </TextLine>
            <TextLine id="r1l5" custom="readingOrder {index:4;}">
                <Coords points="913,1004 2614,1013 2614,941 914,939"/>
                <Baseline points="924,977 1008,979 1092,981 1176,983 1260,985 1344,986 1428,988 1512,989 1596,990 1680,990 1764,991 1848,992 1932,992 2016,992 2100,993 2184,993 2268,993 2352,993 2436,993 2520,993 2604,993"/>
                <TextEquiv>
                    <Unicode>anderer Seite bestritten wurde. Zum Schluß herrschte wohl allgemein der Eindruck, die nicht</Unicode>
                </TextEquiv>
            </TextLine>
            <TextLine id="r1l6" custom="readingOrder {index:5;}">
                <Coords points="909,1038 2609,1068 2610,1013 2508,1000 910,989"/>
                <Baseline points="920,1028 1008,1029 1096,1031 1185,1032 1273,1034 1361,1035 1450,1036 1538,1037 1626,1038 1715,1038 1803,1039 1892,1040 1980,1041 2068,1041 2157,1042 2245,1043 2333,1044 2422,1045 2510,1046 2599,1048"/>
                <TextEquiv>
                    <Unicode>alltägliche interessante Schöpfung eines ausgetretene Bahnen und Alltagskonflikte verschmähenden</Unicode>
                </TextEquiv>
            </TextLine>
            <TextLine id="r1l7" custom="readingOrder {index:6;}">
                <Coords points="907,1113 1052,1087 1550,1106 1590,1094 1591,1045 1536,1038 1489,1067 1432,1047 908,1036"/>
                <Baseline points="918,1076 951,1076 984,1077 1017,1077 1050,1078 1083,1079 1116,1079 1149,1080 1182,1081 1215,1081 1249,1082 1282,1083 1315,1083 1348,1084 1381,1084 1414,1084 1447,1084 1480,1084 1513,1084 1546,1083 1580,1082"/>
                <TextEquiv>
                    <Unicode>Poeten kennen gelernt zu haben.—</Unicode>
                </TextEquiv>
            </TextLine>
            <TextLine id="r1l8" custom="readingOrder {index:7;}">
                <Coords points="1019,1138 2603,1153 2603,1104 2485,1079 1020,1113"/>
                <Baseline points="1031,1132 1109,1131 1187,1131 1265,1131 1343,1131 1421,1132 1499,1132 1577,1133 1655,1133 1733,1134 1812,1135 1890,1135 1968,1136 2046,1137 2124,1138 2202,1139 2280,1139 2358,1140 2436,1141 2514,1141 2593,1142"/>
                <TextEquiv>
                    <Unicode>Zu den interessanten Theaterabenden sind trotz aller Einwendungen auch die Premieren</Unicode>
                </TextEquiv>
            </TextLine>
            <TextLine id="r1l9" custom="readingOrder {index:8;}">
                <Coords points="900,1208 2600,1191 2437,1148 900,1138"/>
                <Baseline points="910,1176 998,1177 1086,1178 1175,1179 1263,1180 1351,1181 1440,1181 1528,1182 1616,1182 1705,1183 1793,1183 1882,1183 1970,1184 2058,1184 2147,1185 2235,1185 2323,1186 2412,1187 2500,1188 2589,1189"/>
                <TextEquiv>
                    <Unicode>von Otto Julius Bierbaums „Stella und Antonie“ im Berliner Theater und Bernhard</Unicode>
                </TextEquiv>
            </TextLine>
            <TextLine id="r1l10" custom="readingOrder {index:9;}">
                <Coords points="898,1230 2592,1251 2592,1202 2529,1199 898,1209"/>
                <Baseline points="909,1224 992,1225 1076,1225 1159,1226 1243,1227 1327,1228 1410,1229 1494,1230 1577,1231 1661,1232 1745,1232 1828,1233 1912,1234 1995,1235 2079,1235 2163,1235 2246,1235 2330,1235 2413,1235 2497,1235 2581,1234"/>
                <TextEquiv>
                    <Unicode>Shaws Komödie „Der Schlachtenlenker“ und Maeterlincks Legende „Schwester Beatrix“</Unicode>
                </TextEquiv>
            </TextLine>
            <TextLine id="r1l11" custom="readingOrder {index:10;}">
                <Coords points="898,1269 2511,1310 2602,1298 2603,1245 898,1231"/>
                <Baseline points="909,1274 993,1274 1077,1274 1161,1275 1245,1276 1329,1277 1413,1278 1497,1279 1581,1280 1665,1281 1750,1282 1834,1283 1918,1284 2002,1285 2086,1286 2170,1287 2254,1288 2338,1288 2422,1289 2506,1289 2591,1289"/>
                <TextEquiv>
                    <Unicode>im Neuen Theater zu rechnen. Bierbaums Schauspiel fesselte in den ersten Akten durch die</Unicode>
                </TextEquiv>
            </TextLine>
            <TextLine id="r1l12" custom="readingOrder {index:11;}">
                <Coords points="896,1339 2575,1360 2601,1297 896,1296"/>
                <Baseline points="906,1322 990,1323 1074,1324 1158,1325 1242,1326 1326,1327 1410,1328 1495,1329 1579,1330 1663,1331 1747,1332 1831,1333 1915,1333 1999,1334 2084,1335 2168,1336 2252,1336 2336,1337 2420,1338 2504,1339 2589,1340"/>
                <TextEquiv>
                    <Unicode>originelle Mischung beterogener Elemente und Stile, obgleich als höhere Einheit doch Zeit= und</Unicode>
                </TextEquiv>
            </TextLine>
            <TextLine id="r1l13" custom="readingOrder {index:12;}">
                <Coords points="897,1378 2465,1408 2606,1356 897,1334"/>
                <Baseline points="907,1372 991,1372 1075,1373 1160,1373 1244,1374 1329,1375 1413,1376 1497,1377 1582,1378 1666,1379 1751,1380 1835,1381 1919,1382 2004,1383 2088,1384 2173,1384 2257,1385 2341,1385 2426,1385 2510,1385 2595,1385"/>
                <TextEquiv>
                    <Unicode>Milienkolorit, das ausgehende Barockzeitalter, mit ziemlicher Konsequenz und Treue eingehalten</Unicode>
                </TextEquiv>
            </TextLine>
            <TextLine id="r1l14" custom="readingOrder {index:13;}">
                <Coords points="904,1426 2490,1458 2603,1416 905,1387"/>
                <Baseline points="915,1423 998,1422 1082,1422 1166,1423 1250,1423 1334,1424 1418,1425 1501,1426 1585,1427 1669,1428 1753,1429 1837,1430 1921,1431 2005,1432 2088,1433 2172,1433 2256,1433 2340,1433 2424,1433 2508,1432 2592,1431"/>
                <TextEquiv>
                    <Unicode>wird. Auch der Charakter der kapriziösen, nach ungewöhnlichen Emotionen verlangenden</Unicode>
                </TextEquiv>
            </TextLine>
            <TextLine id="r1l15" custom="readingOrder {index:14;}">
                <Coords points="897,1479 2612,1490 2523,1440 897,1424"/>
                <Baseline points="908,1471 992,1472 1077,1472 1161,1473 1246,1474 1331,1475 1415,1475 1500,1476 1584,1477 1669,1477 1754,1478 1838,1479 1923,1479 2007,1480 2092,1481 2177,1482 2261,1482 2346,1483 2430,1484 2515,1486 2600,1487"/>
                <TextEquiv>
                    <Unicode>Komtesse ist zum mindesten in den Grundzügen sehr fein angelegt, dagegen kommt der Gegensatz</Unicode>
                </TextEquiv>
            </TextLine>
            <TextLine id="r1l16" custom="readingOrder {index:15;}">
                <Coords points="899,1530 2599,1538 2508,1489 899,1477"/>
                <Baseline points="910,1521 993,1521 1077,1521 1161,1521 1245,1522 1329,1522 1413,1523 1497,1524 1581,1525 1665,1526 1749,1527 1832,1528 1916,1529 2000,1530 2084,1530 2168,1531 2252,1532 2336,1532 2420,1532 2504,1532 2588,1532"/>
                <TextEquiv>
                    <Unicode>zwischen Antonie und der Sängerin Stella, die, von den gleichen Leidenschaften und Charakter¬</Unicode>
                </TextEquiv>
            </TextLine>
            <TextLine id="r1l17" custom="readingOrder {index:16;}">
                <Coords points="906,1584 2381,1600 2572,1593 2606,1532 906,1536"/>
                <Baseline points="917,1572 1000,1571 1084,1571 1168,1571 1252,1571 1336,1572 1420,1572 1504,1573 1588,1574 1672,1575 1756,1576 1839,1577 1923,1578 2007,1579 2091,1580 2175,1580 2259,1581 2343,1581 2427,1581 2511,1581 2595,1580"/>
                <TextEquiv>
                    <Unicode>fehlern beherrscht, ihrem geliebten Johann Christian aus Kaprice mit einem buckligen, häßlichen</Unicode>
                </TextEquiv>
            </TextLine>
            <TextLine id="r1l18" custom="readingOrder {index:17;}">
                <Coords points="897,1629 2599,1644 2599,1585 897,1582"/>
                <Baseline points="907,1620 991,1620 1075,1620 1159,1621 1243,1621 1327,1621 1411,1622 1495,1622 1579,1623 1663,1624 1748,1625 1832,1625 1916,1626 2000,1627 2084,1628 2168,1629 2252,1629 2336,1630 2420,1631 2504,1631 2589,1632"/>
                <TextEquiv>
                    <Unicode>Souffleur durchgeht, absolut nicht zum Ausdruck, zumal in der von Bierbaum für die Berliner</Unicode>
                </TextEquiv>
            </TextLine>
            <TextLine id="r1l19" custom="readingOrder {index:18;}">
                <Coords points="902,1669 2607,1685 2569,1636 903,1625"/>
                <Baseline points="913,1669 997,1669 1081,1669 1165,1669 1249,1669 1333,1670 1417,1671 1502,1672 1586,1673 1670,1674 1754,1675 1838,1676 1922,1677 2006,1678 2091,1679 2175,1679 2259,1679 2343,1680 2427,1679 2511,1679 2596,1678"/>
                <TextEquiv>
                    <Unicode>Aufführung gemodelten Fassung des Schlußaktes, in der jetzt nicht mehr die eifersüchtige Stella</Unicode>
                </TextEquiv>
            </TextLine>
            <TextLine id="r1l20" custom="readingOrder {index:19;}">
                <Coords points="901,1719 2595,1735 2464,1681 901,1676"/>
                <Baseline points="912,1715 995,1716 1079,1717 1162,1718 1246,1718 1330,1719 1413,1720 1497,1721 1581,1722 1664,1722 1748,1723 1832,1724 1915,1725 1999,1725 2083,1726 2166,1727 2250,1727 2334,1728 2417,1728 2501,1729 2585,1729"/>
                <TextEquiv>
                    <Unicode>die Komtesse ersticht, sondern Johann Christian aus Verzweiflung, daß Antonie nichts mehr von</Unicode>
                </TextEquiv>
            </TextLine>
            <TextLine id="r1l21" custom="readingOrder {index:20;}">
                <Coords points="906,1767 2540,1802 2598,1730 906,1735"/>
                <Baseline points="916,1766 999,1767 1083,1768 1166,1769 1250,1770 1333,1770 1417,1771 1500,1772 1584,1773 1667,1773 1751,1774 1835,1775 1918,1775 2002,1775 2085,1776 2169,1776 2252,1776 2336,1776 2419,1775 2503,1775 2587,1775"/>
                <TextEquiv>
                    <Unicode>ihm wissen will, sich selber den Tod gibt. In der Vereinigung der mancherlei altertümlichen</Unicode>
                </TextEquiv>
            </TextLine>
            <TextLine id="r1l22" custom="readingOrder {index:21;}">
                <Coords points="896,1812 2605,1850 2593,1786 897,1776"/>
                <Baseline points="906,1815 990,1815 1074,1815 1159,1816 1243,1817 1328,1817 1412,1818 1497,1819 1581,1820 1666,1821 1750,1822 1834,1823 1919,1823 2003,1824 2088,1825 2172,1825 2257,1826 2341,1826 2426,1827 2510,1827 2595,1827"/>
                <TextEquiv>
                    <Unicode>Elemente und Reminiszenzen an die Tage des Harlekins, des Singspiels der englischen Komö¬</Unicode>
                </TextEquiv>
            </TextLine>
            <TextLine id="r1l23" custom="readingOrder {index:22;}">
                <Coords points="901,1872 2597,1890 2512,1830 901,1813"/>
                <Baseline points="912,1864 995,1865 1079,1866 1163,1867 1247,1867 1330,1868 1414,1869 1498,1869 1582,1870 1665,1871 1749,1871 1833,1872 1917,1872 2000,1873 2084,1873 2168,1874 2252,1874 2335,1875 2419,1875 2503,1876 2587,1876"/>
                <TextEquiv>
                    <Unicode>dianten und der blutrünstigen Haupt= und Staatsaktionen, der galanten Schäfereien und des</Unicode>
                </TextEquiv>
            </TextLine>
            <TextLine id="r1l24" custom="readingOrder {index:23;}">
                <Coords points="902,1937 2576,1945 2596,1890 902,1871"/>
                <Baseline points="912,1913 995,1914 1079,1915 1163,1916 1246,1916 1330,1917 1414,1917 1497,1918 1581,1919 1665,1919 1749,1919 1832,1920 1916,1920 2000,1921 2083,1921 2167,1922 2251,1922 2334,1923 2418,1923 2502,1924 2586,1925"/>
                <TextEquiv>
                    <Unicode>Lohensteinschen Schwulstes, dem in der Doesie Günthers, Bierbaums Johann Christian, nach</Unicode>
                </TextEquiv>
            </TextLine>
            <TextLine id="r1l25" custom="readingOrder {index:24;}">
                <Coords points="894,1972 2596,1984 2513,1931 894,1936"/>
                <Baseline points="905,1966 989,1965 1073,1965 1157,1965 1241,1965 1325,1965 1409,1965 1493,1966 1577,1966 1661,1967 1745,1968 1829,1968 1913,1969 1997,1970 2081,1970 2165,1971 2249,1971 2333,1971 2417,1971 2501,1971 2586,1971"/>
                <TextEquiv>
                    <Unicode>langer Zeit wieder einmal die Stimme der Natur entgegentritt, scheint mir der Wert, richtiger</Unicode>
                </TextEquiv>
            </TextLine>
            <TextLine id="r1l26" custom="readingOrder {index:25;}">
                <Coords points="890,2016 2603,2023 2433,1979 890,1973"/>
                <Baseline points="901,2013 985,2013 1070,2013 1154,2013 1239,2014 1324,2014 1408,2015 1493,2015 1577,2016 1662,2017 1747,2018 1831,2018 1916,2019 2000,2020 2085,2020 2170,2021 2254,2021 2339,2021 2423,2022 2508,2022 2593,2022"/>
                <TextEquiv>
                    <Unicode>der Kuriositätswert von Vierbaums Schauspiel zu liegen. — In der Rolle der Antonie bot Ida</Unicode>
                </TextEquiv>
            </TextLine>
            <TextLine id="r1l27" custom="readingOrder {index:26;}">
                <Coords points="887,2089 2602,2091 2545,2029 887,2017"/>
                <Baseline points="898,2061 982,2062 1067,2063 1151,2063 1236,2064 1321,2065 1405,2065 1490,2066 1575,2066 1659,2067 1744,2067 1829,2068 1913,2068 1998,2069 2083,2069 2167,2069 2252,2070 2337,2070 2421,2071 2506,2071 2591,2072"/>
                <TextEquiv>
                    <Unicode>Roland eine recht interessante und vielversprechende Leistung. Um so ahnungsloser stand, soweit</Unicode>
                </TextEquiv>
            </TextLine>
            <TextLine id="r1l28" custom="readingOrder {index:27;}">
                <Coords points="888,2103 2194,2144 2593,2099 888,2077"/>
                <Baseline points="898,2110 982,2111 1066,2111 1150,2111 1234,2112 1319,2113 1403,2113 1487,2114 1571,2115 1655,2116 1740,2117 1824,2118 1908,2119 1992,2120 2076,2121 2161,2122 2245,2122 2329,2123 2413,2123 2497,2123 2582,2123"/>
                <TextEquiv>
                    <Unicode>es sich nicht um den etwas reichlich ausgedehnten Liedervortrag handelte, ein ad hoc engagiertes</Unicode>
                </TextEquiv>
            </TextLine>
            <TextLine id="r1l29" custom="readingOrder {index:28;}">
                <Coords points="896,2176 2592,2178 2580,2121 896,2123"/>
                <Baseline points="906,2162 989,2162 1073,2162 1157,2163 1241,2163 1324,2164 1408,2164 1492,2164 1576,2165 1659,2166 1743,2166 1827,2167 1911,2167 1994,2168 2078,2168 2162,2169 2246,2170 2329,2170 2413,2171 2497,2171 2581,2171"/>
                <TextEquiv>
                    <Unicode>Fräulein Bardi der Rolle der Stella gegenüber. Hans Mischke bot als Johann Christian</Unicode>
                </TextEquiv>
            </TextLine>
            <TextLine id="r1l30" custom="readingOrder {index:29;}">
                <Coords points="897,2243 1058,2220 1514,2230 1545,2222 1546,2188 1486,2170 1457,2189 1427,2172 1007,2186 897,2171"/>
                <Baseline points="908,2208 939,2208 970,2209 1002,2209 1033,2209 1065,2210 1096,2210 1127,2210 1159,2211 1190,2211 1222,2211 1253,2212 1284,2212 1316,2212 1347,2212 1379,2212 1410,2212 1441,2212 1473,2212 1504,2212 1536,2211"/>
                <TextEquiv>
                    <Unicode>wohl seine beste bisherige Leistung.</Unicode>
                </TextEquiv>
            </TextLine>
            <TextLine id="r1l31" custom="readingOrder {index:30;}">
                <Coords points="1009,2275 2569,2287 2589,2230 1009,2239"/>
                <Baseline points="1020,2258 1102,2259 1184,2261 1266,2262 1348,2263 1430,2264 1512,2264 1594,2265 1676,2265 1758,2265 1840,2265 1922,2265 2004,2265 2086,2266 2168,2266 2250,2266 2332,2266 2414,2267 2496,2267 2579,2268"/>
                <TextEquiv>
                    <Unicode>Die einaktige Komödie vom Schlachtenlenker hat uns die erste Bekanntschaft mit dem in</Unicode>
                </TextEquiv>
            </TextLine>
            <TextLine id="r1l32" custom="readingOrder {index:31;}">
                <Coords points="895,2316 2587,2320 2489,2273 895,2261"/>
                <Baseline points="906,2306 989,2308 1072,2309 1156,2310 1239,2310 1323,2311 1406,2311 1490,2311 1573,2311 1657,2311 1740,2311 1823,2310 1907,2310 1990,2311 2074,2311 2157,2311 2241,2312 2324,2313 2408,2314 2491,2316 2575,2318"/>
                <TextEquiv>
                    <Unicode>letzter Zeit viel genannten englischen Dramatiker auf der Bühne vermittelt, nicht eben unglücklich,</Unicode>
                </TextEquiv>
            </TextLine>
            <TextLine id="r1l33" custom="readingOrder {index:32;}">
                <Coords points="885,2395 2545,2381 2590,2326 885,2329"/>
                <Baseline points="896,2357 980,2358 1064,2358 1148,2359 1232,2359 1316,2360 1400,2360 1485,2361 1569,2361 1653,2361 1737,2361 1821,2361 1905,2362 1989,2362 2074,2362 2158,2362 2242,2363 2326,2363 2410,2364 2494,2365 2579,2366"/>
                <TextEquiv>
                    <Unicode>j da sie spezisische Seiten von Shaws Individualität und Talent recht charakteristisch zeigt. Diel¬</Unicode>
                </TextEquiv>
            </TextLine>
            <TextLine id="r1l34" custom="readingOrder {index:33;}">
                <Coords points="890,2399 2584,2420 2520,2371 890,2369"/>
                <Baseline points="900,2409 983,2409 1067,2409 1151,2409 1234,2409 1318,2410 1402,2410 1485,2410 1569,2410 1653,2411 1737,2411 1820,2411 1904,2412 1988,2412 2071,2412 2155,2413 2239,2413 2322,2414 2406,2414 2490,2414 2574,2415"/>
                <TextEquiv>
                    <Unicode>leicht bezeichnet man das Stück am treffendsten als eine Parodie auf Carlples berühmtes Buch</Unicode>
                </TextEquiv>
            </TextLine>
            <TextLine id="r1l35" custom="readingOrder {index:34;}">
                <Coords points="894,2463 2584,2469 2584,2424 2279,2414 894,2418"/>
                <Baseline points="905,2458 988,2457 1071,2457 1155,2457 1238,2457 1322,2457 1405,2458 1488,2458 1572,2459 1655,2459 1739,2460 1822,2461 1905,2461 1989,2462 2072,2463 2156,2464 2239,2464 2322,2465 2406,2465 2489,2465 2573,2466"/>
                <TextEquiv>
                    <Unicode>über „Belden und Heldenverehrung“. Shaw gefällt sich bald freiwillig in der Rolle des Kammer¬</Unicode>
                </TextEquiv>
            </TextLine>
            <TextLine id="r1l36" custom="readingOrder {index:35;}">
                <Coords points="881,2499 2596,2535 2532,2469 881,2473"/>
                <Baseline points="891,2505 975,2506 1060,2507 1145,2508 1230,2508 1314,2508 1399,2509 1484,2509 1569,2509 1653,2509 1738,2510 1823,2510 1908,2510 1992,2510 2077,2510 2162,2511 2247,2511 2331,2512 2416,2512 2501,2513 2586,2514"/>
                <TextEquiv>
                    <Unicode>dieners, für den es keinen großen Mann gibt, bald sucht er ernsthaft dem Genie die Züge, die</Unicode>
                </TextEquiv>
            </TextLine>
            <TextLine id="r1l37" custom="readingOrder {index:36;}">
                <Coords points="880,2546 2591,2578 2591,2531 2355,2518 880,2519"/>
                <Baseline points="891,2556 975,2556 1059,2557 1144,2557 1228,2557 1313,2557 1397,2558 1482,2558 1566,2558 1651,2558 1735,2558 1819,2559 1904,2559 1988,2559 2073,2559 2157,2559 2242,2560 2326,2560 2411,2560 2495,2560 2580,2560"/>
                <TextEquiv>
                    <Unicode> es zum Genie machen, abzulauschen, bald gefällt er sich in echt englischen Clownspäßen. Seine</Unicode>
                </TextEquiv>
            </TextLine>
            <TextLine id="r1l38" custom="readingOrder {index:37;}">
                <Coords points="892,2614 2583,2619 2448,2555 892,2572"/>
                <Baseline points="903,2605 986,2606 1070,2606 1153,2606 1237,2606 1320,2606 1404,2606 1487,2606 1571,2606 1654,2606 1738,2606 1821,2606 1905,2606 1988,2607 2072,2607 2155,2607 2239,2608 2322,2609 2406,2610 2489,2611 2573,2612"/>
                <TextEquiv>
                    <Unicode>Charakteristik des jungen, skrupellosen, ehrgeizigen Uebermenschen und Siegers von Marengo ent¬</Unicode>
                </TextEquiv>
            </TextLine>
            <TextLine id="r1l39" custom="readingOrder {index:38;}">
                <Coords points="882,2670 2506,2679 2595,2675 2596,2620 883,2612"/>
                <Baseline points="893,2655 977,2655 1062,2655 1146,2655 1231,2655 1316,2655 1400,2655 1485,2655 1569,2655 1654,2656 1739,2656 1823,2656 1908,2656 1992,2656 2077,2657 2162,2657 2246,2658 2331,2658 2415,2659 2500,2660 2585,2661"/>
                <TextEquiv>
                    <Unicode>hält köstliche Finessen. Nicht minder die der unbekannten Schönen aus Paris, die die Josephine</Unicode>
                </TextEquiv>
            </TextLine>
            <TextLine id="r1l40" custom="readingOrder {index:39;}">
                <Coords points="891,2723 2553,2732 2582,2673 891,2677"/>
                <Baseline points="901,2707 984,2705 1068,2704 1151,2703 1235,2703 1318,2703 1402,2703 1485,2703 1569,2703 1652,2704 1736,2704 1820,2705 1903,2706 1987,2706 2070,2707 2154,2708 2237,2708 2321,2709 2404,2709 2488,2709 2572,2709"/>
                <TextEquiv>
                    <Unicode>kompromittierenden Briefe an Barras vor den Augen des Ehemanns retten soll. Aber List,</Unicode>
                </TextEquiv>
            </TextLine>
            <TextLine id="r1l41" custom="readingOrder {index:40;}">
                <Coords points="881,2748 2585,2788 2585,2720 2448,2711 881,2715"/>
                <Baseline points="892,2753 976,2753 1060,2753 1144,2753 1228,2753 1312,2753 1396,2754 1481,2754 1565,2754 1649,2754 1733,2755 1817,2755 1901,2756 1985,2756 2070,2757 2154,2758 2238,2759 2322,2760 2406,2761 2490,2762 2575,2763"/>
                <TextEquiv>
                    <Unicode>Intrige, Plänkelei und Schlußaktion geraten gar zu breit und schließlich gar zu possenhaft, so</Unicode>
                </TextEquiv>
            </TextLine>
            <TextLine id="r1l42" custom="readingOrder {index:41;}">
                <Coords points="887,2809 2587,2812 2490,2767 887,2768"/>
                <Baseline points="897,2805 985,2804 1073,2803 1162,2803 1250,2802 1338,2802 1427,2802 1515,2802 1603,2802 1692,2802 1780,2803 1869,2803 1957,2804 2045,2805 2134,2806 2222,2807 2310,2808 2399,2809 2487,2810 2576,2811"/>
                <TextEquiv>
                    <Unicode>daß unser Interesse an den Bühnenvorgängen erlahmt, obgleich Agnes Sorma die fremde</Unicode>
                </TextEquiv>
            </TextLine>
            <TextLine id="r1l43" custom="readingOrder {index:42;}">
                <Coords points="893,2860 2589,2870 2589,2829 2360,2803 893,2812"/>
                <Baseline points="903,2852 986,2852 1070,2852 1154,2852 1238,2852 1321,2852 1405,2852 1489,2852 1573,2852 1656,2852 1740,2852 1824,2853 1908,2853 1991,2853 2075,2854 2159,2854 2243,2855 2326,2855 2410,2856 2494,2857 2578,2857"/>
                <TextEquiv>
                    <Unicode>Dame in jeder Beziehung wirklich charmant und drollig verkörperte und auch Max Reinhardt,</Unicode>
                </TextEquiv>
            </TextLine>
            <TextLine id="r1l44" custom="readingOrder {index:43;}">
                <Coords points="891,2907 2591,2897 891,2860"/>
                <Baseline points="901,2900 989,2900 1077,2900 1166,2900 1254,2900 1342,2900 1431,2900 1519,2900 1607,2900 1696,2901 1784,2901 1873,2901 1961,2901 2049,2902 2138,2902 2226,2903 2314,2903 2403,2904 2491,2904 2580,2905"/>
                <TextEquiv>
                    <Unicode>so wenig ihm die Rolle des jungen Napoleon liegt, seine eindringliche Charakterisierungskunst</Unicode>
                </TextEquiv>
            </TextLine>
            <TextLine id="r1l45" custom="readingOrder {index:44;}">
                <Coords points="892,2964 2590,2950 892,2907"/>
                <Baseline points="903,2950 986,2950 1070,2950 1154,2950 1238,2950 1322,2950 1405,2951 1489,2951 1573,2951 1657,2951 1741,2951 1824,2951 1908,2951 1992,2952 2076,2952 2160,2952 2243,2953 2327,2954 2411,2954 2495,2955 2579,2956"/>
                <TextEquiv>
                    <Unicode>betätigte. — Unter allzu großer Ausdehnung einzelner Scenen und der Zwitterhaftigkeit der Ge¬</Unicode>
                </TextEquiv>
            </TextLine>
            <TextLine id="r1l46" custom="readingOrder {index:45;}">
                <Coords points="891,3008 2513,3022 2579,2974 891,2964"/>
                <Baseline points="901,3000 984,2999 1067,2999 1151,2998 1234,2998 1317,2998 1401,2998 1484,2998 1567,2998 1651,2998 1734,2999 1817,2999 1901,3000 1984,3000 2067,3001 2151,3002 2234,3003 2317,3004 2401,3005 2484,3006 2568,3008"/>
                <TextEquiv>
                    <Unicode>samtstruktur leidet auch Maeterlincks Legende. Der Dichter deutet zwar in einem Vorwort be¬</Unicode>
                </TextEquiv>
            </TextLine>
            <TextLine id="r1l47" custom="readingOrder {index:46;}">
                <Coords points="884,3060 2495,3072 2578,3053 2578,3002 884,3013"/>
                <Baseline points="895,3048 978,3049 1062,3049 1145,3050 1229,3050 1313,3050 1396,3050 1480,3050 1564,3050 1647,3050 1731,3050 1815,3050 1898,3050 1982,3050 2066,3051 2149,3051 2233,3052 2317,3053 2400,3054 2484,3056 2568,3057"/>
                <TextEquiv>
                    <Unicode>scheiden an, er habe nur ein Libretto geliefert, aber er hat doch weit mehr geboten, und anderseits</Unicode>
                </TextEquiv>
            </TextLine>
            <TextLine id="r1l48" custom="readingOrder {index:47;}">
                <Coords points="885,3095 2591,3116 2592,3046 885,3063"/>
                <Baseline points="895,3098 979,3097 1063,3097 1147,3097 1232,3096 1316,3096 1400,3096 1484,3096 1569,3096 1653,3097 1737,3097 1821,3098 1906,3098 1990,3099 2074,3099 2158,3100 2243,3101 2327,3102 2411,3103 2495,3104 2580,3105"/>
                <TextEquiv>
                    <Unicode>ist die stimmungsvolle und durchweg gut angepaßte Musik Max Marschalks so ausgedehnt, als</Unicode>
                </TextEquiv>
            </TextLine>
            <TextLine id="r1l49" custom="readingOrder {index:48;}">
                <Coords points="877,3155 2585,3169 2568,3105 877,3102"/>
                <Baseline points="888,3149 972,3149 1056,3148 1141,3148 1225,3148 1309,3148 1394,3148 1478,3148 1562,3148 1647,3149 1731,3149 1815,3149 1900,3150 1984,3150 2068,3150 2153,3151 2237,3151 2321,3152 2406,3152 2490,3153 2575,3154"/>
                <TextEquiv>
                    <Unicode>handle es sich um ein Musikdrama, und doch wieder keine Opernmusik. Und so ist schließlich so</Unicode>
                </TextEquiv>
            </TextLine>
            <TextLine id="r1l50" custom="readingOrder {index:49;}">
                <Coords points="888,3195 2582,3217 2582,3171 2404,3159 888,3164"/>
                <Baseline points="899,3197 982,3196 1066,3195 1149,3194 1233,3194 1317,3194 1400,3194 1484,3194 1567,3194 1651,3195 1735,3195 1818,3196 1902,3197 1985,3198 2069,3198 2153,3199 2236,3200 2320,3201 2403,3202 2487,3203 2571,3204"/>
                <TextEquiv>
                    <Unicode>etwas wie ein Melodrama zu stande gekommen, in dem die Musik das gesprochene Wort und</Unicode>
                </TextEquiv>
            </TextLine>
            <TextLine id="r1l51" custom="readingOrder {index:50;}">
                <Coords points="876,3250 2581,3259 2581,3216 2170,3201 877,3220"/>
                <Baseline points="887,3247 971,3246 1055,3245 1139,3245 1223,3245 1308,3245 1392,3245 1476,3245 1560,3246 1644,3246 1729,3247 1813,3248 1897,3249 1981,3249 2065,3250 2150,3250 2234,3251 2318,3251 2402,3252 2486,3252 2571,3252"/>
                <TextEquiv>
                    <Unicode>das gesprochene Wort die Musik abwechselnd störend ablöst. In der Doppelrolle der unzufriedenen</Unicode>
                </TextEquiv>
            </TextLine>
            <TextLine id="r1l52" custom="readingOrder {index:51;}">
                <Coords points="885,3300 2587,3289 885,3249"/>
                <Baseline points="895,3296 979,3295 1063,3294 1147,3294 1231,3294 1315,3294 1399,3294 1483,3294 1567,3294 1651,3295 1736,3295 1820,3296 1904,3296 1988,3297 2072,3297 2156,3298 2240,3298 2324,3299 2408,3299 2492,3299 2577,3300"/>
                <TextEquiv>
                    <Unicode>Nonne, die nächtlicherweile mit dem Liebhaber entflieht, und der Gottesmutter, die von ihrem</Unicode>
                </TextEquiv>
            </TextLine>
            <TextLine id="r1l53" custom="readingOrder {index:52;}">
                <Coords points="876,3353 2583,3359 2583,3308 2373,3299 877,3298"/>
                <Baseline points="887,3346 971,3345 1055,3344 1139,3344 1224,3343 1308,3343 1392,3343 1476,3343 1561,3343 1645,3344 1729,3344 1813,3345 1898,3345 1982,3346 2066,3347 2150,3347 2235,3348 2319,3348 2403,3349 2487,3349 2572,3349"/>
                <TextEquiv>
                    <Unicode>Diedestal in der Alosterkirche herabsteigt und zwanzig Jahre lang die Rolle der entflohenen</Unicode>
                </TextEquiv>
            </TextLine>
            <TextLine id="r1l54" custom="readingOrder {index:53;}">
                <Coords points="879,3398 2588,3413 2588,3351 879,3353"/>
                <Baseline points="889,3393 973,3393 1057,3393 1142,3392 1226,3392 1311,3392 1395,3392 1479,3392 1564,3392 1648,3392 1733,3393 1817,3393 1901,3393 1986,3394 2070,3394 2155,3395 2239,3396 2323,3397 2408,3398 2492,3399 2577,3400"/>
                <TextEquiv>
                    <Unicode>Schwester Zeatrix spielt, bis diese müde und gebrochen von allen Enttäuschungen und Lastern des</Unicode>
                </TextEquiv>
            </TextLine>
            <TextLine id="r1l55" custom="readingOrder {index:54;}">
                <Coords points="883,3454 2590,3439 883,3397"/>
                <Baseline points="893,3443 977,3442 1061,3442 1146,3441 1230,3441 1314,3441 1399,3441 1483,3441 1567,3441 1652,3441 1736,3441 1820,3441 1905,3442 1989,3442 2073,3443 2158,3443 2242,3444 2326,3445 2411,3446 2495,3448 2580,3449"/>
                <TextEquiv>
                    <Unicode>Lebens zurückkehrt, um im Schutz der heiligen Mauern ihre renige Seele auszuhauchen, bot</Unicode>
                </TextEquiv>
            </TextLine>
            <TextLine id="r1l56" custom="readingOrder {index:55;}">
                <Coords points="881,3503 2575,3498 2378,3452 882,3456"/>
                <Baseline points="893,3491 976,3490 1060,3490 1143,3489 1227,3489 1311,3489 1394,3489 1478,3489 1561,3489 1645,3490 1729,3490 1812,3491 1896,3491 1979,3492 2063,3493 2147,3494 2230,3495 2314,3496 2397,3497 2481,3498 2565,3500"/>
                <TextEquiv>
                    <Unicode>Agnes Sorma die vielleicht bedeutendste ihrer bisherigen Schöpfungen, und niemals schien sie</Unicode>
                </TextEquiv>
            </TextLine>
            <TextLine id="r1l57" custom="readingOrder {index:56;}">
                <Coords points="880,3544 2582,3577 2582,3509 2434,3502 880,3501"/>
                <Baseline points="891,3540 975,3540 1059,3540 1143,3540 1227,3540 1311,3540 1395,3540 1479,3540 1563,3541 1647,3541 1731,3542 1815,3542 1899,3543 1983,3543 2067,3544 2151,3545 2235,3546 2319,3547 2403,3548 2487,3549 2571,3550"/>
                <TextEquiv>
                    <Unicode>wir der Duse so gleich zu kommen in der rührenden Jnnigkeit der großen flehenden, erschreckten.</Unicode>
                </TextEquiv>
            </TextLine>
            <TextLine id="r1l58" custom="readingOrder {index:57;}">
                <Coords points="875,3608 2486,3620 2575,3602 2576,3551 875,3560"/>
                <Baseline points="886,3591 974,3590 1062,3590 1151,3590 1239,3590 1327,3590 1416,3591 1504,3591 1592,3592 1681,3593 1769,3593 1858,3594 1946,3595 2034,3595 2123,3596 2211,3596 2299,3596 2388,3596 2476,3596 2565,3596"/>
                <TextEquiv>
                    <Unicode>Augen, der lieblichen Demut und der strahlenden Hoheit, in der scharf und sicher auseinander¬</Unicode>
                </TextEquiv>
            </TextLine>
            <TextLine id="r1l59" custom="readingOrder {index:58;}">
                <Coords points="884,3657 2578,3656 2455,3603 884,3608"/>
                <Baseline points="894,3639 977,3640 1061,3640 1145,3641 1228,3642 1312,3642 1396,3643 1479,3643 1563,3644 1647,3644 1731,3644 1814,3645 1898,3645 1982,3645 2065,3645 2149,3646 2233,3646 2316,3646 2400,3647 2484,3647 2568,3648"/>
                <TextEquiv>
                    <Unicode>gehaltenen Charakteristik der ins Leben Fliehenden und gebrochen Zurückkehrenden. Die Beredt¬</Unicode>
                </TextEquiv>
            </TextLine>
            <TextLine id="r1l60" custom="readingOrder {index:59;}">
                <Coords points="883,3725 2585,3712 2573,3655 883,3657"/>
                <Baseline points="894,3693 978,3693 1062,3694 1146,3694 1230,3694 1314,3695 1398,3695 1482,3695 1566,3696 1650,3696 1734,3696 1818,3697 1902,3697 1986,3698 2070,3698 2154,3699 2238,3699 2322,3700 2406,3700 2490,3701 2574,3701"/>
                <TextEquiv>
                    <Unicode>samkeit ihres stummen Spieles als Maris, die sich in Beatrir verwandelt hat, und von Aebtissin,</Unicode>
                </TextEquiv>
            </TextLine>
            <TextEquiv>
                <Unicode>box 23/1
18. Der einsane Neg
Bühne und Welt.
475
anderer Seite bestritten wurde. Zum Schluß herrschte wohl allgemein der Eindruck, die nicht
alltägliche interessante Schöpfung eines ausgetretene Bahnen und Alltagskonflikte verschmähenden
Poeten kennen gelernt zu haben.—
Zu den interessanten Theaterabenden sind trotz aller Einwendungen auch die Premieren
von Otto Julius Bierbaums „Stella und Antonie“ im Berliner Theater und Bernhard
Shaws Komödie „Der Schlachtenlenker“ und Maeterlincks Legende „Schwester Beatrix“
im Neuen Theater zu rechnen. Bierbaums Schauspiel fesselte in den ersten Akten durch die
originelle Mischung beterogener Elemente und Stile, obgleich als höhere Einheit doch Zeit= und
Milienkolorit, das ausgehende Barockzeitalter, mit ziemlicher Konsequenz und Treue eingehalten
wird. Auch der Charakter der kapriziösen, nach ungewöhnlichen Emotionen verlangenden
Komtesse ist zum mindesten in den Grundzügen sehr fein angelegt, dagegen kommt der Gegensatz
zwischen Antonie und der Sängerin Stella, die, von den gleichen Leidenschaften und Charakter¬
fehlern beherrscht, ihrem geliebten Johann Christian aus Kaprice mit einem buckligen, häßlichen
Souffleur durchgeht, absolut nicht zum Ausdruck, zumal in der von Bierbaum für die Berliner
Aufführung gemodelten Fassung des Schlußaktes, in der jetzt nicht mehr die eifersüchtige Stella
die Komtesse ersticht, sondern Johann Christian aus Verzweiflung, daß Antonie nichts mehr von
ihm wissen will, sich selber den Tod gibt. In der Vereinigung der mancherlei altertümlichen
Elemente und Reminiszenzen an die Tage des Harlekins, des Singspiels der englischen Komö¬
dianten und der blutrünstigen Haupt= und Staatsaktionen, der galanten Schäfereien und des
Lohensteinschen Schwulstes, dem in der Doesie Günthers, Bierbaums Johann Christian, nach
langer Zeit wieder einmal die Stimme der Natur entgegentritt, scheint mir der Wert, richtiger
der Kuriositätswert von Vierbaums Schauspiel zu liegen. — In der Rolle der Antonie bot Ida
Roland eine recht interessante und vielversprechende Leistung. Um so ahnungsloser stand, soweit
es sich nicht um den etwas reichlich ausgedehnten Liedervortrag handelte, ein ad hoc engagiertes
Fräulein Bardi der Rolle der Stella gegenüber. Hans Mischke bot als Johann Christian
wohl seine beste bisherige Leistung.
Die einaktige Komödie vom Schlachtenlenker hat uns die erste Bekanntschaft mit dem in
letzter Zeit viel genannten englischen Dramatiker auf der Bühne vermittelt, nicht eben unglücklich,
j da sie spezisische Seiten von Shaws Individualität und Talent recht charakteristisch zeigt. Diel¬
leicht bezeichnet man das Stück am treffendsten als eine Parodie auf Carlples berühmtes Buch
über „Belden und Heldenverehrung“. Shaw gefällt sich bald freiwillig in der Rolle des Kammer¬
dieners, für den es keinen großen Mann gibt, bald sucht er ernsthaft dem Genie die Züge, die
 es zum Genie machen, abzulauschen, bald gefällt er sich in echt englischen Clownspäßen. Seine
Charakteristik des jungen, skrupellosen, ehrgeizigen Uebermenschen und Siegers von Marengo ent¬
hält köstliche Finessen. Nicht minder die der unbekannten Schönen aus Paris, die die Josephine
kompromittierenden Briefe an Barras vor den Augen des Ehemanns retten soll. Aber List,
Intrige, Plänkelei und Schlußaktion geraten gar zu breit und schließlich gar zu possenhaft, so
daß unser Interesse an den Bühnenvorgängen erlahmt, obgleich Agnes Sorma die fremde
Dame in jeder Beziehung wirklich charmant und drollig verkörperte und auch Max Reinhardt,
so wenig ihm die Rolle des jungen Napoleon liegt, seine eindringliche Charakterisierungskunst
betätigte. — Unter allzu großer Ausdehnung einzelner Scenen und der Zwitterhaftigkeit der Ge¬
samtstruktur leidet auch Maeterlincks Legende. Der Dichter deutet zwar in einem Vorwort be¬
scheiden an, er habe nur ein Libretto geliefert, aber er hat doch weit mehr geboten, und anderseits
ist die stimmungsvolle und durchweg gut angepaßte Musik Max Marschalks so ausgedehnt, als
handle es sich um ein Musikdrama, und doch wieder keine Opernmusik. Und so ist schließlich so
etwas wie ein Melodrama zu stande gekommen, in dem die Musik das gesprochene Wort und
das gesprochene Wort die Musik abwechselnd störend ablöst. In der Doppelrolle der unzufriedenen
Nonne, die nächtlicherweile mit dem Liebhaber entflieht, und der Gottesmutter, die von ihrem
Diedestal in der Alosterkirche herabsteigt und zwanzig Jahre lang die Rolle der entflohenen
Schwester Zeatrix spielt, bis diese müde und gebrochen von allen Enttäuschungen und Lastern des
Lebens zurückkehrt, um im Schutz der heiligen Mauern ihre renige Seele auszuhauchen, bot
Agnes Sorma die vielleicht bedeutendste ihrer bisherigen Schöpfungen, und niemals schien sie
wir der Duse so gleich zu kommen in der rührenden Jnnigkeit der großen flehenden, erschreckten.
Augen, der lieblichen Demut und der strahlenden Hoheit, in der scharf und sicher auseinander¬
gehaltenen Charakteristik der ins Leben Fliehenden und gebrochen Zurückkehrenden. Die Beredt¬
samkeit ihres stummen Spieles als Maris, die sich in Beatrir verwandelt hat, und von Aebtissin,</Unicode>
            </TextEquiv>
        </TextRegion>
        <TextRegion orientation="0.0" id="r2" custom="readingOrder {index:1;}">
            <Coords points="3254,4053 3254,4205 3281,4205 3281,4053"/>
            <TextLine id="r2l1" custom="readingOrder {index:0;}">
                <Coords points="3244,4161 3255,4160 3259,4155 3265,4155 3270,4159 3274,4158 3276,4160 3293,4159 3289,4108 3278,4109 3263,4127 3259,4128 3252,4124 3241,4125"/>
                <Baseline points="3254,4155 3281,4153"/>
                <TextEquiv>
                    <Unicode>*</Unicode>
                </TextEquiv>
            </TextLine>
            <TextEquiv>
                <Unicode>*</Unicode>
            </TextEquiv>
        </TextRegion>
    </Page>
</PcGts>
