3484 4384
1382 367 1870 464 box 23/5
905 381 965 447 M
236 382 1258 488 18. Der einsade-neg
2283 962 2371 1048 W
1729 1036 2678 1097 lig entwurzelt, und man fragt sich einigermaßen
1737 1082 2667 1125 verwundert, wie das Schauspielhaus und sein
1729 1108 2681 1174 künstlerischer Leiter, der den „Einsamen Weg“ selbst
909 1116 1495 1205 Theater, Kunst
1728 1160 2667 1209 inszeniert hatte, gerade in dieser Zeit nach diesem
1737 1187 2669 1244 Stück greifen konnten. Dramen, denen es nur
883 1195 1495 1277 S und Wissenschaft
1738 1238 2673 1284 um eine Wirkung auf die Nerven zu tun ist,
1506 1223 1703 1316 K
865 1265 1034 1306 EIRTR ar: 1
1728 1268 2675 1338 bedürfen der malerisch=reichen Bühne. Dr. Eger
1745 1310 2673 1364 hatte infolgedessen die höchsten szenischen An¬
863 1335 1628 1422 Deutsches Schauspielhaus.
1735 1360 2670 1406 strengungen gemacht. Seine Inszenierung ent¬
1739 1387 2674 1445 faltete in den geschmackvoll komponierten Land¬
861 1385 1724 1454 Gestern wurde zum ersten Male das bereits
1734 1424 2674 1496 schaften und Innenräumen allen Zauber der
778 1449 1722 1518 vor fünfzehn Jahren geschriebene fünfaktige Schau¬
1737 1454 2676 1526 Kulisse, und die Darsteller erschöpften sich in
775 1477 1722 1537 spiel „Der einsame Weg“ von Arthur
1745 1504 2682 1567 feinen und komplizierten Leistungen, um alle
782 1527 1724 1579 Schnitzler gegeben. Aber in diesen schwer¬
1745 1545 2685 1602 Schattierungen in den Stimmungen des „Ein¬
781 1555 1719 1610 sten Stunden Deutschlands versagten die sonst
1746 1583 2671 1642 samen Weges“ herauszubringen. Die beiden
783 1610 1730 1659 so wirkungsvollen melancholischen Reize, die
1736 1623 2674 1677 melancholischen Lebemänner gelangen Rober:
774 1632 1735 1693 ein Kennzeichen der Stücke des nachdenklichen
1742 1657 2670 1712 Nhil und Carl Wagner vortrefflich.
781 1687 1721 1731 Wiener Dichters sind und die im „Einfamen
1730 1704 2679 1765 Julius Kobler und Hermann Wlach
778 1721 1720 1772 Weg“ besonders stark hervortreten. Diese
1740 1742 2677 1797 zeichneten nicht minder zutreffend ihre Anti¬
775 1752 1720 1807 Schmerzen zweier eleganter Lebensgenießer,
1735 1778 2675 1830 poden. Reinhold Lütjohann gab den
788 1795 1718 1841 die den Herbst kommen fühlen und die Ent¬
1739 1821 2665 1883 Jüngling, um den sich der illegitime Vater be¬
773 1827 1720 1877 sagung, das Begnügen an der Erinnerung an
1737 1854 2677 1917 müht, mit liebenswürdiger Energie, und Hilde
787 1873 1718 1928 die Stelle des unbedenklichen Genusses treten
1675 1891 1725 1933 82
1728 1898 2689 1960 Knoth lieh ihrer verliebten Achtzehnjährigen
785 1922 1725 1983 lassen sollen — wie nahe wären sie uns ein
1737 1951 2681 1995 ophelienhaften Reiz. Von den sonstigen Dar¬
782 1953 1729 2007 vielleicht gegangen, wie kalt lassen sie uns
1742 1977 2675 2037 stellern erwarben sich noch Gertrud Arnold
779 1991 1726 2042 heute! Was einst vielen als Ursprünglichkeit
2143 2018 2681 2084 da erwähnenswerte Ver¬
1738 2023 2067 2084 und Julia &
789 2030 1724 2082 erschienen wäre, dünkt uns heute sentimentale
1747 2045 2675 2119 dienste. Das Publikum, obwohl es ziemlich
786 2070 1734 2126 Mache. Der eine der beiden 45jährigen Lebe¬
1738 2098 2680 2167 kühl blieb, war gutmütig genug, am Schluß leb¬
776 2111 1721 2158 männer gewinnt sich noch einmal die Neigung
2547 2133 2648 2200 K.
1750 2134 2259 2211 haften Beifall zu äußern.
774 2149 1728 2201 einer Achtzehnjährigen, obwohl er wegen sei¬
786 2200 1728 2243 ner Herzschwäche dem Lebens= und Liebes¬
786 2225 1729 2293 genuß Valet gesagt hat. Sie begeht um seinet¬
1846 2227 2561 2319 Altonaer Stadt=Theater.
793 2268 1735 2324 willen Selbstmord und er — erschießt sich, da
1605 2298 1740 2355 Der“
1869 2292 2534 2354 „Hochparterre und Keller“
778 2306 1599 2364 der Herzschlag auf sich warten läßt.
791 2333 2705 2397 andere entdeckt in dem Sohn einer ehrenwerten  Wiel Mühe Arbeit und Geschick sind darauf 1
1732 2368 2693 2431 verwandt worden, um ein altes Restroysches
791 2385 1735 2438 Familie sein Kind, wirbt aber vergebens um
1748 2415 2686 2472 Stück, das nach dem Beispiel von E. T. A.
795 2428 1725 2477 dessen Zuneigung. Durch diese beiden Fälle
1733 2452 2690 2513 Hoffmann die Wände der Häuser aufklappt und
780 2453 1725 2514 will der Dichter beweisen, wie chmerzlich ein¬
1453 2491 1734 2551 des Lebens
1739 2493 2688 2566 gleichzeitig die Vorgänge im Hochparterre und
785 2500 1453 2561 sam die selbstsüchtigen Gentek
1739 2531 2658 2596 Keller schauen läßt, zu galvanisieren. Otto
788 2536 1738 2593 die letzte Hälfte ihres Daseins zurücklegen müssen,
1743 2563 2669 2641 Ernst hat nicht nur die Bearbeitung über¬
790 2574 1746 2629 von nagendem Schuldgefühl gepeinigt und den¬
1743 2607 2681 2670 nommen, sondern auch mit zarter Hand die
792 2613 1732 2672 noch außerstande, zu bereuen. Wie merkwürdig
1749 2639 2677 2709 Harfe geschlagen, um zu eigenen Liedern die
793 2656 1733 2716 berührt es uns heute, da eine ganz andere Tragik
1744 2687 2688 2754 Musik zu setzen. Kapellmeistev Hans Belusa,
794 2691 1737 2746 unser Wesen bedrückt, daß wir dergleichen einst
2231 2721 2522 2781 Kapellmeister
1738 2731 2201 2792 den gestern Herr
796 2735 1733 2793 als ernsthafte Dichtung haben nehmen können!
2588 2756 2700 2813 hat
1904 2765 2560 2829 am Dirigentenpult vertrat,
787 2771 1731 2829 Das Stück ist zudem ein Zwitter. Es wirbt um
2578 2802 2699 2854 Dr.
1847 2798 2550 2865 musikalisch bearbeitet, Direktor
1740 2814 1857 2869 sie
796 2816 1742 2876 unsere Teilnahme einzig für die beiden ent¬
1751 2835 2696 2897 Loewenfeld hat sich selbst bemüht, um
782 2841 1745 2909 täuschten selbstsüchtigen Genießer, während die
1754 2874 2699 2940 das ganze in Szene zu setzen, und endlich leitete
796 2886 1743 2947 selbstlosen Erfüller ihrer Lebens= und Arbeits¬
1742 2926 2698 2980 Herr Wehrlin die Aufführung. Die besten
794 2927 1753 2992 pflicht, ein alter Künstler und ein braver Arzt,
1748 2955 2693 3015 Kräfte der Bühne, die Herren Eppens,
801 2958 1741 3029 ihnen nur als Folie dienen. Gegen diese Unge¬
1750 2997 2695 3057 Haase, Taeger, Hirsch, Wehrlin,
785 3002 1742 3061 rechtigkeit, diese Schiefheit der Auffassung lehnt
1744 3044 2698 3094 Die Damen Goericke, Ferron und Raym,
789 3045 1745 3117 sich das gerade Gefühl auf. Und nur wider¬
1759 3073 2701 3137 spielten und sangen tapfer mit, um den Erfolg
795 3088 1740 3134 willig erkennt man manche Feinheit in der
1758 3114 2700 3173 bei den Zuhörern zu erzielen, der dem zweiten
797 3114 1735 3179 Charakterzeichnung und in der Stimmungs¬
1745 3154 2704 3226 und dritten Aufzug zuteil wurde. Es kreißten
788 3161 1731 3218 schilderung an, die das Schauspiel auszeichnet.
1750 3195 2688 3258 schon die Berge, aber... die Frage bleibt,
798 3203 1741 3259 Aber es fehlt ihm jede Größe. Schnitzler war
1752 3233 2697 3281 ob es wirklich solchen Aufwandes wert war,
805 3261 1745 3300 Arzt, ehe er Dichter wurde. Aber auch als
1746 3268 2694 3328 dieses Stück so aufzufrischen, wie es geschehen.
798 3282 1745 3333 Dichter ist er seinem ursprünglichen Beruf treu
795 3321 2712 3375 geblieben: er etablierte sich als Spezialarzt für Als geschicktem Theatermann ist es Otto Ernst!
1771 3346 2713 3405 natürlich gelungen, eine straffe Handlung zu¬
801 3368 1740 3411 erotische Katzenjammerzustände. Als solcher be¬
1757 3391 2709 3447 sammenzubauen, auch sind seine lyrisch=sentimen¬
798 3400 1750 3454 tätigt er sich auch in dieser Tragikomödie. Aber
1757 3435 2702 3481 talen Lieder=Einlagen nicht ohne Stimmung.
802 3439 1742 3487 der nervöse Sensualismus, der das Theater¬
1756 3474 2703 3516 aber das Ganze kann — immer unter der Vor¬
802 3474 1751 3543 publikum früher für Stücke dieser Art empfänglich
1743 3500 2702 3582 aussetzung, daß auch in diesem Stück der Ver¬
803 3526 1743 3576 machte, ist durch den furchtbaren Krieg der letzten
799 3541 2684 3612 vier Jahre und durch seine jetzige Wendung völ¬ fasser literarisch genommen werden will —
911 3603 2665 3823 Jcuetr Funsutktalf“e i8
2289 3758 2709 3845 #4#
