3436 4352
1062 158 1154 239 W
1397 158 1855 261 box 23/2
247 175 1265 289 18. Der einsane-deg
1477 1538 1622 1624 —
1466 1581 3359 1671 illzuweit getriebenen Egoismus, eine Art Don Juanmotiv nicht gerade erbittert, doch für immer vol
1472 1650 3364 1723 ohne Hölle und Teufel, wie man sich denn wohl an „Don Freunde Fichtner. Dieser hat auch mit se
1468 1698 3342 1765 Jnans Ende“ von Paul Heyse erinnert fühlen mag — bei seinem Sohne kein Glück; der junge
1468 1745 3357 1818 dieser Inhalt wirkt in der Behandlung, die er hier er=lihm: „Sie sind mir fremder geworden
1472 1794 3350 1863 fahren, auch nur traurig, gar nicht tragisch, weil man für weiß.“ Er hat nur die eine Empfindung:
1469 1846 3369 1906 den bestraften Egoisten kaum Sympathie und gewiß kein an dem Manne gut zu machen sei, den er
1457 1876 3357 1953 Mitleid empfinden kann. Das Ganze hat auf den ersten seinen Vater gehalten. Dieser Vater, Proff
1467 1928 3368 1993 Blick etwas Zerfahrenes, die Folge der Szenen oder der hat eine Tochter, Johanna, ein eigentümliche
1457 1991 3343 2063 Ereignisse etwas Rhapsodisches und Willkürliches. Ein- der eigentümlichen Gabe, den nahen Tod
1469 2035 3362 2100 heitlichkeit ist nur in der Stimmung; aber dies Grau in nen bestimmt vorauszusehen. Sie wird die
1467 2091 3367 2151 Grau, dies Gedämpfte, Müd=Resignierte Melanochlische, Herrn von Sala, der sich zur Teilnahme a#
1462 2126 3355 2199 das kaum einmal von einen etwas frischenTon unterbrochen logischen Forschungsreise nach Persien rü
1463 2171 3363 2266 wird, hat, durch fünf Akte hin festgehalten, etwas Lang= wie Johanna erfährt, wegen eines Herzleid
1465 2235 3365 2298 weiliges, Ermüdendes Allerlei Interessen, oder Handlun= schon ziemlich aufgegeben ist. Außerdem sch
1469 2284 3358 2348 gen, wenn man will, gehen neben einander hin, aber der auch jene fatale Sehergahe wieder zu rigen,
1469 2322 3362 2410 Brennpunkt, in dem sich die zerstreuten Strahlen sammeln, wissen, was sonst die Ursacht ist: alsrA#
1467 2379 3349 2447 sehlt und damit auch ein Mittelpunkt des Interesses, oder Vorschlag Salas, ihm als seine Fral nach
1478 2411 3356 2488 der wird zu spät erst entdeckt. Der Maler Julian Fichtnergen, ertränkt sie sich im Teich des Sala
1468 2469 3365 2554 Riat vor 23 Jahren die Braut seines Freundes Wegrath] Wie nun der Vater, tief erschütiert, dieses U
445 2546 3360 2616 :: Mit der ersten Novität im neuen Spieljahre hat man verfiert, und da er nun bei zunehmendem Alter sich ein= ruft der Ulanenleutnant, seine Hand küssend,
1479 2553 3361 2645 sam fühlt und nach einer Seele verlangt, die zu ihm ge¬ Der Alte erwidert: „Müssen solche Dinge
399 2600 1499 2680 im Schauspielhause nicht viel Glück gehabt. Die
1481 2603 3366 2698 höre, glaubt er den Sohn seiner ehemaligen (zwischen dem mir dies Wort klingt, als hört' ichs
405 2641 1483 2717 Aufnahme, die Schnitzlers Schauspiel „Der ein¬
2746 2661 3347 2733 ?“ Fichtner ist dabei langsam
1495 2680 2768 2739 ersten und zweiten Akt. verstorbenen) Geliebten, der einimal ....
404 2701 1493 2776 same Weg“ gestern dorten sand, sah einer Ablehnung
1478 2721 3363 2792 schmucker Ulanenoffizier geworden ist, für sich als seinen Erst in dieser Schlußengung wird eine V
396 2743 1489 2808 nicht ganz unähnlich. Obwohl im Verlauf des Stückes eine
395 2804 3365 2867 Person sich umbringt, eine andere, vom Arzte bereits auf= Sohn reklamieren zu dürfen, zumal da der junge Mann bis dahin gesondert nebeneillauber hingegc
399 2868 3362 2908 gegeben,, diesebe Absicht verrät, und eine dritte eines natür= eine gewisse Schwärmerei für ihn hat. Außerdem trifftlungen (wenn man den Ausdruck brauchen )
393 2908 3366 2963 lichen Todes stirbt, nennt sich das Stück bescheiden doch Fichtner nach langer Abwesenheit in Wien auch mit einer Aber gerade dadurch macht sich das Unorg#
404 2958 3377 3004 nur Schauspiel. Mit Recht: etwas Tragisches, das er= Schauspielerin wieder zusammen, die gleichfalls vor drei= bau erst recht fühlbar. Indem man dem A#
395 2956 3383 3056 hebt, indem es zermalmt, würde man ganz umsonst suchen, undzwanzig Jahren seine Geliebte gewesen und dann seinel so lang ## Uingewissen gelassen, nun mit ei
394 3009 3371 3100 nur Trauriges ist vorhanden, in quäleuder Ueberfülle so= gute Freundin geworden ist. och jetzt beklagt sies bitter, tief in die Karten schaut, merkt man nicht n
388 3061 3361 3145 gar. Das Motiv für jenen Selbstmord wird nicht recht daß ihrer Liebe damals ein Kino versagt geblieben, das Spiel wenig geschickt geführt hat, sondern
402 3148 3372 3218 klar; vielmehr: es scheint fast in einer hysterischen Laune ihrem Leben doch einen anderen Halt gegeben hätte; und nüchtert, indem das, was uns ergreifen sollt
401 3145 3374 3244 gefunden werden zu müssen. Der Inhalt des Stückes — wie sie dahinter kommt, daß Fichtner der Vater jenes ge= Faktor in einem Rechenexempel herausstellt
401 3244 3367 3321 man könnte sagen, es sei die wohlverdiente Bestrafung eines rade 23jährigen Ulanenleutnants ist, scheidet sie, wenn auch rung ließ viel zu wünschen übrig: wer das
