3392 4448
1358 232 1838 327 box 23/1
233 224 1244 333 18. Der einsane Neg
1471 1096 1930 1172 Berliner Theaterkunst.
2269 1082 2403 1179 795
1009 1199 2402 1254 leben und Akte dieser Künstler gaben uns den erfreulichen Beweis dafür.
1000 1253 2404 1311 daß die Berliner Sezession durchaus nicht mehr allein auf ihre bekannten
1000 1302 2310 1376 und berühmten „Matadore“ gestellt ist. Der Nachwuchs ist gesichert!
1408 1456 1988 1562 Berliner Theaterkunst.
1415 1550 1978 1641 Von Theodor Kappstein.
1108 1650 2402 1710 In den vergangenen Wochen sind an zwei Berliner Bühnen zwei
997 1710 2402 1747 Dichtungen zur Erstaufführung gelangt, die in gleichem Grade undramatisch
995 1762 2381 1807 genannt werden müssen, wie sie bei denjenigen Besuchern, die nicht „Masse“
1009 1811 2390 1883 sind, eine tiefgehende Wirkung ausgelöst haben. Ich spreche von Arthur
1000 1853 2409 1934 Schnitzlers Schauspiel: Der einsame Weg, und von Maurice
998 1903 1932 1954 Maekerlincks Singspiel: Schwester Veatrix.
1101 1941 2407 2022 Der Wiener Schnitzler ist ein feinfühliger moderner Doet, dessen
1009 2011 2402 2069 Werke: Liebelei, Der Schleier der Beatrice, Lebendige Stunden und mehrere
1003 2055 2405 2097 Einakter seinen Namen als den eines berufenen Dramatikers festgelegt haben.
1007 2103 2409 2152 Seine Eigenart ist der Schleier des Symbols, sein Ziel das künstlerische
1009 2152 2397 2209 Bemühen, dem Leben auf seinen verschwiegenen Pfaden nachzugehen und
1004 2204 2397 2248 ihm seinen letzten Sinn abzulauschen. Er ist ein Gedankenpoet, der alle
1006 2260 2397 2312 grellen Beleuchtungen flieht und zarte Pastellkönungen bevorzugt, ein reicher
990 2304 2406 2354 vornehmer Geist, der immer etwas Eigenes zu sagen hat. Darum eben kein
1008 2359 2408 2414 Dramatiker nach Publikums Geschmack, da er nicht mit groben Schlagern
1005 2395 2403 2461 handelt. Man kann seiner jüngsten Dichtung, ohne ein Prophet zu sein,
1006 2451 2388 2509 einen einsamen Weg über die Bühnen vorhersagen; zu den schon an¬
995 2494 2409 2563 gedeuteten Mängeln, welche matt schimmernde Vorzüge sind, kommen diesmal
1003 2548 2396 2590 manche tatsächliche Anklarheiten der Linienführung hinzu und zwei recht bühnen¬
1002 2597 2405 2657 sorglose Aktschlüsse, die für das Stück geradezu gefährlich sind. Aber welch
1001 2652 2396 2717 feines Geflecht breitet sich vor uns aus in dieser Tragödie des Egoismus,
991 2692 2405 2766 die jeden seiner Diener unerbittlich nötigt, in der Bahn seiner selbstischen
994 2747 2402 2808 Eigenart einsam zu bleiben und einsam zu werden, während sich der eine,
991 2797 2408 2865 der seine Tage in den Dienst der anderen stellt, durch solchen Opfergang
1003 2848 2400 2901 den Freund erringt für den einsamen Lebensabend, der nun nicht verein¬
996 2884 1191 2945 samt ist.
1104 2909 2397 2996 Zwei Junggesellen stehen im Vordergrund der Handlung. Sie bestimmen
991 2997 2406 3060 das Schicksal ihrer Amgebung. Julian Fichtner, ein Maler, hat in heißen
1000 3040 2398 3084 Jugendtagen die Braut seines Freundes Wegrath an sich gezogen; er wollte
998 3091 2413 3149 mit ihr fliehen, daß sie für immer ihm gehöre; aber aus Egoismus, um sein
999 3135 2399 3182 Leben nicht festzulegen, hat er sie sitzen lassen. Gabriele wurde des Be¬
993 3193 2404 3247 trogenen Gattin, und Felix, das älteste der beiden Kinder des Kunstakademie¬
1001 3241 2406 3285 direktors, ist in Wahrheit Fichtners Sohn. Frau Gabriele hat ihrem Gatten
993 3285 2409 3325 die sündige Stunde ihrer Maienblüte niemals eingestanden; sie wurde ihm
999 3331 2401 3382 trotzdem eine gute Gattin und den Kindern eine gute Mutter. Jetzt sieht
999 3386 2413 3443 sie ihr tätiges Leben im Sande verrinnen, sie erliegt einem organischen
995 3430 1928 3488 Leiden. Dem Hausarzt lüftet sie das Geheimnis
1971 3427 2392 3497 er läßt sie ihren ein¬
1000 3476 2411 3529 samen Weg gehen mit dem Geleite: „Eine Lüge, die sich so stark erwiesen
1000 3523 2402 3570 hat, daß sie den Frieden eines Hauses tragen kann, ist mindestens so ver¬
989 3585 2413 3656 ehrungswürdig als eine Wahrheit, die nichts anderes vermöchte, als das
