3484 4320
1137 240 1196 308 W
1483 242 1942 336 box 23/3
314 240 1321 346 18. Derein
1227 984 1614 1075 Telephon 12801.
1274 1083 1453 1165 □5
690 1114 1395 1205 „UDSEHVEN
520 1186 1608 1258 I. österr. behördl. konz. Unternehmen für Zeitungs-Ausschnitte
719 1242 1444 1330 Wien, I., Concordiaplatz 4.
929 1309 1230 1381 Vertretungen
527 1369 1622 1411 in Berlin, Budapest, Chicago, Christiania, Genf, Kopenhagen,
526 1412 1627 1462 London, Madrid, Mailand, Minneapolis, New-York. Paris, Rom,
695 1455 1462 1509 San Francisco, Stockholm, St. Petersburg.
878 1489 1300 1550 (Quellenangabe ohne Gewähr.)
536 1555 951 1627 Ausschnitt aus:
1091 1595 1497 1677 Gmwrcird
531 1658 700 1715 vom:
697 1667 960 1765 B
1258 1678 1487 1809 427
720 1859 1466 1947 Kunst und Wissenschaft.
1254 1933 1620 1999 Berlin, 20. April.
555 1975 1662 2047 ch. Im Lessingtheater wurde gestern Abend Arthur
509 2019 1663 2076 Schnitzlers fünfaktiges Drama „Der einsame Weg“ neu
728 2075 1655 2124 nachdem es zwei Jahre lang von den Bühnen
517 2111 1658 2162 verschwunden war. Warum diese Ausgrabung vorgenommen
511 2161 1664 2216 wurde, ist mir ein Rätsel, es müßte denn sein, daß die
505 2196 1655 2252 Direktion im Hinblick auf das Wiener Gastspiel des Lessing¬
513 2252 1652 2318 theater = Ensembles ein kurzes Exerzitium vornehmen
515 2283 1114 2350 wollte, um den Wienern
1111 2291 1659 2355 zu zeigen, wie man
505 2334 1657 2392 in Berlin Schnitzler spielt. Ueber den Inhalt des
510 2372 1664 2435 Stückes selbst ist seinee Zeit an dieser Stelle eingehend be¬
500 2422 1659 2487 richtet worden, und es mag tatsächlich kaum ein Bedürfnis
499 2466 1654 2539 vorliegen, die Erinnerung daran, die eine wenig erquickliche
515 2502 1666 2575 ist, heute wieder aufzufrischen. Ist ist doch der alte, ab¬
513 2551 1660 2613 gestandene Rietzschesche Quark, das „jenseits von Gut und
498 2588 1659 2656 Böse“ mit dem schönen „Sichausleben“ als „Herrenmensch“.
506 2635 1649 2679 den Schnitzler in allen seinen Machwerken auf das
510 2676 1656 2749 sexuelle Gebiet überträgt und hier in allen Farben
497 2725 1650 2772 varüert! Daß er dabei so ziemlich das Gegenteil von
490 2764 1656 2843 dramatischem Talent entfaltet, indem seine ganze bühnentech¬
507 2820 1650 2862 nische Weisheit auf das langweilige Ausspinnen von allerdings
507 2857 1651 2929 stellenweise geistreich zugespitzten Dialogen hinausläuft: dieser
505 2896 1643 2946 Umstand ist ebenfalls nicht geeignet, ein tieferes Inter¬
495 2950 544 2989 e
649 2945 1658 3009 an seinen „Schöpfungen“ aufkommen zu lassen.
488 2988 1654 3050 Die auf der höchsten Stufe der Vollendung stehenden
499 3034 1654 3094 Darsteller des Lessingtheaters brachten auch gestern wieder das
489 3081 1651 3119 Kunststück fertig, das an hohlen Tiraden ebenso reiche wie an
489 3125 1651 3187 Erfindung arme Machwerk über Wasser zu halten: vor allem
487 3176 1652 3228 Herr Bassermann, der dem alten Sala einen unnachahmlich
488 3213 1658 3260 feinen Hauch von Resignation zu geben vermochte. Ferner
490 3258 1650 3305 Irene Triesch, die sich ja für die Darstellurg
491 3292 1654 3374 hysterisch=exzentrischer Frauennaturen wie kaum eine andere
495 3335 1642 3395 Künstlerin eignet. Die Rolle des Malers, die früher
495 3379 1652 3425 Herr Rittner fest zugreifend mit keckem Uebersprudeln
488 3424 1101 3489 vorzüglich verkörperte, gab
1101 3429 1639 3498 diesmal Herr Reicher
477 3478 1644 3522 wenig dankenswert. Denn er verlor sich in einen
491 3519 1644 3570 salbungsvoll rhetorischen Ton, der zu dieser Rolle ganz und
479 3571 1642 3624 gar nicht paßt. Die Ensembleleistung war in allen Teilen
478 3614 1642 3681 kein abgestimmt und jedenfalls einer besseren Sache würdig.
2584 901 2971 961 Telephon 12801.
2705 983 2839 1061 5
2099 1015 2799 1098 „UDSEAVER
1915 1084 3003 1148 I. österr. behördl. konz. Unternehmen für Zeitungs-Ausschnitte
2106 1145 2822 1228 Wien, I., Concordiaplatz 4.
2319 1207 2627 1273 Verfretungen
1920 1258 3011 1318 in Berlin, Budapest, Chicago, Christiania, Genf, Kopenhagen.
1918 1306 3009 1355 London, Madrid, Mailand, Minneapolis, New-York, Paris, Rom.
2080 1344 2842 1396 San Francisco, Stockholm, St. Petersburg.
2261 1376 2674 1446 (Quellenangabe ohne Gewähr.)
1915 1414 3013 1534 Ausschnitt ausprintel Borsen Zeitung
2460 1543 2787 1626 20 APR 1906
1939 1565 2074 1623 vom:
2148 1692 2854 1799 Kisnst und Wissenschaft.
2941 1770 2987 1823 1
2137 1775 3004 1846 Schntzlers, „Einsamer Weg“ ist gestern;
2025 1806 2998 1885 im Lefsing=Theater neu einstudiert in Szene ge¬
2021 1844 2988 1921 ganget, und wieder hat, wie vor zwei Jahren
2027 1881 2106 1924 im
2106 1877 2544 1945 Deytschen —Theater,
2575 1899 2680 1945 das
2713 1893 2840 1956 feine,
2839 1912 2991 1965 leise
2023 1919 2980 1988 Stücks tiefé Wirkung gemacht. Uebrigens so
2016 1955 2986 2041 leise sst das Stück nun auch nicht, daß es im:
2024 1999 2973 2081 Flüstértone gesprochen werden sollte, wie Irene
2012 2019 2456 2102 Triesch gestern tat,
2455 2058 2988 2117 die sonst so feine und
2019 2079 2969 2150 geistreiche, diskret und verschleiert temperamentvolle
2012 2113 2966 2200 Darstellerin der weiblichen Hauptrolle. Auch Herr
2014 2159 2973 2228 Stieler sprach zu leise, aber bei ihm bedauerte man
2019 2199 2967 2283 es weniger, daß man das, was er produzierte, nicht
2017 2231 2213 2288 verstand.
2056 2281 2969 2348 Dieses Stück scheint das beste Werk Schnitzlers zu
2018 2309 2964 2397 sein, wie wir erst jetzt aus der abklärenden Distanz er¬
2022 2358 2962 2421 kennen können. Ganz schnitzlerisch in seiner Melancholie
2018 2390 2957 2475 und Resignation, in seiner Freude an stiller Be¬
2017 2436 2981 2514 trachtung und an klugem Wort. Aber doch
2009 2480 2960 2555 auch nicht ohne kräftiges, männliches Vorwärts¬
2008 2506 2953 2589 schreiten, nicht ohne Dramatik, die sich in dem
2006 2544 2948 2635 wunderbaren zweiten Akte zu einem klaren, eindrucks¬
2000 2595 2955 2671 vollen Gebilde verknüpft und in der Schlußszene gar
2005 2634 2957 2707 manche Ranken verworren durcheinander schießen läßt.
2038 2685 2956 2748 Die Besetzung ist fast ganz dieselbe geblieben wie
2002 2708 2947 2789 damals im Deutschen Theater. Der Sala ist für
1997 2750 2949 2832 meinen Geschmack Bassermanns beste Rolle,
2007 2785 2941 2867 frei von allen entstellenden Mätzchen und
1994 2834 2948 2905 in der Charakterisierung des sterbenden Lebenskünstlers
2004 2872 2938 2946 unvergleichlich schlicht, klar, eindringlich, aber um¬
1994 2913 2937 2988 schattet vom Geheimnis, das diesen Mann auf dem
1996 2950 2931 3017 einsamen Wege von allen anderen absondert. Sauer
2004 2989 2939 3065 als resignierter Kunstbeamter, Hedwig Pauly als
1997 3023 2926 3107 Sterbende, Else Lehmann als muntere Wienerin
1993 3065 2935 3159 mit dem feinen Sprung im Herzen.... alles Parade¬
1989 3102 2584 3161 leistungen der Brahmschen Kunst.
2014 3153 2922 3229 Neu war Emanuel Reicher in der Malerrolle, die
1997 3178 2918 3263 einst Rittner spielte; neu und sehr, sehr viel schwächer.
1987 3222 2927 3308 Rittner hatte damals die Szene beherrscht; die kalte,
1993 3257 2916 3339 seelenlose Figur Reichers verschwand ganz im Hinter¬
1995 3302 2925 3401 grunde. Auch Herr Marr in der Rolle des Arztes
1978 3339 2388 3400 war sehr unbedeutend.
2016 3377 2914 3461 Ein paar Bemerkungen über die Regie: Im
1986 3415 2916 3501 vierten Akte müßte es zum Schluß, wo Sala zur
1981 3456 2916 3528 Tür hinausblickt und seine draußen todesbereit
1978 3489 2539 3562 stehende Geliebte nicht sieht,
2553 3518 2915 3576 sehr viel dunkler
1980 3540 2907 3607 sein. Bei der Helligkeit, die gestern auf der Bühne
1979 3575 2912 3657 herrschte, müßte er sie sehen, und so blieb der wichtige
1983 3614 2916 3697 Aktschluß unklar. Ferner: im Garten Salas sollen,
1971 3654 2917 3735 wie mehrfach erwähnt wird, römische Kaiserbüsten
1976 3695 2916 3778 stehen; was gestern dastand, waren die Büsten Platos
1967 3733 2903 3817 und Aristoteles', die beide keine römischen Kaiser ge¬
1973 3768 2196 3826 wesen sind.
2721 3833 2867 3887 V. A.
