3484 4256
1317 249 1896 373 box 23/3
253 269 1277 375 18. Der einsane Neg
1657 1244 3361 1333 triefende Baktrienfahrer Sala? Kein Mensch, kein mehr die Vollkraft besesse
483 1263 1654 1353 Herakles noch einmal zu verrichten, ein literarischer
1660 1308 3329 1368 Wort, kein Empfinden ist dem so charakteristi= warmem Lebenshauch
475 1319 1658 1399 Poseur, der in dem Wahn lebt, hundertmal Gesagtes
1662 1351 3369 1422 schen und leicht kenntlichen Leben unserer origi= durchdringen; sie gleichen
478 1366 1555 1449 noch einmal sagen dürfen in der eigenen Attitüde.
1655 1396 3344 1465 nellen Stadt entnommen; vielmehr sind alle wesent= Exempelstatuierung in
580 1406 1660 1476 Und diese Attitüde? Man kennt sie längst und
1665 1436 3375 1532 lichen Züge des Stückes der Eigenart des Wieners ganz wieder hergeholt wurden.
480 1462 1662 1528 weiß, daß auch sie nicht von Schnitzler stammt, man hat
1657 1488 3378 1561 zuwiderlaufend. Wiener Konslikte ergeben sich aus der Bildnerkraft des Alters em
475 1518 1666 1584 die poetisierenden Wortspiele und Deutweisen, die in den
1671 1537 3357 1615 Kraft und Lust zum Leben. Schnitzlers Personen jedoch, der fundamentaler Unzulängl
485 1561 1662 1621 ersten Werken Schnitzlers, kecken al fresco=Skizzen, noch
2930 1585 3303 1646 Vielleicht noch
1668 1597 2848 1658 Maler, der Dichter, die grämliche Johanna, c tutti quanti
491 1605 1665 1676 nicht vorkamen, seither von den d'Annunzios und Hof¬
1674 1613 3369 1708 reden zwar immer von ihrer Lebenslust, wandeln aber Dichters überhaupt offe
484 1666 1669 1724 mannsthals bis zum Ueberdruß vernommen. Und wie
2841 1686 3369 1751 das Ungeschick des Dram
1666 1685 2836 1754 in Wirklichkeit dahin wie die Schatten aus Charons¬
496 1700 1670 1764 flach und sei ht nehmen sie sich in der Schnitzlerschen
2835 1729 3369 1794 der albernen Baktrierges
1670 1736 2838 1804 Nachen. Graue Verdrossenheit, ein gelangweilter Ernst,
488 1755 1661 1822 Diktion neben der tiefsinnigen Symbolik des großen
2839 1787 3376 1844 dem Stück aufgestellt wir
1667 1789 2837 1863 eine philiströse Sachlichkeit erfüllt alle diese Schein¬
496 1806 1669 1878 Norwegers Ibsen aus! Dort sa lagende Treffsicherheit der
2848 1822 3370 1887 Feau und Tochter Salas
1665 1822 2844 1901 wesen. Sie gehen mit akademischer Genauigkeit auf und
496 1854 1666 1920 Worte, packende Ueberzeugungskraft der Vergleiche, hier
2843 1870 3365 1930 akt stirbt die schuldige M
1666 1875 2845 1948 ab und reden ihre Formeln her, als wollten sie sagen:
493 1896 1666 1971 mühselig abgerungene rhetorische Ekstasen, unwahre, be¬
2841 1918 3375 1993 im letzten Zwischenakte
1666 1929 2842 1991 Ich spreche jetzt von Lebensgenuß und Freude, weil es mir
492 1952 1671 2008 deutungslose Spielereien mit subjektiven Lyrismen; dort
2853 1958 3334 2040 Stück bringt Sala
1670 1969 2844 2049 der Autor so vorgeschrieben hat, warum weiß ich selbst nicht.
497 1999 1673 2052 vollständiges Verschwinden des Dramatikers hinter den
2839 2009 3371 2090 Totentanz. Und dieser
1677 2023 2839 2103 Von dem Lebensdrang, der die Kämpfe des Stückes
492 2040 1669 2113 Aktionen seiner Gestalten, hier selbstgefällige Vordring¬
2849 2053 3369 2145 Mensch begreift, wa
1682 2079 2841 2147 anfacht, ist nichts zu merken; mit seriöser Pedanterie
500 2088 1680 2162 lichkeit der Person des Autors in all seinen Charakteren
3199 2103 3353 2178 geht!
2846 2100 3168 2188 ins Wasser
1673 2119 2856 2194 macht sich ein jeder daran, den in der Schnitzlerschen
491 2135 1673 2200 und Uniformierung der Figuren mit seinen Anschauungen.
2838 2154 3364 2226 deutungen über Todes
2585 2168 2849 2236 vorschrifts¬
1676 2171 2556 2241 Theatermaschine nötigen „Lebensgenuß“
499 2186 1672 2245 Kurz gesagt, das Gebaren eines literarischen Gernegroß,
2847 2205 3370 2279 den Haß, den sie gegen
1675 2219 2854 2299 mäßig zu vollbringen. In dem ganzen Stück gibt
498 2233 1677 2291 der seine Gaben lieber zu Unsinnigkeiten zwingt, statt sie ihrem
2852 2255 3272 2325 so vermutlich auch
1684 2259 2860 2333 es kein Lachen. Wie die Marionetten, mit steifer
508 2277 1682 2361 Maß entsprechend bescheiden zu gebrauchen, und unter den
2848 2278 3356 2371 sterbenden Sala, empf
1689 2313 2854 2378 Regelmäßigkeit ihrer hölzernen Puppenbewegungen
494 2328 1682 2394 mitleidigen Blicken aller beständig über seine Verhältnisse
2843 2334 3371 2425 Hysterismen, aber keine
1677 2367 2853 2428 stelzen die Akteure ihre „einsamen Wege“ entlang, bis
495 2380 1677 2441 lebt. Das ist das wesemliche der sväteren Arbeiten Artur
1680 2425 3358 2463 das kuarrende seelenlose Räderwerk der fünf Akte abge= schließungen. Und die
513 2422 1675 2488 Schnitzlers, des „Zwischenspiels“ und „einsamen Wegs“.
2839 2438 3363 2516 und Sohn, wie plump t
1676 2456 2856 2529 schnurrt ist. Die Gewissenhaftigkeit, mit der sie ihre
595 2463 1683 2546 Im „einsamen Weg“ sucht er aber noch durch eine
2849 2491 3354 2562 wirksam. Es gibt eine fi
1687 2487 2858 2574 Genußsünden begehen, macht sie nicht zu tragischen Er¬
508 2523 1673 2591 andere Pose zu wirken, die man sich kaum anders als
2851 2540 3365 2609 dasselbe Sensationsthen
1680 2543 2845 2624 scheinungen, sondern zu unentschuldbaren Verbrechern
498 2563 1678 2657 durch Spekulation auf das Berliner Tiergartenviertel
2855 2589 3327 2656 effektvoller behandelt.
1674 2598 2850 2670 niedriger, fast animalischer Art, die ihre Sinnlichkeits¬
498 2621 1683 2688 erklären kann. Am Schluß des Theaterzettels heißt es
2853 2642 3376 2713 Ibsenschen Seelentragöd
1678 2642 2858 2712 verirrungen mit vollem Bewußtsein und in klarer Ein¬
509 2674 1677 2745 nämlich: „Wien — Gegenwart“. Das verblüfft jeden,
2853 2685 3322 2754 Wird dieser mäßig
1678 2690 2858 2762 sicht, ohne die geringsten eihischen Erschütterungen unter¬
511 2713 1688 2775 der das Stück kennt, und gewinnt den Charakter einer
1682 2732 3375 2808 nehmen und durchführen. Es ist ein Geschlecht kleinlich einsehen, daß er höchsten
518 2752 1697 2834 Faischmeldung. Wo um alles in der Welt ist in dem
2856 2777 3372 2841 dem modern=pornographi
1691 2784 2859 2863 mißratener Tantaliden, die einer ungesunden, verbildeten
514 2804 1690 2876 Stück auch nur der winzigste Anhaltspunkt dafür zu
2855 2832 3368 2890 Ein Spaßmacher für sei
1685 2834 2867 2911 und überspannten Phantasie entsprungen sind, nicht aber
509 2844 1694 2919 finden, daß es in Wien spielt? Was ist darin wienerisch?
2848 2868 3384 2967 Pathetischen, allenfalls e
514 2886 2866 2975 Etwa das fade, erkünstelte Geschwätz Johannas* Oder dem Leben angehören, am wenigsten dem Leben Wiens.
512 2933 2888 3047 der langweilige Ulanenleutnant? Oder der weisheit=! Der greise Ibsen hatte in seinen allerletzten Werken nicht
