3436 4448
911 350 1014 427 W
726 351 835 427 a m
1242 356 1727 463 box 23/1
94 352 1233 468 18. Der einsane den
235 1429 758 1523 gostocker Zeitung
216 1568 684 1713 ZTER 1904
180 1624 258 1722 —
925 1653 3102 1731 ldrapierte sich. Er wollte zeigen, daß in ihm auch eine ssamose Art, wie ihr Eheherr sein Credo verkündere,
956 1700 3077 1803 tiefe, schenende, schauernde Seele neben der anmutigen [gefreut haben. Aber mich dünkt, daß der alte Sardon,
208 1700 703 1787 Aus Berlin.
960 1735 3093 1833 lustigen wohnt. In einem großen Versdrama lieferte jder überhaupt manches konnte, was unsere Neuen
15 1766 891 1857 Von unserem Berliner Korrespondenten.
537 1782 3083 1884 (Nachdruck verboten.) ser den Beweis, daß er sich zum großen Dramatiker jniemals erreichen werden, auch wenn sie sich noch so
2010 1827 3099 1915 spreizen, in seinen „Vieux garçons“ alle diese
975 1863 2026 1922 absolut nicht eignet. Alles zerrann in diesem „Schleier
9 1868 980 1941 kraußen in der Welt der Fröhlichen, am blauen
2014 1867 3096 1962 Tinge schon viel geistreicher und sprühender, wenn
969 1904 2035 1963 der Beatrice“, bis schließlich nur ein formloses Nichts,
17 1903 977 1979 k der Riviera und an den Ufern des Rheins be¬
974 1919 3087 2005 ldgs sich aus lauter Episödchen zusammensetzte, übrig sauch ohne Geheimnistuerei und gemachten Symbo¬
64 1959 978 2020 die Faschingswoche einen immer erneuten
2011 1963 3082 2047 lismus, ausgesprochen hat. Wenn Arthur Schnitzler
968 1999 1128 2068 Flieb.
17 2000 991 2071 pf des Heiteren und Lustigen gegen den Gries¬
967 2007 3091 2100 □ Nun hat Schnitzler ein großes modernes Trauer=wieder er selbst, der frische, natürliche Wiener Poet
13 2050 987 2112 des Alltags. An der Spree merkt man von
6 2063 3089 2154 d welcher Karnevalslaune nichts. Fastnachts=spiel in 5 Aien###. Deutschen Theater auf=mit dem Einschuß von weicher Anmut und koketter,
16 2094 3084 2192 I sind in unzähligen Arten und Formen ange=führen lassen. Er nennt es: „Der einsameldoch nicht unangenehmer Sinnlichkeit geworden sein
967 2137 3091 2235 [Weg“, und mag wirklich das Bestreben gehabt haben, wird, dann werden seine Erfolge sich wieder einstellen.
19 2177 986 2249 igt. Aber auf ihnen produziert sich nicht der
2028 2185 2736 2273 Die Hamletlocke kleidet ihn nicht.
978 2216 2026 2283 ernst, groß und ergreifend zu sein . An Studien hat
19 2223 990 2284 des Humors und sein freundliches Gefolge; ganz
2041 2235 3100 2300 Von den Darstellern sei der junge Kurt Stieler
965 2263 2036 2335 ser es nicht fehlen lassen; er hat sich sorgfältig in der
5 2263 987 2329 re Gottheiten von minder vornehmer Art und
2022 2258 3104 2358 hervorgehoben. Er war nicht nur warm, feurig und
8 2290 2037 2368 g gewähltem Geschmack treiben da ihr Wesen. modernen=Literatur umgetan, und überall an frem¬
2017 2320 3102 2386 lergreifend, sondern zeigte auch gute Manieren und
1 2344 2042 2425 Das einzige Produkt, welches Berlin gerade zur jden Altären geopfert. In dem Drama finden sich
2025 2365 3095 2438 die Formen der besten Gesellschaft, die man bei jedem
978 2389 2033 2451 einige Leute, die alles ahnen, wie die Figurinen
8 2401 991 2471 hevalszeit in besonders reichem Maße hervor¬
2021 2411 3103 2496 französischen Dutzend=Schauspieler, aber kaum bei der
984 2429 2042 2500 Maeterlincks. Dann geht ein junges Mädchen darin
7 2449 981 2501 gt, ist die Première. Im Februar strömt
2030 2454 2963 2546 ersest Größen unter deutschen Mimen findet.
971 2475 2041 2537 um, das sich aus seinen Kreisen heraussehnt, wie die
7 2487 997 2546 Quelle der Erstaufführungen sogar besonders
19 2540 2056 2596 f. Denn die Autoren von Ruf halten darauf, mit Frau vom Meere und Hedda Gabler. Die zwei alten!
4 2559 2063 2645 n unsterblichen Werken um keinen Preis bis in Junggesellen, die nach einem rauhen und stürmischen?
5 2604 2049 2691 März hineingeschoben zu werden. Der März be= Garconleben schließlich allein den einsamen Weg des
14 2649 2062 2725 fet schon das Ende der eigentlichen Saison. Da [Alters und Todes gehen, sind in ihrer skrupellosen
6 2698 2061 2775 hmt das Interesse selbst der eifrigsten Theater=Jugend sicher Uebermenschen à la Nietzsche gewesen.
980 2740 2050 2811 So findet sich von allem Reizenden ein bißchen. Aber
11 2758 994 2820 nde. Man beginnt sich für den Frühling und
979 2777 2049 2854 die Mischung ist schlecht und schal geworden, und das
16 2812 991 2862 e strahlenden Wirklichkeitsfarben zu interessieren,
11 2831 2063 2904 En denen die Welt der Koulissen und des Theater=Publikum, welches den besonders tragisch beabsich¬
12 2880 2060 2953 ers verblaßt. So drängt sich denn gerade in dertigten Schluß des vierten Aktes einfach auslachte, hat
983 2935 1296 2996 Recht gehabt.
13 2934 1003 2996 iten Hälfte des Februar die Flut der Premièren
1037 2947 2072 3031 Es ist natürlich, daß sich in der Wüste dieses Stückes
20 2982 1006 3041 e Ende. Und der gewissenhafte Berliner Chronist
989 3011 2059 3080 einige Oasen finden, welche von dem Geist Schnitzlers
35 3026 994 3095 von immer wiederholten Schlachten um die
970 3048 2066 3128 und seiner erfreulicheren Seite Zeugnis ablegen.
4 3053 792 3125 ist des Molochs Publikums berichten.
8 3083 2064 3171 Von Siegen gibt es aber nur wenig Kunde zu [Aber diese ganze Gartenlauben=Geschichte von dem
990 3159 2064 3213 Sohn, der zwei Väter hat, wirkt romanhaft und un¬
10 3144 996 3213 nelden. Arthur Schnitzler, der Wiener
993 3184 2063 3252 wahr. Die Mutter des jungen Helden hat vor der
6 3198 1004 3258 t, durfte sich einst in der Sonne der Popularität
-4 3224 2066 3308 men. Seine Schöpfungen, wenn sie auch nicht Ehe in leidenschaftlichem Liebesverkehr mit einem
-2 3266 2062 3342 de Meisterwerke von weitem Horizont waren,jungen Maler gestanden. Der Maler verläßt sie, und
3 3302 2070 3411 hteten doch in ein behagliches und reizvolles Stück ssie heiratet, um nicht der Schande preisgegeben zu
19 3369 2071 3433 Wiener Lebens hinein. Schnitzler war, als er ssein, einen anderen Künstler, an dessen Seite sie
10 3425 2070 3483 strat, ein frischer und natürlicher Mensch. Mit!23 Jahre lebt, ohne ihr Geheimnis zu verraten. Nach¬
986 3450 2068 3522 sihrem Tode stellt sich der natürliche Vater seinem
3 3452 1008 3525 nut und jener lässigen Grazie, welche von je ein
994 3486 2071 3567 Sohne vor. Er fühlt sich einsam und verlangt wär¬
8 3513 1005 3570 zifikum des Wieners gewesen ist, wußte er seine
999 3535 2069 3607 mere Liebe von seinem Kind. Aber der Sohn weist
3 3561 1005 3624 chichten von den lieben Wiener Madeln und ihren
998 3587 2072 3654 ihn zurück und bleibt dem anderen Vater, den man
2 3601 1008 3658 alieren, von Liebeln und Sterben, von Scheiden
998 3620 2072 3700 den geistigen nennen könnte, treu. In diesem, der
21 3650 995 3700 Meiden zu erzählen. Interieurstudien, wie die
997 3679 2075 3741 seine Kindheit behütet, seiner Jugend ein Freund,
13 3693 999 3749 en beiden Akte der „Liebelei“, sind kaum einem
994 3730 2072 3786 seiner erwachenden Männlichkeit ein Berater war,
6 3738 1007 3795 kiten unter den Modernen gelungen. Der Hauch
991 3762 2076 3828 sieht er sein Ideal. So wird der Egoismus des Don
20 3768 1010 3841 Melancholie, der wie eine Wolke über den Er¬
999 3805 2076 3883 Inan, der die Geliebte verriet, um sich nicht in Ketten
4 3816 1017 3890 missen liegt, wirkt dichterisch anziehend. Schnitzler
990 3847 1611 3926 schmieden zu lassen, bestraft.
26 3861 1001 3932 in vielen kleinen Skizzchen — Anatole — etwas
1039 3891 2064 3965 Schnitzler benutzt die Gelegenheit, um den aben¬
11 3903 1016 3976 enkliche Witzchen gemacht, und noch neuerdings in
990 3931 2075 4015 teuernden Junggesellen einige unangenehme Dinge
-4 3957 1005 4016 em halbverbotenen Buche — „Reigen“ — dargetan,
999 3987 2088 4053 zu sagen. Er schilt sie Egoisten und gibt ihnen keine
12 3993 1013 4065 ßer Beruf zum modernen Dekamerone hat. Seine
5 4039 2084 4111 akter mit ihren dick aufgetragenen Farben be=sehr angenehme Zensur. Frau Schnitzler, die in einer
4 4083 2087 4153 iten das erste Abirren vom rechten Pfade. Schnitzler Loge mit Doktor Brahm saß, wird sich wohl über die
