3436 4256
1409 275 1902 372 box 23/3
250 289 1279 404 18. Der einsane Neg
2735 1298 2785 1367 4
1957 1360 3151 1442 mehr die Vollkraft besessen, seine Personen mit all dem
184 1383 1969 1477 verrichten, ein literarischer triefende Baktrienfahrer Sala? Kein Mensch, kein!
1965 1409 3152 1474 warmem Lebenshauch seiner früherer Dichtungen zu
196 1438 1967 1532 nlebt, hundertmal Gesagtes Wort, kein Empfinden ist dem so charakteristi¬
1969 1462 3151 1529 durchdringen; sie gleichen mehr Abgestorbenen, die zur
791 1480 1970 1559 schen und leicht kenntlichen Leben unserer origi¬
189 1507 688 1585 n der eigenen Attitüde.
1965 1509 3161 1570 Exempelstatuierung in ihren wesentlichsten Elementen
198 1521 1964 1623 Man kennt sie längst und nellen Stadt entnommen; vielmehr sind alle wesent¬
1960 1547 3157 1624 wieder hergeholt wurden. Was bei Ibsen der versagenden
790 1574 1972 1659 lichen Züge des Stückes der Eigenart des Wieners ganz
186 1596 794 1668 n Schnitzler stammt, man hat
791 1648 3166 1698 zuwiderlaufend. Wiener Konflikte ergeben sich aus der Bildnerkraft des Alters entglitt, das konnte Schnitzler aus
189 1650 796 1714 e und Deutweisen, die in den
790 1651 3164 1739 Kraft und Lust zum Leben. Schnitzlers Personen jedoch, der fundamentaler Unzul nglichkeit nie und nimmer erreichen.
181 1701 794 1766 kecken al fresco=Skizzen, noch
2066 1696 3157 1765 Vielleicht noch schlimmer als die Halbheit des
803 1725 1978 1803 Maler, der Dichter, die grämliche Johanna, e tutti quanti
208 1744 798 1819 den d'Annunzios und Hof¬
1971 1738 3159 1822 Dichters überhaupt offenbart sich im „einsamen Weg“
797 1770 1977 1851 reden zwar immer von ihrer Lebenslust, wandeln aber
187 1789 798 1865 rdruß vernommen. Und wie
1971 1764 3171 1875 das Ungeschick des Dramatikers. Wie unbeholfen ist neben
808 1819 1969 1890 in Wirklichkeit dahin wie die Schatten aus Charons
200 1840 807 1920 e sich in der Schnitzlerschen
1979 1841 3160 1915 der albernen Baktriergeschichte der Sterbeturnus, der in
175 1867 1966 1966 higen Symbolik des großen Nachen. Graue Verdrossenheit, ein gelangweilter Ernst,
1984 1912 3163 1960 dem Stück aufgestellt wird. Vor dem Drama sind die
802 1909 1967 1989 eine philiströse Sachlichkeit erfüllt alle diese Schein¬
200 1935 813 2006 t schlagende Treffsicherheit der
1984 1933 3162 2021 Frau und Tochter Salas gestorben, im ersten Zwischen¬
808 1966 1975 2049 wesen. Sie gehen mit akademischer Genauigkeit auf und
179 1991 813 2067 ngskraft der Vergleiche, hier
1986 1982 3171 2058 akt stirbt die schuldige Mutter und Gattin, Frau Gabriele,
804 2009 1977 2090 ab und reden ihre Formeln her, als wollten sie sagen:
178 2040 803 2110 rische Ekstasen, unwahre, be¬
1980 2026 3173 2113 im letzten Zwischenakte stirbt Johanna, nach dem
807 2063 1980 2133 Ich spreche jetzt von Lebensgenuß und Freude, weil es mir
2718 2072 3187 2156 Es ist der reine
181 2077 813 2151 it subjektiven Lyrismen; dort
1982 2086 2692 2176 Stück bringt Sala sich um.
818 2102 1974 2177 der Autor so vorgeschrieben hat, warum weiß ich selbst nicht.
2760 2130 3177 2202 Johannas! Kein
202 2136 813 2200 des Dramatikers hinter den
1986 2132 2769 2219 Totentanz. Und dieser Selbstmord
801 2154 1989 2239 Von dem Lebensdrang, der die Kämpfe des Stückes
2782 2171 3163 2252 fade Geschöpf
181 2176 811 2240 hier selbstgefällige Vordring¬
1985 2177 2781 2265 Mensch begreift, warum dieses
809 2206 1974 2292 anfacht, ist nichts zu merken: mit seriöser Pedanterie
3042 2226 3166 2284 An¬
2511 2225 3022 2294 Verschiedene frühere
178 2227 810 2306 tors in all seinen Charakteren
2339 2237 2504 2312 geht!
805 2238 2318 2309 macht sich ein jeder daran, den in der Schnitzlerschen ins Wasser
188 2278 807 2347 uren mit seinen Anschauungen.
813 2271 3178 2376 Theatermaschine nötigen „Lebensgenuß“ vorschrifts= deutungen über Todesschleier, die sie merkt, über
173 2323 818 2386 eines literarischen Gernegroß,
1985 2319 3162 2403 den Haß, den sie gegen Bemitleidenswerte empfindet, und
807 2348 1986 2415 mäßig zu vollbringen. In dem ganzen Stück gibt
185 2372 817 2441 innigkeiten zwingt, statt sie ihrem
1988 2371 3170 2449 so vermutlich auch gegen ihren Liebhaber, den ab¬
816 2391 1992 2467 es kein Lachen. Wie die Marionetten, mit steifer
193 2420 813 2491 zu gebrauchen, und unter den
1983 2406 3177 2492 sterbenden Sala, empfände, sind höchstens alberne
813 2429 1993 2521 Regelmäßigkeit ihrer hölzernen Puppenbewegungen
183 2455 814 2538 ständig über seine Verhältnisse
1990 2458 3166 2540 Hysterismen, aber keine Vorwände für tragische Ent¬
818 2499 1985 2559 stelzen die Akteure ihre „einsamen Wege“ entlang, bis
195 2517 817 2590 e der späteren Arbeiten Artur
1990 2521 3173 2600 schließungen. Und die Erkennungsszene zwischen Vater
824 2531 1993 2615 das kuarrende seelenlose Räderwerk der fünf Akte abge¬
191 2560 813 2632 spiels“ und „einsamen Wegs“.
1989 2557 3179 2632 und Sohn, wie plump theatralisch! Und dabei doch nicht
824 2590 1989 2662 schnurrt ist. Die Gewissenhaftigkeit, mit der sie ihre
194 2618 813 2687 sucht er aber noch durch eine
1988 2614 3175 2686 wirksam. Es gibt eine französische Boulevardkomödie, die
820 2638 1985 2704 Genußsünden begehen, macht sie nicht zu tragischen Er¬
199 2660 827 2725 ie man sich kaum anders als
1994 2652 3185 2727 dasselbe Sensationsthema trotz aller Banalität weit
819 2675 1997 2763 scheinungen, sondern zu unentschuldbaren Verbrechern
230 2707 820 2777 Berliner Tiergartenviertel
1989 2704 3171 2782 effektvoller behandelt. Schnitzler aber strebt nach der
820 2728 1990 2805 niedriger, fast animalischer Art, die ihre Sinnlichkeits¬
199 2752 821 2824 des Theaterzettels heißt es
1995 2752 3180 2824 Ibsenschen Seelentragödie und bleibt bei Kotzebue stecken.
819 2779 1995 2840 verirrungen mit vollem Bewußtsein und in klarer Ein¬
173 2797 822 2889 wart“. Das verblüfft jeden,
1994 2805 3170 2870 Wird dieser mäßig begabte Literat nicht doch endlich
823 2828 1994 2907 sicht, ohne die geringsten eihischen Erschütterungen unter¬
187 2856 824 2915 gewinnt den Charakter einer
1994 2853 3170 2920 einsehen, daß er höchstens für die commedia buffa nach
831 2875 1989 2957 nehmen und durchführen. Es ist ein Geschlecht kleinlich
189 2897 826 2964 alles in der Welt ist in dem
2002 2898 3175 2965 dem modern=pornographisch=semitischen Zuschnitt zureicht?
825 2922 2001 3004 mißratener Tantaliden, die einer ungesunden, verbildeten
188 2940 836 3008 inzigste Anhaltspunkt dafür zu
1996 2938 3172 3014 Ein Spaßmacher für seine Leute mit einer Neigung zum
828 2975 2004 3046 und überspannten Phantasie entsprungen sind, nicht aber
179 2982 825 3066 lt? Was ist darin wienerisch?
1994 2999 3091 3087 Pathetischen, allenfalls ein Tragikomiker, mehr nicht.
192 3023 1995 3110 se Geschwätz Johannas? Oder dem Leben angehören, am wenigsten dem Leben Wiens.
2651 3039 3156 3128 Albert Leitich.
195 3056 2034 3165 tnant? Oder der weisheit=! Der greise Ibsen hatte in seinen allerletzten Werken nicht
