3484 4448
1115 278 1213 346 WI
812 275 1032 348 nsam
308 274 1920 374 18. Der eingane heg box 23/1
422 1502 3409 1591 Frauen spricht und den Schnitzler so gut zu treffen weiß. aber, die nicht im Stande sind, die kapriziösen Sprünge etwas grob. Im Deutschen Th
424 1550 1622 1618 Dem Publikum gefiel diese Szene sehr; wäre das ganze
1606 1563 2781 1632 dieser Stimmungen vorauszuberechnen, erleben, wenn sie
2776 1572 3370 1633 mit Andacht angehört wird,
420 1605 1617 1663 Stück in derselben heiteren Art geschrieben gewesen, so hätte es
1615 1613 2794 1661 dieses Liebespaar auf der Bühne sehen, fortwährend
2769 1616 3407 1691 des Wiener Dichters auslachen
418 1642 1615 1724 dem Autor statt eines Mißerfolges ohne Zweifel einen
1609 1660 2784 1728 Ueberraschungen. Johanna scheint von einem tiefen Gefühle
2772 1662 3413 1742 Gehalt so hoch über Haupt#
432 1698 1611 1761 vollen Erfolg gebracht. Das Publikum hat gegenwärtig
1605 1697 2776 1775 für Stephan beherrscht. Was wird sie tun? Sie wird sich
2773 1714 3411 1784 drama steht. Aber die Mißb
417 1743 1614 1810 vor allem das Bedürfnis, zu lachen. Auch an
1600 1745 2782 1824 an ihn klammern, jede Möglichkeit benützen, um mit ihm
2774 1760 3409 1835 nur einen allzu scharfen Aus
418 1802 1608 1865 jenem Theaterabend konnte man beobachten, wie es
1599 1799 2778 1863 zusammen zu sein? Keineswegs. Eines Abends kommt sie
2769 1803 3404 1876 Das Publikum hat ein Rech
416 1835 1613 1897 auf lustige Pointen förmlich wartete und jedes
1600 1841 2786 1916 zu ihm und sagt ihm Lebewohl. Sie hat sich entschlossen,
2776 1855 3395 1931 Autor nicht gar so willkürlich
426 1888 1612 1941 Wort, das einer solchen auch nur nahekam, mit Freuden
1599 1883 2777 1956 in die weite Welt zu gehen. „Lebewohl!“ erwidert Stephan.
2776 1899 3396 1977 wenn er einen krassen Effekt,
424 1938 1610 1998 begrüßte. Seit langem ist keine Zeit so günstig für das
1605 1941 2784 1986 Er liebt Johanna, will aber in nächster Zeit an einer
2776 1946 3411 2023 Bühne verwendet, sich wenig
422 1980 1605 2043 Lustspiel gewesen wie die jetzige — für das deutsche Lust¬
1601 1983 3406 2070 wissenschaftlichen Expedition nach Asien teilnehmen. Fünf genügend zu motivieren, und
427 2023 1602 2079 spiel, von dem an dieser Stelle vor kurzem auch Hugo
1604 2035 2783 2101 Minuten später fällt ihm ein, daß er schließlich ebenso
2763 2044 3408 2109 wird, wie unmöglich es ist, in
428 2076 1607 2132 Wittmann gesprochen hat, indem er sein Wesen liebevoll
1598 2086 2777 2138 gut auch nicht an der Expedition teilnehmen kann.
2772 2089 3408 2164 Notwendigkeit durch die Laune
427 2117 1602 2178 schilderte und seine Wiedergeburt herbeiwünschte. Zu den
1641 2129 2768 2178 — „Nichts hindert mich, zu Hause zu bleiben,“
2857 2140 3402 2210 Nicht nur in der Nebenh
411 2167 1604 2217 wenigen Bühnendichtern, die vielleicht berufen wären, das
1600 2176 2715 2225 meint er, „wenn ich nicht gelaunt bin, fortzugehen“. —
2775 2174 3402 2253 und Johanna vor sich gehl —
423 2208 1609 2271 deutsche Lustspiel der Gegenwart zu schreiben, gehört,
1597 2225 2772 2284 und er fragt Johanna, ob sie nicht lieber seine Frau
2764 2220 3409 2297 Stück die Laune eine große R
410 2262 1604 2317 wie immer wieder gesagt werden muß, auch Arthur
1598 2262 2769 2327 werden möchte? Johanna ist sehr bewegt, scheint durchaus
2763 2276 3412 2354 der Helden dieses Schauspiels;
421 2306 1600 2365 Schnitzler. Fast alle seine Werke enthalten Stellen, in
1592 2314 2774 2383 geneigt, auf diesen Vorschlag einzugehen — und wirst
2769 2307 3381 2401 das sie anerkennen. In einem
422 2341 1601 2412 denen ein liebenswürdiger Humor aufleuchtet. Und diesen
1599 2370 2766 2426 sich am Ende des Aktes ins Wasser. Wenn man das
2765 2375 3399 2447 Fichtner fragt Sala: „Haben
414 2399 1608 2463 Dichter, dem möglicherweise ein Lustspiel gelingen könnte,
1598 2412 2773 2478 Stück liest, findet man einen Schlüssel zu diesen Rätseln.
2763 2413 3416 2490 unser Leben aufs Spiel gesetzt
413 2444 1606 2514 weil er Humor besitzt, sehen wir in den letzten Jahren
1601 2455 2776 2509 Sala leidet an einer schweren Herzkrankheit, und Johanna
2772 2464 3403 2533 Leichtsinn — nein, um das
410 2493 1607 2578 eifrig bemüht, Trauerspiele zu verfassen, die ihm mißlingen
1601 2499 2773 2570 bringt sich offenbar um, aus Kummer über die Krankheit
2764 2515 3413 2578 zu fördern, das sich uns gegeb
424 2523 1213 2619 müssen, weil ihm die Tragik mangelt.
1600 2549 2772 2615 des Geliebten. Das ist aber so leise angedeutet, daß man
2765 2563 3410 2616 lautet die Antwort, die nicht au
508 2570 1598 2642 Solch ein mißratenes Trauerspiel ist die zweite
1603 2596 2767 2664 schon sehr aufmerksam lesen muß, um es herauszube¬
2765 2609 3400 2673 Nein. Warum hat Fichtner #
419 2631 1602 2694 Nebenhandlung in dem Schauspiel „Der einsame Weg“,
1601 2641 2761 2714 kommen. Auf der Bühne geht die leise Andeutung natürlich
2758 2629 3396 2731 nachdem er sie verführt hatte?
405 2681 1595 2745 das Drama vom verführten Mädchen. Stephan v. Sala,
1599 2674 2764 2774 vollkommen verloren, und es bleibt nur ein widerspruchs¬
2759 2696 3408 2769 ein, daß er seine Freiheit
424 2737 1599 2793 ein Lebemann von 45 Jahren, macht Johanna, die
1594 2732 2677 2799 volles Hin und Her übrig, wie es geschildert wurde.
2762 2746 3393 2820 er an diese Frau sich bände;
418 2777 1596 2842 Tochter des Professors Wegrath, zu seiner Geliebten;
1673 2784 2767 2848 Was geschieht, ist also teils überhaupt nicht, teils so
2756 2799 3390 2869 ab, ohne sich weiter darum
410 2811 1599 2885 und die Liebesgeschichte endet damit, daß Johanna sich in
1598 2839 2766 2897 ungenügend motiviert, daß der Zuschauer nichts von dem
2757 2841 3402 2904 seiner Geliebten werden wür
417 2864 1592 2931 dem Teich vor der Villa des Herrn v. Sala ertränkt.
1588 2866 2759 2943 Vorhandensein einer Motivierung merkt. Alles scheint, wie
2761 2886 3410 2973 der Zwang der materiellen Ver
412 2900 1591 2982 Ein trauriges Ende, das aber ganz und gar nicht tragisch
1599 2928 2760 2995 gesagt, nur Laune, unbegreifliche Laune. Am Tage nach
2765 2925 3406 3016 Angst vor Not und Sorge —
408 2948 1598 3022 wirkt, weil für den Selbstmord anscheinend jede tragische
1586 2963 2765 3049 dem Selbstmord Johannas bringt es Sala fertig, ihrem
2755 2969 3408 3052 wachte Liebe zur Freiheit, alsch
418 3014 1478 3093 Notwendigkeit fehlt. Ueberhaupt scheint es
1462 3016 1598 3073 für
1589 3024 2764 3089 Brudec zu sagen: „Gestern bat ich Johanna, meine Frau
2768 3032 3409 3090 Laune. Dem jungen Felix Weg
412 3042 1594 3111 diese beiden Menschen, für Stephan und für
1599 3067 2756 3138 zu werden. Aber in meiner Bitte lag nicht die Absicht,
2757 3077 3402 3149 er ganz ruhig, wie er dessen M
415 3112 1593 3171 Johanna, keine Notwendigkeit zu geben. Sie tun, was
1592 3102 2756 3181 irgend ein Unrecht gutzumachen, sondern es war wahrschein¬
2754 3126 3406 3203 wenn sie sich getötet hätte?“
405 3149 1591 3222 ihnen gerade einfällt; und wenn man sieht, daß sie im
1590 3163 2765 3232 lich nur eine Laune — wie mancherlei anderes.“ So scheint
2755 3166 3411 3245 widert: „Ich glaube, ich hätt#
401 3198 1598 3258 nächsten Augenblick bereit sind, das Gegenteil von dem zu
1587 3209 2759 3279 es auch eine Laune Johannas zu sein, daß sie sich um¬
2751 3201 3352 3283 halten — in dieser Zeit!“
405 3248 1595 3323 tun, was sie im vorhergehenden tun wollten, so muß man
1591 3255 2759 3326 bringt. Am Schluß des vierten Aktes erblickt man ein
2750 3266 3406 3326 Felix ganz in der Ordnung, der
402 3300 1585 3355 eben annehmen, daß ihnen ein anderer Einfall gekommen
1586 3298 2754 3374 junges Mädchen, das sich auf einem Brunnenrand nieder¬
2751 3314 3400 3376 waren Sie es damals wirklich“
402 3345 1592 3409 ist. Entscheidend für ihr Handeln ist lediglich die Stim¬
1581 3348 2756 3416 läßt, um sich zu ertränken, und das sich anscheinend durch¬
2750 3365 3410 3425 Bühne der Sohn sich nicht darüb
403 3389 1593 3452 mung. Sie lieben sich, wenn sie gerade danach gestimmt
1586 3401 2754 3462 aus nicht darüber im klaren ist, weshalb es sich ertränken
2749 3404 3375 3470 Liebhaber seiner Mutter so
411 3419 1605 3495 sind und wenn die Stimmung es mit sich bringt, er¬
1584 3439 2755 3504 wird. Einige Zuschauer nahmen am Abend der Première
2754 3453 3407 3529 Sohne spricht — der Zuschaue
411 3481 3413 3576 ränken sie sich wohl auch einwal im Teich. Die Zuschauer diesen Aktschluß mit Gelächter auf. Das Gelächter war unmöglich billigen. Und hier wir
