<?xml version="1.0" encoding="UTF-8" standalone="yes"?>
<PcGts xmlns="http://schema.primaresearch.org/PAGE/gts/pagecontent/2013-07-15" xmlns:xsi="http://www.w3.org/2001/XMLSchema-instance" xsi:schemaLocation="http://schema.primaresearch.org/PAGE/gts/pagecontent/2013-07-15 http://schema.primaresearch.org/PAGE/gts/pagecontent/2013-07-15/pagecontent.xsd">
    <Metadata>
        <Creator>prov=University of Rostock/Institute of Mathematics/CITlab/Gundram Leifert/gundram.leifert@uni-rostock.de:name=ONB_Newseye_GT_M1+(htr_id=10810)::::v=2.4.2
prov=University of Rostock/Institute of Mathematics/CITlab/Tobias Gruening/tobias.gruening@uni-rostock.de:name=de.uros.citlab.module.baseline2polygon.B2PSeamMultiOriented:v=2.4.2
prov=University of Rostock/Institute of Mathematics/CITlab/Tobias Gruening/tobias.gruening@uni-rostock.de:name=/mnt/transkribus/LA/DEA/URO/LA_news_onb_att.pb:de.uros.citlab.segmentation.CITlab_LA_ML:v=2.4.2
Transkribus</Creator>
        <Created>2019-10-07T11:26:58.100+02:00</Created>
        <LastChange>2019-10-08T07:42:42.996+02:00</LastChange>
        <TranskribusMetadata docId="223970" pageId="9499502" pageNr="70" tsid="16506278" status="IN_PROGRESS" userId="40391" imgUrl="https://files.transkribus.eu/Get?id=WTDSFZYGKMFIBTZEAPJHGPYC&amp;fileType=view" xmlUrl="https://files.transkribus.eu/Get?id=WAMQODLJOOQCDBPUJNSHAKSH" imageId="6189724"/>
    </Metadata>
    <Page imageFilename="223970_0070.jpeg" imageWidth="3436" imageHeight="4352">
        <ReadingOrder>
            <OrderedGroup id="ro_1711450558763" caption="Regions reading order">
                <RegionRefIndexed index="0" regionRef="r1"/>
                <RegionRefIndexed index="1" regionRef="r2"/>
            </OrderedGroup>
        </ReadingOrder>
        <TextRegion orientation="0.0" id="r1" custom="readingOrder {index:0;}">
            <Coords points="166,319 166,3970 3195,3970 3195,319"/>
            <TextLine id="r1l1" custom="readingOrder {index:0;}">
                <Coords points="1054,348 1119,350 1115,291 1100,292 1096,289 1087,289 1075,290 1072,294 1065,291 1050,292"/>
                <Baseline points="1070,342 1102,340"/>
                <TextEquiv>
                    <Unicode>N</Unicode>
                </TextEquiv>
            </TextLine>
            <TextLine id="r1l2" custom="readingOrder {index:1;}">
                <Coords points="1396,363 1471,351 1496,370 1546,351 1651,377 1735,377 1813,349 1848,359 1848,303 1801,277 1758,274 1736,293 1633,289 1602,314 1558,295 1396,292"/>
                <Baseline points="1411,343 1437,342 1463,342 1489,342 1516,342 1542,342 1568,343 1594,344 1621,344 1647,344 1673,345 1699,345 1726,345 1752,345 1778,343 1804,342 1831,340"/>
                <TextEquiv>
                    <Unicode>box 23/1</Unicode>
                </TextEquiv>
            </TextLine>
            <TextLine id="r1l3" custom="readingOrder {index:2;}">
                <Coords points="224,354 560,398 1245,364 1245,323 1186,295 1102,344 741,284 638,327 564,285 433,318 224,298"/>
                <Baseline points="240,347 289,351 338,354 388,357 437,360 487,361 536,363 586,364 635,365 685,366 734,366 783,366 833,366 882,366 932,365 981,364 1031,364 1080,363 1130,362 1179,361 1229,360"/>
                <TextEquiv>
                    <Unicode>18. Der einsane-eg</Unicode>
                </TextEquiv>
            </TextLine>
            <TextLine id="r1l4" custom="readingOrder {index:3;}">
                <Coords points="693,1785 3202,1746 3182,1678 693,1729"/>
                <Baseline points="708,1772 838,1772 968,1772 1099,1771 1229,1770 1360,1769 1490,1768 1621,1766 1751,1764 1882,1762 2012,1761 2143,1759 2273,1757 2404,1755 2534,1753 2665,1751 2795,1750 2926,1749 3056,1748 3187,1747"/>
                <TextEquiv>
                    <Unicode>führt hat, meint von ihm: „Es gibt Menschen, die zu derlei ist die Rolle des Felix, der plötzlich entdeckt, daß er das</Unicode>
                </TextEquiv>
            </TextLine>
            <TextLine id="r1l5" custom="readingOrder {index:4;}">
                <Coords points="691,1819 3212,1808 3211,1746 2996,1736 690,1775"/>
                <Baseline points="706,1816 830,1816 954,1816 1079,1815 1203,1815 1328,1814 1452,1812 1577,1811 1701,1809 1826,1808 1950,1806 2074,1804 2199,1802 2323,1801 2448,1799 2572,1797 2697,1795 2821,1794 2946,1793 3070,1792 3195,1791"/>
                <TextEquiv>
                    <Unicode>Schicksalen geboren find.“ Nach diesen Zitaten kann man] Kukuksei im väterlichen Neste ist, und der sich dem Erzieher</Unicode>
                </TextEquiv>
            </TextLine>
            <TextLine id="r1l6" custom="readingOrder {index:5;}">
                <Coords points="692,1874 3203,1796 691,1821"/>
                <Baseline points="708,1862 832,1862 956,1862 1080,1861 1204,1860 1328,1859 1452,1857 1576,1856 1700,1854 1824,1852 1948,1850 2072,1848 2196,1845 2320,1843 2444,1841 2568,1840 2692,1838 2816,1837 2940,1835 3064,1834 3188,1834"/>
                <TextEquiv>
                    <Unicode>sich vorstellen, welche Zyniker die beiden alten Lebe= und Berater seiner Jugend mit um so größerer Liebe zu¬</Unicode>
                </TextEquiv>
            </TextLine>
            <TextLine id="r1l7" custom="readingOrder {index:6;}">
                <Coords points="693,1909 3102,1904 3210,1816 692,1868"/>
                <Baseline points="708,1908 832,1907 956,1906 1081,1904 1205,1903 1329,1901 1454,1900 1578,1898 1702,1897 1827,1895 1951,1894 2075,1892 2200,1890 2324,1889 2448,1887 2573,1886 2697,1884 2821,1883 2946,1881 3070,1880 3195,1879"/>
                <TextEquiv>
                    <Unicode>männer des Stückes sind. Sie unterscheiden sich dadurch, wendet, in dem Erzeuger aber nur einen ganz fremden</Unicode>
                </TextEquiv>
            </TextLine>
            <TextLine id="r1l8" custom="readingOrder {index:7;}">
                <Coords points="512,1921 543,1924 581,1915 602,1928 627,1922 633,1928 677,1929 678,1851 659,1851 640,1866 628,1869 619,1863 603,1872 513,1868"/>
                <Baseline points="527,1917 554,1916 581,1917 608,1918 635,1918 663,1917"/>
                <TextEquiv>
                    <Unicode>ten von</Unicode>
                </TextEquiv>
            </TextLine>
            <TextLine id="r1l9" custom="readingOrder {index:8;}">
                <Coords points="1931,1938 3167,1952 3210,1940 3210,1881 1930,1888"/>
                <Baseline points="1947,1935 2009,1935 2071,1934 2134,1934 2196,1933 2259,1933 2321,1932 2383,1931 2446,1931 2508,1930 2571,1929 2633,1928 2695,1928 2758,1927 2820,1927 2883,1926 2945,1926 3007,1926 3070,1926 3132,1926 3195,1927"/>
                <TextEquiv>
                    <Unicode>Menschen sehen kann. Herrn Kurt Stieler gelang es,</Unicode>
                </TextEquiv>
            </TextLine>
            <TextLine id="r1l10" custom="readingOrder {index:9;}">
                <Coords points="695,1956 1896,1952 1943,1901 694,1909"/>
                <Baseline points="710,1953 770,1951 831,1950 892,1949 953,1948 1014,1947 1075,1946 1135,1945 1196,1944 1257,1944 1318,1943 1379,1942 1440,1942 1501,1941 1561,1941 1622,1940 1683,1940 1744,1939 1805,1939 1866,1938 1927,1938"/>
                <TextEquiv>
                    <Unicode>daß Julian Fichtner die zunehmende Altersschwäche verflucht</Unicode>
                </TextEquiv>
            </TextLine>
            <TextLine id="r1l11" custom="readingOrder {index:10;}">
                <Coords points="500,1996 525,1990 562,1996 584,1977 599,1983 637,1968 652,1974 671,1961 689,1964 689,1918 655,1924 568,1915 543,1924 521,1918 499,1922"/>
                <Baseline points="515,1963 541,1962 567,1961 594,1961 620,1962 646,1962 673,1961"/>
                <TextEquiv>
                    <Unicode>Februar.</Unicode>
                </TextEquiv>
            </TextLine>
            <TextLine id="r1l12" custom="readingOrder {index:11;}">
                <Coords points="2945,1991 2973,1994 3004,1982 3020,1992 3051,1982 3069,1995 3085,1995 3107,1983 3129,1983 3129,1927 3110,1927 3079,1942 3060,1926 3036,1933 2998,1923 2961,1948 2945,1948"/>
                <Baseline points="2962,1967 2987,1966 3012,1966 3037,1965 3062,1966 3087,1966 3112,1969"/>
                <TextEquiv>
                    <Unicode>M.-F.</Unicode>
                </TextEquiv>
            </TextLine>
            <TextLine id="r1l13" custom="readingOrder {index:12;}">
                <Coords points="1938,1996 2757,1998 2863,1975 2863,1935 1938,1949"/>
                <Baseline points="1954,1982 1998,1980 2043,1979 2087,1977 2132,1976 2177,1975 2221,1975 2266,1975 2311,1974 2355,1974 2400,1975 2445,1975 2489,1975 2534,1975 2579,1975 2623,1975 2668,1975 2713,1974 2757,1974 2802,1973 2847,1972"/>
                <TextEquiv>
                    <Unicode>dieser Gestalt die Sympathieen zuzuwenden.</Unicode>
                </TextEquiv>
            </TextLine>
            <TextLine id="r1l14" custom="readingOrder {index:13;}">
                <Coords points="689,1997 1943,1992 1942,1939 1899,1937 688,1950"/>
                <Baseline points="703,1995 764,1994 825,1993 886,1992 947,1991 1009,1990 1070,1989 1131,1989 1192,1988 1253,1987 1315,1987 1376,1986 1437,1986 1498,1985 1559,1985 1621,1984 1682,1983 1743,1982 1804,1982 1865,1981 1927,1980"/>
                <TextEquiv>
                    <Unicode>und sich nicht darein finden kann, „den menschlichen Gesetzen</Unicode>
                </TextEquiv>
            </TextLine>
            <TextLine id="r1l15" custom="readingOrder {index:14;}">
                <Coords points="678,2040 1942,2038 1947,1978 677,1997"/>
                <Baseline points="695,2043 756,2040 818,2038 880,2036 942,2035 1004,2033 1066,2032 1128,2032 1190,2031 1252,2031 1314,2030 1375,2030 1437,2030 1499,2029 1561,2029 1623,2028 1685,2028 1747,2027 1809,2026 1871,2024 1933,2023"/>
                <TextEquiv>
                    <Unicode>bso gut unterworfen zu sein, wie ein anderer“, während Stephan</Unicode>
                </TextEquiv>
            </TextLine>
            <TextLine id="r1l16" custom="readingOrder {index:15;}">
                <Coords points="175,2068 231,2087 300,2067 686,2071 685,2008 657,1996 555,2028 474,2007 421,2017 377,1992 290,2008 218,1997 175,2022"/>
                <Baseline points="190,2062 215,2062 240,2062 265,2062 291,2062 316,2061 341,2061 366,2060 392,2060 417,2060 442,2059 467,2059 493,2058 518,2058 543,2058 568,2058 594,2059 619,2059 644,2060 670,2061"/>
                <TextEquiv>
                    <Unicode>en jungen Lebemännern,</Unicode>
                </TextEquiv>
            </TextLine>
            <TextLine id="r1l17" custom="readingOrder {index:16;}">
                <Coords points="687,2079 1920,2087 1954,2037 687,2048"/>
                <Baseline points="702,2078 763,2079 825,2079 887,2079 949,2079 1011,2079 1072,2078 1134,2078 1196,2077 1258,2076 1320,2075 1381,2074 1443,2073 1505,2072 1567,2072 1629,2071 1690,2071 1752,2071 1814,2071 1876,2071 1938,2072"/>
                <TextEquiv>
                    <Unicode>v. Sala, „weniger wehleidig“, sich dahin resigniert: „den Weg</Unicode>
                </TextEquiv>
            </TextLine>
            <TextLine id="r1l18" custom="readingOrder {index:17;}">
                <Coords points="186,2115 227,2100 252,2118 323,2115 364,2093 401,2114 498,2104 566,2132 588,2110 691,2103 690,2066 616,2082 600,2066 255,2071 236,2056 186,2072"/>
                <Baseline points="201,2109 227,2108 253,2108 280,2107 306,2107 332,2107 359,2107 385,2106 411,2106 438,2106 464,2106 490,2106 517,2106 543,2106 569,2106 596,2106 622,2106 648,2105 675,2105"/>
                <TextEquiv>
                    <Unicode>se mehr abgewinnen zu</Unicode>
                </TextEquiv>
            </TextLine>
            <TextLine id="r1l19" custom="readingOrder {index:18;}">
                <Coords points="693,2131 1951,2132 1950,2070 693,2084"/>
                <Baseline points="710,2127 771,2125 832,2123 893,2122 955,2121 1016,2120 1077,2119 1139,2119 1200,2118 1261,2118 1323,2117 1384,2117 1445,2116 1506,2116 1568,2115 1629,2115 1690,2114 1752,2113 1813,2112 1874,2111 1936,2109"/>
                <TextEquiv>
                    <Unicode>hinab gehen wir alle allein .... wir, die selbst niemand ge¬</Unicode>
                </TextEquiv>
            </TextLine>
            <TextLine id="r1l20" custom="readingOrder {index:19;}">
                <Coords points="163,2163 266,2154 285,2170 347,2149 400,2164 586,2144 585,2110 551,2123 498,2105 399,2114 364,2093 327,2116 252,2117 230,2102 203,2119 162,2113"/>
                <Baseline points="179,2159 205,2156 231,2155 257,2154 283,2153 309,2153 335,2152 361,2152 388,2152 414,2152 440,2151 466,2151 492,2150 518,2149 544,2147 571,2145"/>
                <TextEquiv>
                    <Unicode>bgelebten Zustande.</Unicode>
                </TextEquiv>
            </TextLine>
            <TextLine id="r1l21" custom="readingOrder {index:20;}">
                <Coords points="678,2166 1942,2163 1907,2113 678,2116"/>
                <Baseline points="695,2167 756,2166 818,2165 879,2164 941,2164 1002,2163 1064,2162 1125,2162 1187,2161 1248,2161 1310,2160 1372,2160 1433,2159 1495,2159 1556,2158 1618,2158 1679,2157 1741,2156 1802,2155 1864,2154 1926,2153"/>
                <TextEquiv>
                    <Unicode>khört haben. Das Alter ist nun einmal eine einsame Beschäf¬</Unicode>
                </TextEquiv>
            </TextLine>
            <TextLine id="r1l22" custom="readingOrder {index:21;}">
                <Coords points="164,2208 285,2193 326,2215 378,2192 655,2200 680,2197 680,2153 589,2164 564,2143 381,2164 346,2149 284,2169 163,2158"/>
                <Baseline points="179,2198 204,2197 229,2197 255,2196 280,2195 306,2195 331,2194 357,2194 382,2194 408,2194 433,2193 459,2193 484,2193 510,2193 535,2192 561,2192 586,2191 612,2191 637,2190 663,2189"/>
                <TextEquiv>
                    <Unicode>nicht. Es bedurfte am</Unicode>
                </TextEquiv>
            </TextLine>
            <TextLine id="r1l23" custom="readingOrder {index:22;}">
                <Coords points="680,2235 1194,2202 1944,2227 1956,2149 680,2163"/>
                <Baseline points="697,2211 759,2210 821,2209 883,2208 945,2207 1007,2206 1069,2206 1131,2205 1193,2205 1255,2204 1318,2204 1380,2203 1442,2203 1504,2202 1566,2202 1628,2201 1690,2201 1752,2200 1814,2200 1876,2199 1939,2199"/>
                <TextEquiv>
                    <Unicode>itigung für unsereinen, und ein Narr, wer sich nicht beizeiten darauf</Unicode>
                </TextEquiv>
            </TextLine>
            <TextLine id="r1l24" custom="readingOrder {index:23;}">
                <Coords points="165,2249 274,2255 314,2233 691,2240 691,2194 165,2200"/>
                <Baseline points="179,2237 205,2237 231,2236 257,2236 283,2235 309,2235 335,2235 361,2235 387,2236 413,2236 440,2236 466,2236 492,2236 518,2236 544,2236 570,2235 596,2235 622,2233 648,2233 675,2231"/>
                <TextEquiv>
                    <Unicode>hungen aller anwesenden</Unicode>
                </TextEquiv>
            </TextLine>
            <TextLine id="r1l25" custom="readingOrder {index:24;}">
                <Coords points="685,2259 1575,2268 1820,2224 1911,2255 1941,2198 684,2221"/>
                <Baseline points="701,2256 762,2255 823,2255 884,2254 946,2253 1007,2252 1068,2252 1130,2251 1191,2250 1252,2249 1314,2249 1375,2248 1436,2247 1497,2247 1559,2246 1620,2245 1681,2245 1743,2244 1804,2244 1865,2244 1927,2243"/>
                <TextEquiv>
                    <Unicode>keinrichtet, auf keinen Menschen angewiesen zu sein.“ Mit</Unicode>
                </TextEquiv>
            </TextLine>
            <TextLine id="r1l26" custom="readingOrder {index:25;}">
                <Coords points="149,2280 339,2298 435,2278 684,2279 684,2239 656,2236 342,2245 314,2232 273,2254 245,2227 208,2243 149,2231"/>
                <Baseline points="166,2282 191,2281 216,2281 241,2280 266,2280 291,2280 316,2279 342,2279 367,2279 392,2279 417,2279 442,2279 467,2279 492,2279 518,2279 543,2279 568,2278 593,2278 618,2277 643,2277 669,2275"/>
                <TextEquiv>
                    <Unicode>testen Szeuen des Stückes</Unicode>
                </TextEquiv>
            </TextLine>
            <TextLine id="r1l27" custom="readingOrder {index:26;}">
                <Coords points="691,2302 1949,2310 1948,2251 1823,2225 690,2259"/>
                <Baseline points="706,2300 767,2298 828,2297 889,2296 951,2295 1012,2295 1073,2294 1135,2294 1196,2294 1257,2293 1319,2293 1380,2293 1441,2292 1502,2292 1564,2291 1625,2290 1686,2289 1748,2288 1809,2286 1870,2284 1932,2282"/>
                <TextEquiv>
                    <Unicode>Recht nahmen die meisten Zuschauer diese gesucht frivole Weis¬</Unicode>
                </TextEquiv>
            </TextLine>
            <TextLine id="r1l28" custom="readingOrder {index:27;}">
                <Coords points="159,2360 227,2328 255,2343 351,2319 405,2337 529,2316 591,2337 691,2323 690,2276 454,2290 435,2277 339,2298 158,2285"/>
                <Baseline points="173,2327 198,2327 223,2327 248,2326 273,2325 298,2324 323,2324 348,2323 373,2322 398,2321 423,2321 448,2320 473,2320 498,2319 523,2319 548,2319 573,2319 598,2319 623,2320 648,2320 674,2322"/>
                <TextEquiv>
                    <Unicode>chutz zu nehmen. Dabei</Unicode>
                </TextEquiv>
            </TextLine>
            <TextLine id="r1l29" custom="readingOrder {index:28;}">
                <Coords points="690,2360 1872,2345 1953,2339 1953,2292 689,2304"/>
                <Baseline points="704,2343 765,2342 827,2340 888,2340 950,2339 1012,2338 1073,2338 1135,2337 1197,2337 1258,2336 1320,2336 1382,2336 1443,2335 1505,2335 1567,2335 1628,2334 1690,2334 1752,2334 1813,2333 1875,2333 1937,2332"/>
                <TextEquiv>
                    <Unicode>heit, die den Witz an die Stelle des Gewissens setzen möchte,</Unicode>
                </TextEquiv>
            </TextLine>
            <TextLine id="r1l30" custom="readingOrder {index:29;}">
                <Coords points="170,2372 347,2382 443,2364 481,2379 593,2358 674,2370 693,2366 692,2322 169,2332"/>
                <Baseline points="185,2369 210,2369 236,2369 262,2369 288,2368 314,2367 340,2367 366,2366 392,2365 418,2364 444,2363 470,2363 496,2362 522,2362 548,2361 574,2361 600,2362 626,2362 652,2363 678,2365"/>
                <TextEquiv>
                    <Unicode>als frühere Werke des</Unicode>
                </TextEquiv>
            </TextLine>
            <TextLine id="r1l31" custom="readingOrder {index:30;}">
                <Coords points="694,2387 1902,2386 1955,2380 1955,2339 694,2362"/>
                <Baseline points="710,2387 771,2385 832,2384 894,2383 955,2382 1017,2381 1078,2380 1140,2379 1201,2379 1263,2378 1324,2378 1385,2378 1447,2378 1508,2378 1570,2378 1631,2378 1693,2378 1754,2378 1816,2379 1877,2379 1939,2379"/>
                <TextEquiv>
                    <Unicode>auf die Dauer nicht ernst. Aeltere Leute wollten sich hie und</Unicode>
                </TextEquiv>
            </TextLine>
            <TextLine id="r1l32" custom="readingOrder {index:31;}">
                <Coords points="159,2425 287,2410 365,2430 380,2414 486,2409 536,2423 648,2412 667,2427 695,2423 694,2364 451,2360 355,2384 158,2375"/>
                <Baseline points="175,2412 200,2412 225,2412 250,2412 275,2412 300,2412 325,2411 351,2410 376,2409 401,2408 426,2407 451,2407 476,2406 501,2405 527,2404 552,2404 577,2404 602,2404 627,2404 652,2405 678,2406"/>
                <TextEquiv>
                    <Unicode>ikum an diesen besonders</Unicode>
                </TextEquiv>
            </TextLine>
            <TextLine id="r1l33" custom="readingOrder {index:32;}">
                <Coords points="687,2420 1942,2441 1941,2379 687,2382"/>
                <Baseline points="703,2427 764,2427 825,2428 886,2427 947,2427 1008,2426 1069,2426 1131,2425 1192,2424 1253,2423 1314,2423 1375,2422 1436,2421 1497,2420 1559,2420 1620,2420 1681,2420 1742,2420 1803,2420 1864,2421 1926,2423"/>
                <TextEquiv>
                    <Unicode>da entrüsten; das Lachen aber, das den vierten Akt begleitete,</Unicode>
                </TextEquiv>
            </TextLine>
            <TextLine id="r1l34" custom="readingOrder {index:33;}">
                <Coords points="171,2466 681,2462 681,2419 347,2408 170,2423"/>
                <Baseline points="186,2456 211,2456 236,2455 261,2455 287,2454 312,2454 337,2453 363,2453 388,2453 413,2452 439,2452 464,2451 489,2451 515,2451 540,2451 565,2450 591,2450 616,2450 641,2450 667,2450"/>
                <TextEquiv>
                    <Unicode>Häufung der Paradoxen,</Unicode>
                </TextEquiv>
            </TextLine>
            <TextLine id="r1l35" custom="readingOrder {index:34;}">
                <Coords points="685,2497 1192,2473 1394,2491 1394,2432 977,2424 800,2447 684,2419"/>
                <Baseline points="699,2469 733,2470 767,2470 801,2470 835,2470 869,2470 903,2470 937,2470 971,2470 1005,2470 1039,2470 1073,2469 1107,2469 1141,2469 1175,2469 1209,2468 1243,2468 1277,2468 1311,2468 1345,2468 1379,2468"/>
                <TextEquiv>
                    <Unicode>war eine noch kräftigere Abwehr.</Unicode>
                </TextEquiv>
            </TextLine>
            <TextLine id="r1l36" custom="readingOrder {index:35;}">
                <Coords points="177,2510 310,2496 497,2513 581,2494 703,2508 702,2468 674,2459 369,2452 176,2473"/>
                <Baseline points="192,2497 218,2497 244,2498 270,2498 296,2498 322,2498 348,2498 374,2498 400,2498 426,2497 452,2497 478,2496 504,2496 530,2495 556,2495 582,2495 608,2494 634,2494 660,2494 686,2494"/>
                <TextEquiv>
                    <Unicode> alles findet sich in dem</Unicode>
                </TextEquiv>
            </TextLine>
            <TextLine id="r1l37" custom="readingOrder {index:36;}">
                <Coords points="798,2525 1959,2540 1958,2471 1918,2456 797,2479"/>
                <Baseline points="813,2519 869,2520 926,2521 982,2521 1039,2522 1095,2522 1152,2522 1208,2522 1265,2521 1321,2521 1378,2520 1434,2520 1491,2519 1547,2519 1604,2518 1660,2517 1717,2516 1773,2516 1830,2515 1886,2515 1943,2514"/>
                <TextEquiv>
                    <Unicode>Mit Ausnahme von einigen recht geschickt durchgeführten</Unicode>
                </TextEquiv>
            </TextLine>
            <TextLine id="r1l38" custom="readingOrder {index:37;}">
                <Coords points="517,2547 548,2544 560,2550 582,2540 604,2547 626,2544 635,2553 660,2544 700,2553 700,2497 685,2497 676,2506 604,2503 579,2494 548,2506 535,2494 517,2497"/>
                <Baseline points="531,2539 556,2536 582,2536 608,2537 633,2538 659,2538 685,2535"/>
                <TextEquiv>
                    <Unicode>Einige</Unicode>
                </TextEquiv>
            </TextLine>
            <TextLine id="r1l39" custom="readingOrder {index:38;}">
                <Coords points="159,2558 225,2545 293,2548 306,2560 330,2545 533,2547 533,2507 417,2510 302,2495 159,2511"/>
                <Baseline points="176,2542 202,2540 228,2540 254,2539 281,2539 307,2538 333,2538 360,2538 386,2538 412,2538 439,2539 465,2539 491,2539 518,2540"/>
                <TextEquiv>
                    <Unicode>er Vyllendung.</Unicode>
                </TextEquiv>
            </TextLine>
            <TextLine id="r1l40" custom="readingOrder {index:39;}">
                <Coords points="685,2572 1951,2572 1914,2523 837,2538 685,2504"/>
                <Baseline points="699,2568 760,2567 822,2567 884,2567 946,2567 1008,2567 1069,2567 1131,2566 1193,2566 1255,2566 1317,2566 1378,2565 1440,2565 1502,2565 1564,2565 1626,2565 1687,2565 1749,2565 1811,2565 1873,2565 1935,2565"/>
                <TextEquiv>
                    <Unicode>Szenen ist das Stück schwach. Es ahmt die rückwärts sich</Unicode>
                </TextEquiv>
            </TextLine>
            <TextLine id="r1l41" custom="readingOrder {index:40;}">
                <Coords points="156,2606 186,2590 237,2611 301,2579 342,2604 694,2589 693,2540 155,2544"/>
                <Baseline points="171,2586 196,2586 221,2587 247,2587 272,2587 298,2587 323,2587 348,2587 374,2586 399,2586 425,2586 450,2585 475,2585 501,2585 526,2584 552,2583 577,2583 602,2582 628,2581 653,2580 679,2578"/>
                <TextEquiv>
                    <Unicode>eisen. Frau Wegrath hat</Unicode>
                </TextEquiv>
            </TextLine>
            <TextLine id="r1l42" custom="readingOrder {index:41;}">
                <Coords points="685,2629 1964,2618 1964,2575 1849,2560 685,2573"/>
                <Baseline points="702,2615 764,2614 826,2613 888,2613 951,2612 1013,2612 1075,2612 1138,2611 1200,2611 1262,2611 1325,2611 1387,2611 1449,2610 1511,2610 1574,2610 1636,2609 1698,2609 1761,2608 1823,2607 1885,2606 1948,2605"/>
                <TextEquiv>
                    <Unicode>aufwickelnden Dramen Ibsens nach, bringt in der Gestalt</Unicode>
                </TextEquiv>
            </TextLine>
            <TextLine id="r1l43" custom="readingOrder {index:42;}">
                <Coords points="158,2636 432,2629 470,2650 507,2625 541,2641 703,2631 703,2603 672,2587 606,2581 516,2600 435,2585 342,2604 301,2582 158,2595"/>
                <Baseline points="175,2630 200,2630 226,2629 251,2629 277,2629 303,2629 328,2629 354,2628 379,2628 405,2628 431,2628 456,2628 482,2628 507,2628 533,2628 559,2628 584,2628 610,2628 635,2628 661,2628 687,2628"/>
                <TextEquiv>
                    <Unicode>de kurz vor der Hochzest</Unicode>
                </TextEquiv>
            </TextLine>
            <TextLine id="r1l44" custom="readingOrder {index:43;}">
                <Coords points="170,2684 1947,2650 1768,2603 169,2637"/>
                <Baseline points="184,2678 271,2675 358,2672 446,2670 533,2667 621,2665 708,2663 795,2661 883,2660 970,2658 1058,2657 1145,2655 1232,2654 1320,2653 1407,2652 1495,2652 1582,2651 1669,2651 1757,2650 1844,2650 1932,2650"/>
                <TextEquiv>
                    <Unicode>hr erstes, in der Ehe eines hellsehenden Mädchens etwas, dem Macterlinck Ab¬</Unicode>
                </TextEquiv>
            </TextLine>
            <TextLine id="r1l45" custom="readingOrder {index:44;}">
                <Coords points="166,2724 1800,2709 1949,2700 1948,2651 165,2684"/>
                <Baseline points="180,2719 267,2716 355,2714 443,2713 530,2711 618,2709 706,2707 793,2705 881,2703 969,2702 1057,2701 1144,2699 1232,2698 1320,2697 1407,2696 1495,2695 1583,2694 1670,2694 1758,2693 1846,2693 1934,2693"/>
                <TextEquiv>
                    <Unicode>rüber geschwiegen, em¬ gesehenes hinzu und möchte d'Annunzios Naturschwärmerei</Unicode>
                </TextEquiv>
            </TextLine>
            <TextLine id="r1l46" custom="readingOrder {index:45;}">
                <Coords points="688,2744 1921,2747 1958,2675 688,2713"/>
                <Baseline points="703,2751 765,2748 827,2746 889,2744 951,2743 1013,2742 1075,2741 1137,2740 1199,2740 1261,2739 1323,2739 1385,2739 1447,2739 1509,2739 1571,2738 1633,2738 1695,2737 1757,2737 1819,2735 1881,2734 1943,2732"/>
                <TextEquiv>
                    <Unicode>ebenfalls verwerten, — alles das mit unzureichender Kraft.</Unicode>
                </TextEquiv>
            </TextLine>
            <TextLine id="r1l47" custom="readingOrder {index:46;}">
                <Coords points="157,2768 191,2781 266,2758 334,2773 418,2753 487,2774 555,2751 577,2767 683,2769 692,2719 614,2723 564,2698 474,2727 322,2732 281,2714 157,2728"/>
                <Baseline points="171,2762 196,2761 221,2761 246,2760 272,2760 297,2760 322,2760 348,2759 373,2759 398,2759 424,2758 449,2758 474,2758 499,2758 525,2757 550,2757 575,2757 601,2756 626,2756 651,2756 677,2755"/>
                <TextEquiv>
                    <Unicode>des Todes keine Reue</Unicode>
                </TextEquiv>
            </TextLine>
            <TextLine id="r1l48" custom="readingOrder {index:47;}">
                <Coords points="697,2793 1949,2795 1948,2742 1799,2728 697,2752"/>
                <Baseline points="712,2790 773,2788 834,2787 895,2786 956,2785 1017,2785 1078,2784 1139,2784 1200,2783 1261,2783 1322,2783 1383,2783 1444,2782 1505,2782 1566,2782 1627,2781 1688,2781 1749,2780 1810,2779 1871,2778 1933,2777"/>
                <TextEquiv>
                    <Unicode>Den Hauptinhalt aber bildet wieder und wieder die Liebelei.</Unicode>
                </TextEquiv>
            </TextLine>
            <TextLine id="r1l49" custom="readingOrder {index:48;}">
                <Coords points="173,2816 300,2815 325,2800 419,2815 437,2799 487,2821 531,2805 693,2807 692,2767 555,2749 415,2753 331,2775 173,2766"/>
                <Baseline points="187,2808 212,2806 238,2806 264,2805 290,2804 316,2803 342,2803 367,2802 393,2801 419,2801 445,2801 471,2801 497,2801 522,2801 548,2801 574,2802 600,2803 626,2804 652,2805 678,2806"/>
                <TextEquiv>
                    <Unicode>etwas nicht in Ordnung</Unicode>
                </TextEquiv>
            </TextLine>
            <TextLine id="r1l50" custom="readingOrder {index:49;}">
                <Coords points="701,2835 1968,2843 1967,2759 701,2794"/>
                <Baseline points="717,2828 778,2829 840,2829 902,2830 964,2830 1026,2830 1087,2829 1149,2829 1211,2828 1273,2828 1335,2827 1396,2827 1458,2826 1520,2826 1582,2825 1644,2825 1705,2824 1767,2824 1829,2824 1891,2824 1953,2825"/>
                <TextEquiv>
                    <Unicode>Selbst das wird uns nicht erspart, daß die somnambule junge</Unicode>
                </TextEquiv>
            </TextLine>
            <TextLine id="r1l51" custom="readingOrder {index:50;}">
                <Coords points="182,2856 686,2851 686,2811 645,2805 536,2803 493,2822 440,2804 182,2809"/>
                <Baseline points="198,2854 224,2851 250,2850 276,2849 303,2848 329,2847 355,2847 381,2847 408,2847 434,2847 460,2847 487,2847 513,2847 539,2847 565,2847 592,2847 618,2847 644,2846 671,2845"/>
                <TextEquiv>
                    <Unicode>rsein Vater ist. Der als</Unicode>
                </TextEquiv>
            </TextLine>
            <TextLine id="r1l52" custom="readingOrder {index:51;}">
                <Coords points="183,2899 1954,2887 1932,2828 182,2855"/>
                <Baseline points="200,2895 286,2892 373,2889 460,2886 547,2883 634,2881 721,2879 808,2877 895,2876 982,2874 1069,2873 1155,2872 1242,2872 1329,2871 1416,2871 1503,2870 1590,2870 1677,2870 1764,2869 1851,2869 1938,2869"/>
                <TextEquiv>
                    <Unicode>e Hausarzt Dr. Reumann] Dame sich an den alten Lebemann wegwirft, von dem sie</Unicode>
                </TextEquiv>
            </TextLine>
            <TextLine id="r1l53" custom="readingOrder {index:52;}">
                <Coords points="164,2945 1957,2906 1645,2858 164,2899"/>
                <Baseline points="179,2938 267,2936 355,2935 443,2933 531,2931 619,2928 707,2926 795,2924 883,2922 971,2920 1059,2918 1147,2917 1235,2915 1323,2914 1411,2913 1499,2912 1587,2911 1675,2911 1763,2911 1851,2912 1940,2913"/>
                <TextEquiv>
                    <Unicode>Glücklich machen, ist besser weiß, daß er an einem der nächsten Tage sterben wird, der</Unicode>
                </TextEquiv>
            </TextLine>
            <TextLine id="r1l54" custom="readingOrder {index:53;}">
                <Coords points="692,2976 802,3002 866,2963 1063,2982 1486,2962 1485,2915 691,2923"/>
                <Baseline points="707,2971 745,2969 783,2968 821,2967 859,2966 897,2965 935,2964 973,2963 1011,2963 1049,2962 1088,2962 1126,2961 1164,2961 1202,2960 1240,2960 1278,2959 1316,2959 1354,2957 1392,2957 1430,2956 1469,2954"/>
                <TextEquiv>
                    <Unicode>also für sie eine wandelnde Leiche ist.</Unicode>
                </TextEquiv>
            </TextLine>
            <TextLine id="r1l55" custom="readingOrder {index:54;}">
                <Coords points="159,2996 228,2977 340,3007 439,2981 710,2991 710,2950 563,2930 159,2943"/>
                <Baseline points="175,2981 202,2981 229,2981 256,2981 284,2981 311,2981 338,2980 366,2980 393,2980 420,2980 448,2979 475,2979 502,2979 530,2978 557,2978 584,2978 612,2977 639,2977 666,2977 694,2977"/>
                <TextEquiv>
                    <Unicode>as beschieden war, haben</Unicode>
                </TextEquiv>
            </TextLine>
            <TextLine id="r1l56" custom="readingOrder {index:55;}">
                <Coords points="795,3013 1915,3027 1971,2970 1532,2942 794,2979"/>
                <Baseline points="809,3015 866,3015 923,3016 981,3016 1038,3016 1095,3015 1153,3015 1210,3014 1267,3013 1325,3012 1382,3012 1439,3011 1497,3010 1554,3009 1611,3009 1669,3009 1726,3008 1783,3009 1841,3009 1898,3010 1956,3012"/>
                <TextEquiv>
                    <Unicode>Die Aufführung ging mit unerschütterlichem Ernste auf</Unicode>
                </TextEquiv>
            </TextLine>
            <TextLine id="r1l57" custom="readingOrder {index:56;}">
                <Coords points="154,3039 702,3023 701,2985 648,2980 580,2993 536,2975 499,2994 433,2976 281,3000 153,2980"/>
                <Baseline points="169,3027 194,3027 220,3026 246,3026 272,3025 298,3025 324,3024 350,3024 376,3024 402,3023 428,3023 453,3022 479,3022 505,3022 531,3022 557,3021 583,3021 609,3021 635,3021 661,3021 687,3021"/>
                <TextEquiv>
                    <Unicode>acht ... wenn Sie ein</Unicode>
                </TextEquiv>
            </TextLine>
            <TextLine id="r1l58" custom="readingOrder {index:57;}">
                <Coords points="169,3080 1959,3026 169,3034"/>
                <Baseline points="186,3070 273,3068 361,3066 449,3065 537,3064 625,3063 713,3062 801,3061 889,3060 977,3060 1065,3059 1152,3059 1240,3058 1328,3058 1416,3057 1504,3057 1592,3057 1680,3056 1768,3056 1856,3055 1944,3055"/>
                <TextEquiv>
                    <Unicode>rnheit gestatten.“ Undi alle Tifteleien des Verfassers ein. Wer das Stück lieft, durch¬</Unicode>
                </TextEquiv>
            </TextLine>
            <TextLine id="r1l59" custom="readingOrder {index:58;}">
                <Coords points="172,3117 1959,3102 1958,3049 172,3086"/>
                <Baseline points="187,3115 274,3114 362,3113 450,3112 538,3111 626,3110 714,3109 801,3108 889,3108 977,3107 1065,3106 1153,3105 1241,3104 1329,3103 1416,3102 1504,3101 1592,3100 1680,3099 1768,3098 1856,3098 1944,3097"/>
                <TextEquiv>
                    <Unicode>stark erwiesen hat, daß schaut wohl mit einem Blicke das ganze Blendwerk; bei so</Unicode>
                </TextEquiv>
            </TextLine>
            <TextLine id="r1l60" custom="readingOrder {index:59;}">
                <Coords points="164,3164 1773,3155 1953,3104 163,3111"/>
                <Baseline points="179,3156 266,3156 354,3155 442,3155 530,3154 618,3153 706,3152 793,3151 881,3150 969,3149 1057,3148 1145,3147 1233,3146 1321,3145 1408,3145 1496,3144 1584,3143 1672,3143 1760,3142 1848,3142 1936,3142"/>
                <TextEquiv>
                    <Unicode>tragen kann, ist min¬ guter Darstellung kommt man aber erst allmählich zu der</Unicode>
                </TextEquiv>
            </TextLine>
            <TextLine id="r1l61" custom="readingOrder {index:60;}">
                <Coords points="169,3207 1846,3205 1965,3197 1964,3135 168,3164"/>
                <Baseline points="184,3199 272,3199 360,3199 448,3199 537,3199 625,3198 713,3197 802,3196 890,3195 978,3194 1067,3193 1155,3191 1243,3190 1331,3189 1420,3188 1508,3187 1596,3185 1685,3185 1773,3184 1861,3184 1950,3183"/>
                <TextEquiv>
                    <Unicode>wie eine Wahrheit, die Erkenntnis, daß hier nur ein Studierstubenspuk sich abspielt.</Unicode>
                </TextEquiv>
            </TextLine>
            <TextLine id="r1l62" custom="readingOrder {index:61;}">
                <Coords points="164,3248 1917,3239 1960,3195 164,3204"/>
                <Baseline points="179,3243 267,3243 355,3242 443,3242 532,3241 620,3240 708,3239 796,3238 885,3237 973,3236 1061,3235 1149,3234 1238,3232 1326,3231 1414,3230 1502,3230 1591,3229 1679,3228 1767,3228 1855,3228 1944,3228"/>
                <TextEquiv>
                    <Unicode>ild der Vergangenheit zu Relativ wahrscheinlich ist der Akademiedirektor geschildert, und</Unicode>
                </TextEquiv>
            </TextLine>
            <TextLine id="r1l63" custom="readingOrder {index:62;}">
                <Coords points="190,3288 1955,3281 1954,3222 190,3257"/>
                <Baseline points="207,3291 293,3290 380,3288 466,3286 553,3285 640,3284 726,3283 813,3281 899,3280 986,3279 1073,3278 1159,3277 1246,3276 1332,3275 1419,3274 1506,3273 1592,3272 1679,3272 1765,3271 1852,3270 1939,3269"/>
                <TextEquiv>
                    <Unicode>zu trüben und die Be¬ Herr Oskar Sauer mit seiner großen und doch so bescheiden</Unicode>
                </TextEquiv>
            </TextLine>
            <TextLine id="r1l64" custom="readingOrder {index:63;}">
                <Coords points="193,3335 1948,3328 1947,3278 1863,3276 192,3288"/>
                <Baseline points="209,3333 295,3331 381,3330 467,3329 553,3328 640,3326 726,3325 812,3324 898,3323 984,3322 1071,3322 1157,3321 1243,3320 1329,3319 1415,3318 1502,3317 1588,3316 1674,3315 1760,3315 1846,3314 1933,3313"/>
                <TextEquiv>
                    <Unicode>Für den Verfasser steht sich gebenden Kunst ließ diese Gestalt ganz lebendig werden.</Unicode>
                </TextEquiv>
            </TextLine>
            <TextLine id="r1l65" custom="readingOrder {index:64;}">
                <Coords points="172,3388 1930,3373 1952,3323 171,3341"/>
                <Baseline points="187,3375 274,3375 361,3374 449,3374 536,3373 624,3372 711,3371 798,3370 886,3369 973,3367 1061,3366 1148,3365 1235,3364 1323,3363 1410,3362 1498,3361 1585,3361 1672,3360 1760,3360 1847,3361 1935,3361"/>
                <TextEquiv>
                    <Unicode>#ur ein Temperaments=] Dann ist noch eine Nebenperson als wohlgelungen zu rühmen,</Unicode>
                </TextEquiv>
            </TextLine>
            <TextLine id="r1l66" custom="readingOrder {index:65;}">
                <Coords points="685,3429 1921,3415 1955,3374 685,3382"/>
                <Baseline points="702,3419 763,3416 825,3414 887,3412 949,3411 1011,3410 1073,3409 1134,3408 1196,3408 1258,3407 1320,3407 1382,3406 1444,3406 1506,3406 1567,3405 1629,3405 1691,3404 1753,3404 1815,3403 1877,3402 1939,3400"/>
                <TextEquiv>
                    <Unicode>die frühere Geliebte Juliaus, die sich mit dem Altern und</Unicode>
                </TextEquiv>
            </TextLine>
            <TextLine id="r1l67" custom="readingOrder {index:66;}">
                <Coords points="167,3420 257,3435 310,3416 413,3441 484,3412 515,3431 568,3418 668,3430 702,3415 702,3384 546,3375 469,3394 363,3372 167,3389"/>
                <Baseline points="183,3420 208,3420 233,3419 258,3419 283,3418 308,3418 333,3418 359,3418 384,3418 409,3418 434,3418 459,3418 484,3418 509,3418 535,3418 560,3418 585,3418 610,3418 635,3417 660,3417 686,3416"/>
                <TextEquiv>
                    <Unicode>muß deshalb gestehen:</Unicode>
                </TextEquiv>
            </TextLine>
            <TextLine id="r1l68" custom="readingOrder {index:67;}">
                <Coords points="164,3478 1966,3442 1965,3392 163,3425"/>
                <Baseline points="179,3462 267,3462 356,3463 444,3462 533,3462 621,3461 710,3460 798,3459 887,3458 975,3456 1064,3455 1152,3453 1241,3452 1329,3451 1418,3450 1506,3448 1595,3448 1683,3447 1772,3447 1860,3447 1949,3447"/>
                <TextEquiv>
                    <Unicode>#dige Frau — die Sehn= dem „einsamen Wege“ banal verständig abfindet; Frau</Unicode>
                </TextEquiv>
            </TextLine>
            <TextLine id="r1l69" custom="readingOrder {index:68;}">
                <Coords points="192,3509 1963,3506 1963,3440 192,3481"/>
                <Baseline points="209,3507 300,3507 392,3507 483,3506 575,3505 666,3504 758,3502 849,3501 941,3499 1032,3498 1124,3497 1215,3495 1307,3494 1398,3493 1490,3491 1581,3491 1673,3490 1764,3490 1856,3490 1948,3491"/>
                <TextEquiv>
                    <Unicode>steckt, ist die: ein Else Lehmann gab diese Rolle mit hinreißender Frische. Den</Unicode>
                </TextEquiv>
            </TextLine>
            <TextLine id="r1l70" custom="readingOrder {index:69;}">
                <Coords points="471,3545 1875,3546 1959,3527 1959,3483 471,3514"/>
                <Baseline points="486,3554 558,3552 631,3550 704,3548 777,3547 850,3545 923,3544 996,3543 1069,3542 1142,3541 1215,3540 1287,3539 1360,3538 1433,3537 1506,3536 1579,3536 1652,3535 1725,3534 1798,3533 1871,3532 1944,3531"/>
                <TextEquiv>
                    <Unicode>verführt, Stephan v. Sala, den zynischen Stoiker, stellte Herr Albert</Unicode>
                </TextEquiv>
            </TextLine>
            <TextLine id="r1l71" custom="readingOrder {index:70;}">
                <Coords points="255,3554 273,3554 301,3572 314,3559 357,3552 438,3564 463,3557 462,3510 416,3517 375,3505 341,3515 288,3510 254,3517"/>
                <Baseline points="269,3552 294,3551 320,3550 345,3548 371,3547 396,3547 422,3549 448,3551"/>
                <TextEquiv>
                    <Unicode>heuchelt,</Unicode>
                </TextEquiv>
            </TextLine>
            <TextLine id="r1l72" custom="readingOrder {index:71;}">
                <Coords points="315,3592 1949,3583 1948,3542 1793,3537 314,3555"/>
                <Baseline points="330,3591 410,3591 490,3591 570,3591 650,3591 731,3590 811,3590 891,3589 971,3589 1051,3588 1132,3587 1212,3586 1292,3585 1372,3584 1452,3583 1533,3582 1613,3581 1693,3580 1773,3579 1853,3578 1934,3576"/>
                <TextEquiv>
                    <Unicode>Aber ich bin! Bassermann mit natürlicher Eleganz dar. Etwas weniger</Unicode>
                </TextEquiv>
            </TextLine>
            <TextLine id="r1l73" custom="readingOrder {index:72;}">
                <Coords points="166,3622 181,3622 202,3605 215,3605 221,3611 234,3610 240,3604 255,3610 274,3609 271,3519 252,3519 231,3530 205,3506 195,3506 186,3513 161,3514"/>
                <Baseline points="179,3599 205,3595 232,3595 259,3595"/>
                <TextEquiv>
                    <Unicode>tet.</Unicode>
                </TextEquiv>
            </TextLine>
            <TextLine id="r1l74" custom="readingOrder {index:73;}">
                <Coords points="177,3655 1954,3641 1953,3588 1617,3567 176,3602"/>
                <Baseline points="191,3640 278,3640 365,3639 452,3638 540,3637 627,3636 714,3635 802,3633 889,3631 976,3630 1064,3628 1151,3627 1238,3626 1325,3625 1413,3624 1500,3623 1587,3623 1675,3623 1762,3623 1849,3624 1937,3625"/>
                <TextEquiv>
                    <Unicode>seraments dazu ver- Degagiertheil könnte aber dieser Gestalt nicht schaden; es ist</Unicode>
                </TextEquiv>
            </TextLine>
            <TextLine id="r1l75" custom="readingOrder {index:74;}">
                <Coords points="259,3689 1955,3664 1609,3621 258,3664"/>
                <Baseline points="274,3687 357,3685 440,3683 523,3682 607,3680 690,3679 773,3678 857,3677 940,3675 1023,3674 1107,3673 1190,3673 1273,3672 1356,3671 1440,3671 1523,3670 1606,3669 1690,3669 1773,3669 1856,3668 1940,3668"/>
                <TextEquiv>
                    <Unicode> und, was vielleicht nicht nötig, daß Sala immer kauend auf die Szene kommt,</Unicode>
                </TextEquiv>
            </TextLine>
            <TextLine id="r1l76" custom="readingOrder {index:75;}">
                <Coords points="225,3751 1962,3726 1961,3667 224,3695"/>
                <Baseline points="240,3737 325,3734 410,3732 495,3729 581,3728 666,3725 751,3724 837,3722 922,3721 1007,3720 1093,3719 1178,3718 1263,3717 1348,3716 1434,3715 1519,3714 1604,3713 1690,3713 1775,3712 1860,3711 1946,3710"/>
                <TextEquiv>
                    <Unicode>zu hören, daß ich es daß er zuerst den Wiener Dialekt anklingen läßt und dann</Unicode>
                </TextEquiv>
            </TextLine>
            <TextLine id="r1l77" custom="readingOrder {index:76;}">
                <Coords points="241,3773 1841,3770 1952,3721 240,3748"/>
                <Baseline points="256,3775 340,3774 424,3773 508,3772 592,3771 676,3770 760,3768 844,3767 928,3766 1012,3765 1097,3764 1181,3763 1265,3761 1349,3760 1433,3759 1517,3758 1601,3757 1685,3756 1769,3755 1853,3754 1938,3753"/>
                <TextEquiv>
                    <Unicode>des Stückes ist derMannheimisch spricht. Für Herrn Rittner war der senti¬</Unicode>
                </TextEquiv>
            </TextLine>
            <TextLine id="r1l78" custom="readingOrder {index:77;}">
                <Coords points="165,3836 1696,3824 1945,3758 164,3780"/>
                <Baseline points="180,3824 267,3821 354,3818 442,3815 529,3814 617,3812 704,3810 791,3809 879,3809 966,3808 1054,3807 1141,3806 1228,3806 1316,3805 1403,3805 1491,3804 1578,3803 1665,3802 1753,3800 1840,3799 1928,3797"/>
                <TextEquiv>
                    <Unicode>trogene Ehemann. Ermentale Rous Julian Fichtner eine wenig geeignete Rolle. Er</Unicode>
                </TextEquiv>
            </TextLine>
            <TextLine id="r1l79" custom="readingOrder {index:78;}">
                <Coords points="169,3880 1946,3841 1867,3795 168,3836"/>
                <Baseline points="185,3862 272,3861 359,3859 446,3858 534,3857 621,3856 708,3855 795,3854 883,3853 970,3853 1057,3852 1144,3851 1232,3850 1319,3850 1406,3849 1493,3847 1581,3846 1668,3845 1755,3843 1842,3841 1930,3839"/>
                <TextEquiv>
                    <Unicode>nstbeamten", als einen hatte sich den Weltschmerz nur angeschminkt. Frl. Irene</Unicode>
                </TextEquiv>
            </TextLine>
            <TextLine id="r1l80" custom="readingOrder {index:79;}">
                <Coords points="169,3914 1555,3924 1900,3897 1937,3844 169,3879"/>
                <Baseline points="186,3907 272,3907 359,3906 446,3905 533,3904 620,3903 706,3902 793,3901 880,3900 967,3899 1054,3897 1140,3896 1227,3895 1314,3894 1401,3893 1488,3891 1574,3890 1661,3889 1748,3888 1835,3887 1922,3885"/>
                <TextEquiv>
                    <Unicode>kund „beim besten Willen (Triesch war dazu verurteilt, die verbuhlte Somnambule zu</Unicode>
                </TextEquiv>
            </TextLine>
            <TextLine id="r1l81" custom="readingOrder {index:80;}">
                <Coords points="178,3970 1986,3953 1932,3876 177,3914"/>
                <Baseline points="194,3960 282,3958 371,3956 460,3954 549,3953 637,3952 726,3951 815,3950 904,3949 992,3948 1081,3948 1170,3947 1259,3946 1347,3945 1436,3944 1525,3943 1614,3941 1702,3940 1791,3938 1880,3935 1969,3933"/>
                <TextEquiv>
                    <Unicode>der ihm die Braut ver¬Uspielen, Man mußte sie bedauern. Noch schwieriger</Unicode>
                </TextEquiv>
            </TextLine>
            <TextEquiv>
                <Unicode>N
box 23/1
18. Der einsane-eg
führt hat, meint von ihm: „Es gibt Menschen, die zu derlei ist die Rolle des Felix, der plötzlich entdeckt, daß er das
Schicksalen geboren find.“ Nach diesen Zitaten kann man] Kukuksei im väterlichen Neste ist, und der sich dem Erzieher
sich vorstellen, welche Zyniker die beiden alten Lebe= und Berater seiner Jugend mit um so größerer Liebe zu¬
männer des Stückes sind. Sie unterscheiden sich dadurch, wendet, in dem Erzeuger aber nur einen ganz fremden
ten von
Menschen sehen kann. Herrn Kurt Stieler gelang es,
daß Julian Fichtner die zunehmende Altersschwäche verflucht
Februar.
M.-F.
dieser Gestalt die Sympathieen zuzuwenden.
und sich nicht darein finden kann, „den menschlichen Gesetzen
bso gut unterworfen zu sein, wie ein anderer“, während Stephan
en jungen Lebemännern,
v. Sala, „weniger wehleidig“, sich dahin resigniert: „den Weg
se mehr abgewinnen zu
hinab gehen wir alle allein .... wir, die selbst niemand ge¬
bgelebten Zustande.
khört haben. Das Alter ist nun einmal eine einsame Beschäf¬
nicht. Es bedurfte am
itigung für unsereinen, und ein Narr, wer sich nicht beizeiten darauf
hungen aller anwesenden
keinrichtet, auf keinen Menschen angewiesen zu sein.“ Mit
testen Szeuen des Stückes
Recht nahmen die meisten Zuschauer diese gesucht frivole Weis¬
chutz zu nehmen. Dabei
heit, die den Witz an die Stelle des Gewissens setzen möchte,
als frühere Werke des
auf die Dauer nicht ernst. Aeltere Leute wollten sich hie und
ikum an diesen besonders
da entrüsten; das Lachen aber, das den vierten Akt begleitete,
Häufung der Paradoxen,
war eine noch kräftigere Abwehr.
 alles findet sich in dem
Mit Ausnahme von einigen recht geschickt durchgeführten
Einige
er Vyllendung.
Szenen ist das Stück schwach. Es ahmt die rückwärts sich
eisen. Frau Wegrath hat
aufwickelnden Dramen Ibsens nach, bringt in der Gestalt
de kurz vor der Hochzest
hr erstes, in der Ehe eines hellsehenden Mädchens etwas, dem Macterlinck Ab¬
rüber geschwiegen, em¬ gesehenes hinzu und möchte d'Annunzios Naturschwärmerei
ebenfalls verwerten, — alles das mit unzureichender Kraft.
des Todes keine Reue
Den Hauptinhalt aber bildet wieder und wieder die Liebelei.
etwas nicht in Ordnung
Selbst das wird uns nicht erspart, daß die somnambule junge
rsein Vater ist. Der als
e Hausarzt Dr. Reumann] Dame sich an den alten Lebemann wegwirft, von dem sie
Glücklich machen, ist besser weiß, daß er an einem der nächsten Tage sterben wird, der
also für sie eine wandelnde Leiche ist.
as beschieden war, haben
Die Aufführung ging mit unerschütterlichem Ernste auf
acht ... wenn Sie ein
rnheit gestatten.“ Undi alle Tifteleien des Verfassers ein. Wer das Stück lieft, durch¬
stark erwiesen hat, daß schaut wohl mit einem Blicke das ganze Blendwerk; bei so
tragen kann, ist min¬ guter Darstellung kommt man aber erst allmählich zu der
wie eine Wahrheit, die Erkenntnis, daß hier nur ein Studierstubenspuk sich abspielt.
ild der Vergangenheit zu Relativ wahrscheinlich ist der Akademiedirektor geschildert, und
zu trüben und die Be¬ Herr Oskar Sauer mit seiner großen und doch so bescheiden
Für den Verfasser steht sich gebenden Kunst ließ diese Gestalt ganz lebendig werden.
#ur ein Temperaments=] Dann ist noch eine Nebenperson als wohlgelungen zu rühmen,
die frühere Geliebte Juliaus, die sich mit dem Altern und
muß deshalb gestehen:
#dige Frau — die Sehn= dem „einsamen Wege“ banal verständig abfindet; Frau
steckt, ist die: ein Else Lehmann gab diese Rolle mit hinreißender Frische. Den
verführt, Stephan v. Sala, den zynischen Stoiker, stellte Herr Albert
heuchelt,
Aber ich bin! Bassermann mit natürlicher Eleganz dar. Etwas weniger
tet.
seraments dazu ver- Degagiertheil könnte aber dieser Gestalt nicht schaden; es ist
 und, was vielleicht nicht nötig, daß Sala immer kauend auf die Szene kommt,
zu hören, daß ich es daß er zuerst den Wiener Dialekt anklingen läßt und dann
des Stückes ist derMannheimisch spricht. Für Herrn Rittner war der senti¬
trogene Ehemann. Ermentale Rous Julian Fichtner eine wenig geeignete Rolle. Er
nstbeamten", als einen hatte sich den Weltschmerz nur angeschminkt. Frl. Irene
kund „beim besten Willen (Triesch war dazu verurteilt, die verbuhlte Somnambule zu
der ihm die Braut ver¬Uspielen, Man mußte sie bedauern. Noch schwieriger</Unicode>
            </TextEquiv>
        </TextRegion>
        <TextRegion orientation="0.0" id="r2" custom="readingOrder {index:1;}">
            <Coords points="3157,71 3157,224 3281,224 3281,71"/>
            <TextLine id="r2l1" custom="readingOrder {index:0;}">
                <Coords points="3141,200 3172,206 3178,200 3188,206 3194,200 3203,206 3209,200 3228,206 3250,200 3296,203 3296,138 3271,141 3262,131 3243,138 3228,128 3222,135 3194,122 3172,125 3166,119 3141,119"/>
                <Baseline points="3157,171 3188,174 3219,173 3250,172 3281,173"/>
                <TextEquiv>
                    <Unicode>MATRE</Unicode>
                </TextEquiv>
            </TextLine>
            <TextEquiv>
                <Unicode>MATRE</Unicode>
            </TextEquiv>
        </TextRegion>
    </Page>
</PcGts>
