3484 4256
1333 180 1925 294 box 23/3
299 196 1314 320 18. Der einsane Neg
589 1350 3313 1450 Nachdruck verboten. umgebracht, im Teich seiner Villa ertränkt und ihr Bruder dem Augenblick, da erfährt, daß er ihm es zu
932 1418 3318 1506 fordert Rechenschaft von ihm. Die Auseinandersetzung verdanken habe, wenr er seine Existenz als Lüge
207 1279 941 1524 eufmne weg.=g.
2123 1469 3319 1534 empfindet. Diese Wendung erschreckt und verwundert
950 1479 2132 1540 erfolgt unblutig; denn der Offizier kündet ihm an, daß
217 1510 956 1592 fzügen von Artur Schnitzler. Zum
955 1522 2136 1583 er, Sala, nicht nach Baktrien abreisen, sondern nach An¬
2127 1525 3320 1590 Fichtner; es leuchtet ihm nicht ein, daß es für seine
208 1571 948 1641 irch das Eusembie des Berliner Lessing¬
944 1555 2141 1629 gabe des Arztes, noch vorher anderswohin abberufen
2128 1566 3320 1638 Tat keine Sühne gibt und er gerade das einzige ver¬
214 1600 869 1680 ai 1906 im Theater an die Wien.)
2123 1602 3320 1678 lieren soll, was ihm das Leben noch wert macht. Hier
939 1621 2124 1678 werde. Sala versteht und richtet sich selbst; er geht seinen
946 1657 2066 1725 einsamen Weg zuende und zahlt seine Schuld. Und
2125 1660 3325 1729 greift nun Sala ein und klärt ihn darüber auf, daß
203 1657 946 1729 bank von Kotzebue kommt ein
2123 1712 3319 1777 Männer ihres Schlages, die ihr ganzes Leben lang
213 1703 2126 1790 or, der jede seiner Bemerkungen kommt es offenbar, daß das Stück nicht „die Reise nach
942 1744 1910 1835 Baktrien“ sondern „der einsame Weg“ heißt.
2117 1755 3313 1820 Liebe zwar genommen, aber nicht gegeben haben, am
212 1748 966 1847 itet: „Auf meiner großen Reise
1041 1807 2135 1871 Aber Herr v. Sala ist nur der eine von den
2130 1813 3311 1886 Ende auch keine Liebe erwarten dürfen, sondern ihren
212 1814 378 1891 Danzig
480 1817 957 1879 .Die Figur dieses
945 1860 2141 1921 beiden, die auf diesem einsamen Weg enden, der
2128 1853 3321 1918 einsamen Weg gehen müssen. Und schließlich, wie er
213 1839 949 1935 hers wirkt recht komisch. In
237 1895 961 1983 „Der einsame Weg“ kommt sie
949 1889 2134 1968 Räsonneur, der einsichtsvolle, der es von vorneherein
2123 1905 3308 1965 Zeuge wird von dem Sturze Salas, wie er wahrnimmt,
2123 1954 3316 2018 daß nach Johannas Heimgang Felix sich an Wegradt
956 1960 2126 2024 weiß, daß er ihm bevorsteht, und ihn daher ohne Furcht
221 1950 949 2018 n v. Sala und ist ein ältlicher
2125 2006 3321 2067 eng anschließt und ihn erst recht seinen Vater nennt, da
949 1999 2127 2060 freiwillig beschreitet. Sein Schicksalsgenosse ist übler
232 1989 952 2070 Dieser Mann, Schriftsteller und
2119 2045 3323 2121 muß auch er an sein Los glauben und schleicht sich
948 2035 2136 2104 daran. Das ist ein Künstler, der Maler Julian Fichtner,
222 2041 950 2131 mensch und stoischer Philosoph,
2129 2102 2560 2173 stumm von dannen.
945 2083 2134 2164 der nach stürmischen, bedenkenlosen Jugendzeiten des
221 2084 964 2172 von einer großen Reise nach
943 2127 2136 2192 Genusses nunmehr an der Schwelle des Alters sich ver¬
2210 2134 3326 2217 Das sind die tragischen Elemente in Schnitzlers
211 2139 954 2224 ichst, im Anschlusse an eine Ex¬
2126 2171 3322 2268 Stück Sie sind aber keineswegs von Schnitzler, sondern
953 2194 2142 2262 lassen sieht. Gerade jetzt, da er der Menschen und ihrer
212 2190 960 2257 ne von Ausgrabungen einer eitta
218 2240 954 2300 kbatana, antreten wird. Von dieser
954 2227 2132 2303 Liebe bedarf, wenden sie sich von ihm. Einen aber von
2128 2234 3313 2306 von Ibsen. Fichtner, der sich seinen natürlichen Sohn
945 2282 2130 2353 ihnen will er sich retten: seinen natürlichen Sohn. Das
2117 2290 3313 2355 Felix, den Sohn Wegradts, holen will, weil er in der
221 2297 949 2354 zu Beginn, bald nach dem Aufgehen
950 2337 2131 2394 ist der 23jährige Leutnant Felix Wegradt, den wir schon
2136 2339 3313 2400 Einsamkeit des Alterns jemand braucht, der an ihn
213 2336 953 2412 vergeht Akt um Akt und der Herr
951 2367 2121 2451 von dem baktrischen Unternehmen des Herrn v. Sala her
2128 2374 3313 2464 glaubt, wer ist das anders als der gleichfalls seinem
943 2424 2128 2496 kennen. Fichtner hat einst die Braut seines damaligen Kunst¬
2121 2433 3329 2498 „einsamen Weg“ zustrebende Skule Bordsson, der seinen
227 2393 947 2496 Gehlbe des Schefsischen Batter¬
946 2487 2127 2549 genossen und jetzigen Akademiedirektors Wegradt knappvor der
2128 2465 3325 2536 natürlichen Sohn Peter, den Sohn Andreas Skjalder¬
227 2486 955 2546 tet ihn längst an der untersten der
2129 2519 3321 2589 bands, aus dem fernen Halogaland herabruft, damit er
949 2524 2127 2595 Hochzeit zu seiner Geliebten gemacht. Sie hatten auch
219 2525 951 2590 kriösen asiatischen Palastes, den er
220 2586 952 2658 siehe da — im vierten Akt hat er
2129 2576 3326 2645 im Entscheidungskampf mit Hakon und seinem Königs¬
950 2580 2136 2645 gemeinsame Flucht verabredet, aber Fichnter war im letzten
948 2632 2126 2689 Augenblick — allein durchgebraunt und die aufgesessene
2126 2622 3322 2690 gedanken jemand zur Seite hat, der an ihn glaubt? Ist
240 2617 953 2686 ein Verhältnis mit der Tochter
2123 2654 3327 2734 es nicht auch der invalide Finanzgeneral Borkmann, den sein
946 2672 2135 2738 Gabriele wurde die Gattin des ahnungslosen Wegradt.
238 2681 951 2734 Familie angeknüpft. Den Bruder
945 2706 2138 2788 Felix Wegradt, ihr Erstgeborner, aber ist der Sohn
2131 2704 3324 2776 Sohn in schweren Stunden verläßt, um in die Welt
231 2712 947 2800 hen Ulanenlentnant, hat er bereits
954 2768 3308 2829 Fichtners. Und wie nun Gabriele, mit dem ihn später hinauszuabenteuern? Von Peer Gynt an bis zu dem
260 2773 954 2845 angeworben und jetzt schlägt er
2126 2801 3327 2884 Bildhauer in „Wenn wir Toten erwachen“ hat Ibsen
948 2811 2145 2869 Freundschaft verband, gestorben ist, da sucht Fichtner den
231 2816 962 2874 vor, die Tour mitzumachen. Man
954 2849 2143 2925 jungen Mann für sich zu gewinnen. Das Mittel aber,
2127 2869 3316 2923 die tragische Schuld des Mannes, der sich an der
229 2854 961 2933 tzten Akt auch noch den Papa einlädt
955 2911 3314 2968 das er hiezu wählt, das rückhaltlose Eingeständnis der Liebe, dem obersten Gesetz des Menschentums, versündigt,
222 2907 953 2988 n einem sechsten Akt auf baktrischem
2124 2962 3317 3031 in allen Spielarten geschildert. Und nun kommt Herr
957 2962 2131 3036 Wahrheit, schlägt ins Gegenteil um. Felix, der
254 2966 959 3038 tritt die tragische Wendung ein.
947 3012 1161 3074 sich zu
1138 2994 3310 3075 dem welterfahrenen Manne bisher hin= Schnitzler und will es mit einer neuen Formel tun!
231 3014 951 3071 ht nach Baktrien, sondern den „ein¬
236 3070 3323 3120 Wegradt, seine Geliebte, hat sich gezogen gefühlt hatte, sagt sich von ihm los in Ein Zwerg, der sich vermißt, die zwölf Arbeiten des
