3392 4256
363 98 1401 201 ARtrs STISSE ET INTERNATIONAI]
602 160 1201 244 DE LA PRESSE S. A.
512 206 1286 283 23, rue du Rhöne - Genéve
362 238 1409 336 TAdr. télégr.: Coupures-Genève — Tél. Stand 40.05
372 323 1435 449 Bureau International de coupures de journaux
522 389 1306 467 Traductions de et en toutes langues
403 497 1409 605 Correspondants dans toutes les grandes villes
1155 556 1253 635 +0
402 638 853 730 Extrait du Journal:
405 743 625 829 Adresse:
973 700 1436 835 14. JlL.1928
416 842 581 917 Date:
2157 903 3401 966 Ition de leur pensée, de ce quchla vie a de] Lo Démon de
2174 950 3388 1007 conlrasté, de varié, d’équilibre, dans l’éter- mème formule e
625 939 2026 1039 LES VISAGES DE LA COMEDIE
2159 991 3381 1048 nité de son incessante créatiog, composé-Iplus bref, bien¬
1176 1009 1457 1100 5%
2178 1008 3407 1084 rent des allegories. Ge sont des expression- mon de la Terre
3027 1057 3400 1135 dero, qui repren
2178 1075 2353 1140 nistes.
3037 1105 3399 1169 Loulou, la femn
2213 1130 3052 1192 Au lien de reproduire les imgressions du
3036 1145 3399 1202 jusgu' sa mor
2180 1174 3052 1223 monde extérieur, T’expressionniste s’efforce
469 1080 2179 1252 Levovage dans unfauteuil
3042 1176 3397 1240 gnard de Jack
2184 1213 3045 1260 d’exprimer les réveries, les söllicitations,
3050 1217 3390 1275 drames, qui n’e
2176 1248 3047 1293 Jes visions les mouvements, Iles indue¬
1247 1242 1436 1314 ——
3042 1248 3406 1311 une longue sulte
2182 1285 3042 1342 tions de Tesprit intérieur. P’expression¬
3045 1286 3406 1357 cet expressionn
2172 1323 3054 1367 nisme, pour étre explicite, indine à l’ou¬
3050 1319 3401 1389 tisme et de nati
495 1277 2142 1427 (LETHEATRE ALLEMAND ET AUTRICHIEN)
2181 1364 3053 1411 trance et au fabuleux connne du caricatu¬
3051 1358 3394 1426 du Démon de la
2188 1397 3056 1452 ral. C’est l’acte de composition passionnel
3047 1417 3401 1465 tre Nund, une #
2187 1434 3059 1487 et spontané, ou l’affectif de läme risque de
459 1407 2182 1521 AU GVMNASE: Représentations de la troupe du D’ Eugen Robert: Erdgeist
3054 1448 3394 1505 ture avide et □
2188 1472 3056 1523 dominer et d’emporter tout. Forme ten¬
3050 1481 3407 1543 les costumes, co
553 1474 2190 1552 (Le Démon de la Terre), quatre actes de Frank Wedekind et Der Einsame
2185 1508 3049 1569 tante forme dangereuse et pbur laquelle
3053 1526 3407 1586 seuse et prenan
2192 1553 3056 1601 l’écrivain doit improviser Jui-rhème ie cla¬
550 1536 2126 1623 Weg (Le Chemin solitaire), quatre actes d’Arthur Schnitzler.
3046 1559 3408 1621 les visages pou
2186 1590 3058 1639 vier de ses transpositions psychologiques.
3064 1590 3407 1653 und sorte de m
1160 1602 1617 1677 Jouons avec lefen.
2179 1618 3051 1685 En faisant appel, on simplement en s’aban¬
3053 1630 3407 1688 amäne autour d
1164 1629 1901 1710 Avte ie jeu diaboligee de Tamour,
2176 1659 3062 1706 donnant au psychisme inconseieel, ngn¬
1155 1686 1798 1740 Fichons dans les profondeurs
2187 1674 3379 1752 mulateur denergie, Téerivain inisse prädo¬ les ages et de t
3047 1711 3390 1765 Isculement les I
1163 1717 1685 1792 Les monstres effrayants.
2182 1734 3065 1788 miner l’élément émotionnel, d’une valeur
3050 1744 3331 1800 les damnées
1262 1755 2072 1835 (Frank WEoEkiNo: Invitation d Tamour.)
2191 1765 3059 1822 puissante dans l'art. mais insuffisant sans
3052 1778 3406 1852 par la comtesse
2184 1810 3059 1866 I'élément intellectuel, le seul qui diete le
1173 1815 1983 1880 A quoi nous sert tout cela et ces jeux
2187 1843 3066 1901 choix créateur de la variété et de l’unité
3076 1835 3401 1906 Le Démon de
1176 1842 2066 1925 Nous qui cependant sommes grands et éter¬
2185 1890 3068 1944 grüce à quoi s’établit un lien de suggestion
3054 1877 3408 1947 mière phase de
2173 1925 3056 1972 et de sympathie entre l’arliste et la foule.
3057 1919 3393 1981 la fortüne, gräc
1342 1930 2068 2009 (Hugo von HoFMANNSTHAL: Poésies.)
2192 1957 3063 2032 Surprendre n'est pos tout. II faut attacher
3049 1965 3410 2023 voir aphrodisia
2190 1994 2407 2070 Tintérét.
3048 2000 3406 2066 lou, petite fille
482 1992 2188 2068 Nord et Sud: Les Allemands gut consi-le Chdteau de Wettenstein et aussi si¬
3050 2043 3386 2102 de fleurs, que
1326 2042 2208 2104 gnificatif de ses tendances de moruliste,
2220 2036 3052 2097 & Le Français et l’Anglais vous disent:
439 2055 1340 2114 dèrent (ils ont leurs raisons) la littéra¬
3058 2072 3408 2137 en place, le doc
1326 2072 2190 2156 réformateur par la violence, que peut
2188 2090 3052 2159 „ Vovez comme je décris les objets v.
435 2084 1325 2150 ture antrichienne comme une annexe de
3058 2117 3382 2172 par un vienx
1334 2112 1932 2188 Tetre Démon de la terve.
2177 2112 3071 2185 IL'Allemand: " Voyez comme ces objets
447 2125 1334 2201 leur propre littérature, nous ont apporté
2183 2142 3409 2215 ine frappent v. Consignée il y a plus debonhomme pas
443 2169 1337 2223 deux pièces types. L’une, le Démon de la
1359 2171 2187 2226 6 Le sujet, les événements, le développe¬
2187 2197 3409 2263 cent ans dans le journal intime de Benja-et dans T’atelie
441 2209 1338 2264 #terre, véritableinent allemands, rude et
1337 2220 2187 2271 ment de T’action sont pour moi choses se¬
2195 2242 3406 2294 min Constant, le plus Européen des Fran- tumée, Loulon
446 2249 1337 2304 heurtée, évoluant dans un palisexualisme
1329 2252 2197 2311 condaires. Leur caractère excentrique est
2185 2272 3407 2336 çais, un de ceux qui a le mieux connu Schwarz est an
442 2292 1328 2355 et un subjectivisme violents. L’autre, ie
1332 2297 2196 2346 déterminé par la liberté de mouvement
2191 2301 3406 2368 1’Allemagne comme l’Angleterre et lalme 1e fils da
441 2329 1338 2380 Chemin solitaire, plus particulièrement
1325 2325 2197 2392 dont j’avais besoin pour faire place à mes
2187 2342 3409 2427 France, cette phrase est toujours vraie, „ à froid avec to
443 2354 1337 2427 autrichienne, d’une psychologie mélancolj¬
1331 2371 1514 2435 idées
451 2396 1340 2468 que et voluptucuse infiniment plus délicate
2213 2378 3406 2463 Galsworthy décrit nettement, ses carac.gülie de Schwan
1360 2397 2202 2469 A cette franche explication des directives
440 2443 1338 2498 ct nuancée. Entre Fränk Wedekind et Ar¬
2195 2422 3406 2500 tères. Ses situations sont logiques et par¬ rentre à Pimpra
1323 2456 2188 2505 de sa forme, il convient d’ajouter ces quel¬
3048 2473 3402 2526 deux et de fun
448 2484 1338 2533 thur Schnitzler, la différence des carac¬
2194 2481 3376 2561 faitement déterminées. Bernard Shaw, saisi par und
438 2490 2192 2556 tères, bien perceptible, nous indique lesques lignes, qui révélent chez Wedekind
2191 2543 3373 2598 dans ses satires à renversement, procèdel vollà Loulour
1332 2529 2193 2604 l'aspiration idéaliste, soutien paradoxal de
446 2538 1343 2636 deux poles de la sensibilité germanique.
2189 2572 3064 2616 avec un système coordonné. Frank Wede¬
1331 2581 1754 2632 sa fureur cynique.
3048 2572 3380 2650 étape de sa for
472 2599 1333 2652 Frank Wedekind, tout près de Strind¬
2197 2598 3087 2674 kind veut toute liberté pour faire place à
1353 2616 2195 2675 6 Le But auquel je veux consacrer toute
3068 2629 3397 2698 Loufot a époh
446 2637 1336 2716 berg, esf un faux réaliste, comme l'auteur
2199 2647 3085 2695 ses conceptions et il pousse encore plus
1336 2650 2197 2709 ma vie, pour léquel j'ai lutté d’ailleurs des
442 2678 1328 2744 de la Danse de mort. Précurseur de l’ex¬
2197 2675 3393 2735 loin que Strindberg le sacrifice de la vrai-coquetterie a
1329 2694 2197 2748 ma plus tendre enfance, c’est l’union de la
3067 2718 3396 2773 mari. IIs sont r#
437 2716 1335 2782 pressionnisme, de mème que Strindberg,
2184 2724 3063 2778 semblance à T’expression de son idéologie.
1330 2734 2194 2802 sainteté et de la beauté et une divine réali¬
450 2755 1341 2829 rcagissant comme lui contre les idées domi¬
3053 2755 3363 2813 célebre. II „
2194 2757 3073 2819 Ses personnages sont des idées et ses si¬
1326 2771 1917 2831 sation de pieuse dévotion #.
3057 2791 3400 2851 de Loulou, son
445 2792 1339 2849 nantes de ses contemporains, Wedekind
2185 2799 3060 2858 tuations des mouvements pour mettre en
1357 2805 2196 2880 Etrange et démoniaque moralisateur We.
451 2832 1345 2890 esten vroie à une exaspération sexuelleaussi
3040 2823 3372 2893 mner Schigolell
1323 2843 2199 2905 dekind accumule sur la scène toutes les
457 2869 1328 2919 violente, mais qui prend un tout autre
2220 2872 3406 2938 Larseule piéce de Wedekind traduite et rappeler la böh
1329 2889 2205 2951 horreurs, toutes les frénésies et tous les eri¬
450 2902 1340 2957 cours chez lui que chez Strindberg, frappé
3070 2901 3369 2971 sorfie. Schoer
2186 2915 3061 2984 jouée en français: Frühling Erwachen
1335 2940 2199 2985 mes, pour secouer la torpeur et l’inertie
3051 2945 3408 3004 Thomme brilla
439 2945 1340 3018 par sa naissance d’une humiliation mala¬
2190 2960 3069 3018 (Le Réreil du Printemps) a été représentée
1334 2972 2195 3023 des vienx préjugés, pour renverser la
451 2977 1352 3043 dive. L’inspiration de Strindberg, enfant
2190 2982 3393 3053 an Théätre des Arts en 1908, avec beau- détient aussi i
1336 3002 2197 3062 conivention ancestrale d’une pureté toute
437 3025 1348 3084 naturel d’une servante, reconnu par son
2183 3030 3394 3085 coup d’cuvres dont il n'est rien resté que douteux passé.
1329 3049 2205 3101 dapparence. Frank Wedekind a été l’apo¬
438 3067 1339 3117 père, se meut dans une délirante obsession
3057 3055 3401 3121 candide Schwa
2192 3070 3074 3132 les tendances vers la stylisation dont Rou¬
1334 3092 2191 3139 tre de la liberté de l'amour, un amour qui,
446 3100 1339 3152 de l'antagonisme des sexes. C’est un miso¬
3048 3101 3406 3163 tions. Schoën,
2199 3118 3067 3188 ché et ses collaborateurs fureht en France
1325 3104 2189 3178 chez lui, est surlout une füreur charnelle.
444 3128 1334 3190 gyne invétéré. Frank Wedekind veut ins¬
3060 3132 3407 3198 n’en pas dema
2199 3148 2556 3224 les promoteurs.
1332 3148 2193 3211 Cependant, dissident, contradicteur né au¬
452 3174 1342 3232 taurer une. nouvelle morale sexuelle. IIs
3044 3178 3406 3232 lion ) lui répo
1340 3192 2208 3255 tant que sensuel et violent, dans ces som¬
451 3212 1342 3262 sont deux forcenés érotiques: l’un, dans Ja
2216 3199 3401 3270 Le Réveil du Prinlemps, en“quinze ta-Ileitmotiv prese
1338 3226 2199 3291 bres takleaux, tout flamboyants d’une sch¬
438 3242 1339 3302 haine rancunière, l’autre, dans le déchal¬
2192 3240 3407 3307 Fleaux, montrait l’éveil de la puberté chezl Schwarz! sur 1##
1320 3276 2192 3344 sualité bestiale et d’une fougue d’icono¬
2196 3288 3078 3336 des enfants, des écoliers, le suicide d’un
441 3289 879 3349 nement, impudique.
3054 3283 3408 3349 Pendant que d.
1332 3325 2196 3369 claste, on croit sentir la joie furieuse du
2200 3323 3060 3371 écolier qui échoue à ses examens ei une
3069 3326 3409 3381 malheureux Sei
492 3318 1346 3382 En face de l’inéluctable nécessité de
1339 3354 2192 3413 protestataire heureux de révolter ses
2196 3353 3064 3419 idylle entre deux adolescents qui se dé¬
3068 3362 3404 3430 lier ét se tranch
445 3374 1335 3418 Tamour, grand ressort- de la vie, Frank
1331 3390 2192 3442 contemporains et l’élan ivre de l’érotique
2198 3399 3069 3450 nouait par la grossesse d’une gamine de
3056 3399 3399 3464 Loulou est aus
457 3411 1339 3466 Wedekind, tempérament d’homme et d’éeri.
1333 3437 2193 3485 soulagé de l’épanchement de ses hantiscs,
2191 3428 3062 3490 quatorzé ans son avortement et sa mort.
3067 3437 3399 3514 de Schwarz qu
453 3443 1346 3497 vain vigoureux et révolté, proclame que
1331 3473 2192 3535 double personnage qu’était, au fond de Jui¬
2196 3480 3067 3525 La pièce s’achevait dans unc scène de ci¬
3056 3477 3381 3548 obligeamment
444 3477 1341 3547 nous nous déshonorons par une abomina¬
1328 3508 2145 3563 meme, l’auteur du Démon de ia Terre.
2195 3515 3056 3569 metière avec l’apparition du suicidé au
441 3519 1342 3590 ble, une honteuse hypocrisie. D’horribles
3066 3514 3387 3584 vour que la
2201 3544 3058 3609 jenne séducteur évadé de la maison de
1363 3553 2209 3622 IIy a du fantastique et de la théosophie,
450 3567 1340 3619 maux, de lamentables catastrophes ont
3062 3550 3391 3620 Schwarz solt
2192 3580 2867 3650 correction ct un appel à la vie.
1334 3583 2213 3652 dans l’cuvre de Strindberg qui, pendant
448 3595 1338 3655 leurscause dans la détestable manie de faire
3059 3594 3410 3656 crise de démen
1335 3629 2214 3682 une époque troublée de sa vie, se lanca!
448 3639 1342 3691 un Inystère. de l’irrésistible force élémen¬
3060 3635 3406 3710 le sang de S
2226 3629 3076 3706 Frühlings Erwachen avait obtenu un
1333 3676 2190 3727 dans la recherche de la vierre philosophale
449 3680 1321 3731 taire qui conduit et renouvelle le monde.
3061 3673 3291 3746 Schoen
2190 3676 3073 3740 succes retentissant en Allenagne. La to¬
1335 3701 2203 3759 Chez Wedekind, qui fut, au début de sa
471 3712 1332 3774 Plus manifestement encore que Strindberg,
2202 3720 3078 3775 tale absence de cohérence dans ie drame,
1336 3736 2197 3794 carrière, directeur politique de l’illustré sa¬
3096 3738 3385 3817 Veuve pour
455 3746 1345 3815 Frank Wedekind est un auteür de ce genre
2192 3739 3078 3815 le mélange zuns transition de réalisme et
1345 3786 2195 3841 tirique Simplicissimus, est resté, avec le
3070 3782 3409 3852 montée sür la
446 3787 1332 3849 de théatre que les Anglais ont si bien nom¬
2197 3784 3068 3847 d’invraisemblance des situations et des
1339 3830 2025 3892 poéte, un agressif caricaturiste.
449 3823 1346 3879 mé # la pièce sexuelle " Quant à sa ma¬
3074 3832 3410 3894 acclamée, elle
2195 3840 3074 3891 caractères, malg.é les éclairs jaillissant
448 3871 1353 3941 nière, il nous en livre l’essentiel, dans la
3053 3868 3407 3930 Thonnnes plus e
2190 3875 3073 3930 de l’introspection de l’auteur dans la psy¬
1358 3863 2211 3940 Ces deux écrivains, excessifs généralisa¬
455 3904 1341 3953 préface d’un de ses drames le plus bru¬
1333 3902 3393 3964 teurs, simplificateurs frustes et qui ne te-schologie des adolescents, empécha Le Ré-cedeux fois fei
454 3950 3408 4026 talerient tragique, poussé jusqu'au sadismel naient aucun compte, pour la demonstra-Vveil du Printemps de rénssir en France, vun soir, penda
