3484 4352
1133 240 1198 302 W
1456 240 1905 333 box 23/1
305 236 1305 332 18. Der einsane-g
1377 980 1412 1045 9
927 978 976 1052 —
780 1037 1510 1145 Berliner Premieren.
1008 1103 1485 1173 „Der einsame Weg“,
808 1157 1698 1235 Schanspiel in 5 Alten von Arthur Schnitzler.
1068 1202 1456 1265 (Deutsches Theater.)
769 1241 1795 1301 Durch viele, ja durch die meisten Dramen des feinsten
713 1299 1794 1344 Geistes unter den zeitgenössischen Bühnenschriftstellern, der
715 1339 1788 1380 sich Arthur Schnitzler nennt, zieht sich als roter Faden die
713 1367 1786 1426 herbstliche Stimmung des Absterbens. Man kann diesem
711 1407 1796 1459 Gefühl mit dem Schlagwort „Decadence“ nicht beikommen.
710 1448 1784 1499 Es ist vielmehr eine ruhige, abgeklärte Erwartung des
706 1502 1784 1541 letzten Schrittes über die Lebensbrücke, in Gegenden hinaus,
708 1535 1790 1574 die wir nicht kennen. Es ist ein seltsam furchtloses und
707 1570 1788 1627 gemessenes Betrachten jener Konsequenzen, die das Ab¬
720 1596 1790 1655 scheiden geliebter Personen als Riß in einem geschlossenen
717 1642 1796 1701 Kreise erzeugt, so daß man aus solchen Erläuterungen
710 1679 1794 1734 leict herleiten kann, wie unsereigenes Abtreten von
714 1721 1800 1768 der Lebensbühne einst wirken mag. Einer geht, und von
721 1757 1792 1808 seinem Schatten her fliegen tausend Rätselschleier über die
710 1795 1799 1856 Welt. Tausend Dinge bleiben unaufgeklärt: tausend Ge¬
714 1828 1793 1884 danken der Hinterbliebenen flackern irrlichterhaft, ohne
716 1872 1804 1940 nur durch ein aufklärendes Wort Boden finden zu können
706 1920 1453 1971 der Seele nach. Die Toten schweigen.
1382 1945 1802 2010 der Dichter hat ihm
770 1961 1322 2025 Und an dieses Hauptmotiv
716 1996 1800 2059 besonders in seiner Novellensammlung „die Frau des
720 2045 1788 2096 Weisen“ unendlich feine Varianten von spürerisch=anti¬
722 2083 1797 2132 thetischem Zersetzungsgeist geschaffen, abgerungen — hängt
713 2119 1801 2170 sich in seinem neuesten Schauspiel ein Zweites, das mit
722 2158 1801 2213 dim Ursinn des Hermann Bahrschen „Meister“ eng zu¬
713 2202 1790 2256 sammenklingt. Es ist im Grunde wie jene Todessehnsucht,
714 2238 1802 2296 die ja auch das Motto Salomos „Alles ist eitel“ immer
712 2280 1794 2329 wieder betont, eine leichte Predigt gegen den rücksichts¬
711 2313 1805 2360 losen Genuß, der egoistisch und faustisch von Begierde zu
727 2349 1796 2410 Begierde drängt und den Genießer schließlich zu einem
715 2388 1798 2444 einsamen Wege ohne Teilnahme führt. Er hat in großen.
722 2438 1794 2480 Leidenschaftsräuschen seine Liebe verzettelt, aber sich für
725 2466 1796 2514 seines Alters wehe Tage nicht das eine Herz erworben,
716 2503 1805 2571 das ihm, dem Müden jetzt schützend und schirmend zur
713 2551 1125 2614 Seite stehen könnte.
762 2572 1798 2655 Zwei Vertreter dieser rücksichtslosen Ichdogmatik illustrie¬
710 2642 1802 2692 ren dieses Mal die sicher auch gegen die eigene Person
1352 2677 1443 2712 thile
1196 2678 1320 2708 01 9
714 2671 1798 2720 gerichtete Tendenz des Wiener Weltpyuosophen. Ein Maler
728 2720 1806 2771 von Ruf hat das Mädchen, das heiße Leidenschaft zu ihm
722 2751 1801 2806 trieb und das nun ein Kind von ihm unter dem
732 2782 1736 2850 Herzen trägt, eben aus Gründen jener selbstischen Eig
730 2830 1810 2884 sucht, die nur lockende Ruhm= und Freudengespenster
722 2865 1797 2919 zeigt, in eine ihr fremde Ehe gehen lassen. Als der Ver¬
719 2900 1799 2954 druß und die Einsamkeit des Alters an ihm nagen, will
720 2946 1798 3000 der Künstler, — die Jugendgeliebte ist inzwischen gestorben
793 2988 1805 3039 seine Rechte geltend machen. Und wie Oscar Wildes
729 3026 1811 3065 cynischer Raisonneur Lord Illingworth wirbt auch dieser
723 3069 1815 3118 Vater, der es nicht sein wollte, jetzt um sein Kind. Felix,
720 3100 1806 3164 der junge Mensch, ahnt, weiß dann, wer jener Mann ist,
730 3148 1804 3194 dem er vordem in harmloser Freundschaft gegenüberstand.
726 3186 1810 3239 Und gerade dieses Wissen ertötet seine Freundschafts¬
732 3218 1818 3274 gefühle. Der Mann, der seine Mutter aus kraß eigen¬
729 3266 1824 3310 süchtigen Motiven mied, den jetzt abermals nur egoistische
729 3297 1813 3356 Gründe zum Bekenntnis treiben, kann ihm nichts mehr
728 3329 1825 3400 sein. Jener ist und bleibt sein Vater, der dieses Amtes
732 3370 1814 3437 Last und Bürde ohne eigentliche Ursache dazu stets treu
727 3422 1819 3467 verwaltete, und den das. Geschick — durch beklagens¬
736 3468 1820 3511 werte Zufälle — gerade jetzt auch für die Zukunft zu einem
722 3495 1824 3551 einsamen Wege verdammt. Der Genußmensch aber soll
730 3541 1818 3587 weiter allein die Straße ziehen, auf die ihn seine Stahl¬
1655 3572 1830 3624 Diesem
740 3573 1614 3629 härte gegen jede Empfindsamkeit geführt hat.
738 3613 1825 3660 Vertreter der artistisch über allen Dingen stehenden Lebens¬
739 3654 1815 3698 auffassung aber gesellt sich ein zweiter. Das ist der Aesthet,
731 3687 1826 3749 der sich gegen alles, was von dieser Welt, eine hohe
1819 967 2883 1037 Mauer aus Kultur, Philosophie und ironischer Stepfis
1823 1033 2887 1073 gezimmert hat, hinter Dokumenten der Kunst und der
1835 1072 2893 1117 Schöngeisterei mit Erfolg seine Lebensnöte zu vergessen
1855 1109 2887 1155 ähnt, bis ihn eine schleichende Krankheit einem unver¬
1847 1142 2883 1191 leidlichen Ende zuführt, und eine späte Liebelei, deren
1836 1177 2891 1234 hantastisches Objekt in den Teich geht, ihn sogar zwingt,
1812 1224 2886 1273 dieses Ende aus eigener Machtvollkommenheit zu be¬
1818 1253 2887 1311 schleunigen. Abermals ein Bankerotteur des Lebens, der
1818 1300 2889 1348 freiwillig die Zahlungen einstellt inmitten einer materiell
1816 1335 2886 1394 blühenden Existenzmöglichkeit, weil das Hauptbuch seiner
1814 1389 2774 1444 Psyche mit einem riesigen Debetsaldo abschließt.
1890 1429 2886 1479 Diese zarten Ideengespinnste hätten sich unter der
1806 1457 2887 1515 Hand eines bewußten Dramatikers immerhin zu einem
1814 1502 2887 1552 einigermaßen haltbaren Bühnenganzen zusammenschließen
1809 1547 2886 1593 können. Schnitzler indessen ist bei der Verarbeitung dieses
1812 1589 2883 1643 „Totentanzes“ nur der Philosoph geblieben. Ideen von
1806 1616 2891 1684 wundervoll hyperästhetischem Empfinden, Sätze von mar¬
1818 1662 2899 1713 morschöner Pracht, sind überreich vorhanden. Aber mit?
1812 1713 2886 1750 einer das knapp Bühnenmäßige, das Konkrete vielleicht ab¬
1814 1733 2889 1791 sichtlich meidenden Technik läßt der Dichter seine Konflikte
1823 1776 2889 1823 in Philosophemen enden, hinter breiten Auseinander¬
1826 1821 2899 1870 setzungen zerfließen, im Rauch der Haltlosigkeit und Mark¬
1809 1850 2898 1906 losigkeit aufgehen. Es ist — neben der schwachen Dar¬
2041 1882 2898 1946 unbedingt im wesentlichen die mangelhafte
1823 1902 1993 1952 stellung
1821 1930 2888 1988 Bühnenform dieses das fein Rhetorische dem energisch
1818 1972 2887 2023 Dramatischen zielbewußt vorziehenden Dramas daran
1812 2005 2901 2056 Schuld, daß nach den beiden letzten Akten selbst das Häuf¬
1810 2049 2896 2103 lein derjenigen, die in diesem sinnierenden Dichter vor
1811 2098 2891 2142 allen seinen Konkurrenten den „Ewigkeitszug“ sehen, seine
1822 2119 2901 2184 Sache verloren geben mußten. So sehr sündigt niemand
1822 2170 2901 2217 ungestraft gegen die Fundamentalgesetze der Bühne. Und
1815 2203 2894 2265 Schnitzler hat doch vordem gezeigt, daß er mit Geschmack
1812 2254 2712 2308 und Kraft zugleich seine Sache führen kann.
1864 2281 2902 2345 Die Darstellung war — neben einer hervorragenden
1814 2331 2893 2387 Inszenierung — nicht zureichend, wenngleich unsereGrößten
1826 2363 2903 2425 auf den Brettern standen. Rittner — er spielte den
1815 2408 2899 2459 Mann, der sein von aller Süße des Lebens durchwürztes
1823 2457 2900 2505 Bienendasein mit dem Verluste seines Kindes bezahlen,
1980 2485 2895 2540 war nur gesund und brutal, wo er sensiriv,
1818 2495 1978 2546 muß —
1828 2532 2894 2581 schmerzlich bewegt, „von des Gedankens Blässe an¬
1818 2563 2892 2623 gekränkelt“ sein sollte. Hier war unbedingt ein Hauch
1820 2611 2886 2654 Sonnenthalscher oder Robert Nhilscher Kunst von Nöten,
1823 2645 2901 2695 oder ein Atemzug von Ba ssermann, der den zweiten
1822 2679 2899 2737 Gläubiger des Glücks mit einer unendlichen Delikatesse,
1822 2716 2903 2775 zwischen dünnspitziger Ironie und der blassen Kühle des
1818 2751 2913 2825 gegen die Schärfen des Lebens Abgestumpften spielte. Eine
1826 2797 2913 2860 Meisterleistung ersten Ranges! Als zarter, nervöser Sohn
1825 2839 2906 2902 zweier Väter war Herr Kurt Stieler duftlos, unge¬
1827 2894 2912 2932 schickt und täppisch, während die anderen — Sauar, die
1820 2925 2913 2971 Triesch und besonders unsere erquickend frische Else
1821 2947 2908 2999 Lehmann in wohlgelungenen Episoden mit Löwenmut
1825 3001 2359 3067 für den Dichter kämpften.
