3436 4384
1445 343 1899 436 box 23/4
275 335 1287 466 18. Der einsane Neg
1551 1759 2012 1853 #Wermetsareswic ngnannn:
554 1836 3006 1955 elektrotechnisch verschmockten Nervenarztes in dem dänischen Lustspiel ihr diesen elektrischen Kurzschluß gespendet hat. Walden spielt hier den
1781 1874 3018 1953 alten, räsonierenden Lustspielonkel, der immer mit dem geistvollsten
561 1914 1777 1988 nicht an sein schauspielerisches Niveau heranreicht. Dieser Anatol, der
1780 1917 3005 1997 Lächeln und der überrage dsten Ueberlegenheit die stumpfsten Banali¬
558 1957 1782 2030 in der Stunde, da ihn der Arzt aufgegeben hat, in derselben Einsam¬
1777 1985 2203 2046 täten zu sprechen hat.
554 1996 1779 2072 keit zu versinken fürchtet, die Herrn v. Sala die Schauer der Ewigkeit
1892 1977 3004 2072 Das Deutsche Volkstheater hat an schauspielerischen
554 2034 1773 2105 vorherfühlen läßt, muß den tragikomischen Witz seines Schicksals vor
1782 2036 3002 2107 Individualitäten zuerst Frau Roland und jetzt Herrn Olno in den
568 2070 1778 2153 unseren Augen erleben; erleben als ein etwas wehleidig gewordener
1793 2075 3006 2157 Vordergrund geschoben. Ueber die Suggestion, die von Frau Roland
563 2110 1775 2174 Mensch, den die vermeintliche Nähe des Todes nur um so inniger auf
1784 2111 3031 2205 ausgeht, haben wir das letztemal gesprochen. Herr Onno stellt der
561 2149 1793 2237 das Leben angewiesen hat, der nun merkt, daß nicht der Tod, sondern
1793 2148 3019 2230 Kritik eines der schwierigsten Probleme, das übrigens in mancherlei
572 2187 1791 2259 das Weiterleben nach der Ordnung seiner Verhältnisse ihn mit der
1791 2185 3020 2273 Weise an den Fall Moissi in Berlin erinnert. Reinhardt und seine
565 2221 1787 2295 Einsamkeit bedroht, der er entfliehen wollte. Er sieht, wie rasch dieses
1791 2225 3019 2299 Dramaturgen glaubten felsenfest an die Genialität Moissis, während
571 2258 1797 2327 Leben ohne und über uns weitergeht, obgleich wir uns in ihm so
1785 2272 3017 2357 ihn Kritik wie Publikum jahrelang in jeder Rolle ablehnten. Auch
566 2306 1795 2398 wichtig fühlen; er erkennt die ungeheure Vitalität, mit der wir im
1795 2309 3020 2376 dort, bei Moissi, war etwas von einer fliegenden Hitze die Onno zeigt,
575 2348 1784 2425 Augenblicke unseres Ab= oder Ausscheidens sofort ersetzt werden, die
1798 2341 3015 2420 aber sie war doch nicht so trocken, sondern gewissermaßen weicher, süd¬
569 2383 1788 2461 Brutalität, die unsere Umgebung zwingt, unser Nichtmehr=Dasein so¬
1800 2381 3017 2461 ländischer. Auch Moissi ließ immer eine genialische, die über dunklen
578 2428 1797 2501 gleich als eine Tatsache zu empfinden, mit der gerechnet werden muß.
1801 2418 3013 2500 Abgründen schwebende Jünglinghaftigkeit empfinden und versagte im
576 2455 1799 2525 Dies alles muß Konstantin Trübner erleben, nicht nur betrachten und
1802 2461 3023 2537 Gestalten, verirrte sich ins Tenorhafte, versank in einem Meer von
583 2492 1785 2578 darüber räsonieren. Walden steht aber nicht über, sondern neben
1802 2507 3021 2584 süßen Traumhaftigkeiten. Ich erinnere mich wie heute an den Abend,
586 2524 1800 2613 seinem Erlebnis, das ihn zwingt, sein Beinahe=gestorben=sein
1795 2542 3014 2631 da er zum erstenmal in den Kammerspielen als Oswald in den
587 2569 1795 2650 so ernst zu nehmen. Bassermann hat gefühlt, daß diese Figur mit
1807 2579 3020 2660 Gespenstern“ alle entwaffnete. Er offenbarte hier eine Genialität der
588 2607 1804 2695 den Einzelheiten ihres Schicksals im Wiener Boden wurzelt und hat
1802 2611 3027 2690 Wurmstichigkeit, eine Kr## in der Darstellung geistiger Gebrochenheit,
576 2647 1795 2737 versucht, wienerisch zu sein. Herr Walden aber blieb norddeutsch und
1800 2662 3028 2728 die einfach überwältigte. Einen solchen Abend ist uns Onno noch
588 2691 1798 2765 rückte dadurch von seiner Umgebung weiter weg, als ihm gestattet war.
1808 2692 3031 2766 schuldig: doppelt schuldig, denn ihn will kein protegierender Direktor
587 2731 1800 2795 Sie muß ihm vor unseren Augen fremd werden, der Trübner Waldens
1805 2722 3029 2814 gegen Publikum und Kritik durchsetzen, im Gegenteil: Kritik, wie
1803 2772 3025 2852 Publikum glauben an ihn, obgleich er sie Rolle für Rolle enttäuscht.
581 2785 1296 2870 gehörte vom Anfange an nicht zu ihr.
691 2782 1804 2872 Ueber die „Vagabunden“ der Herren Bergström und Larsen, für
1813 2809 3031 2887 Sein Tasso war eine Verirrung, sein Fiesko entbehrte der Größe und
589 2846 1799 2910 die das Burgtheater niemals hätte eine Verpflegsstation werden dürfen,
1815 2837 3036 2927 Einheitlichleit. Aber in all diesen Rollen, in denen er seine Anhänger
594 2885 1813 2964 läßt sich ernsthaft nicht sprechen. Der Vergleich zwischen Elektrizität
1812 2878 3040 2963 zur Verzweiflung treibt, läßt er nicht ab, ihnen so nebenbei die Ver¬
586 2927 1816 2997 und Erotik, der den Geist in diesem Lustspiel vertreten soll, ist läppisch
1812 2927 3038 3001 heißungen zu wiederholen, die sie bisher an ihn glauben ließen. Es
590 2957 1806 3033 und zwingt außerdem die Autoren, ihre Heldin in zwei aufeinander¬
1813 2965 3034 3048 ist eine Flamme in ihm, die oft zu ersticken droht, auf der irgend
596 3003 1804 3077 folgende nicht pikante, sondern nur schmierige Situationen zu bringen.
1812 2993 3044 3078 etwas lastet, die aber mit solcher Heftigkeit ins Freie stößt, daß man
598 3047 1807 3111 Welche Ströme in die Leitung des Burgtheaters gefahren sein mögen,
1814 3038 3042 3117 immer wieder den schauerlich=schönen Augenblick erwartet, in dem sie,
593 3079 1810 3144 um sie so zu perturbieren, daß sie diese „Vagabunden“ ihren Unsug
1825 3069 3045 3149 einmal befreit, kerzengerade gegen Himmel steigen muß. Am letzten
590 3113 1810 3184 im Hause treiben ließ, entzieht sich unserer physikalischen Kenntnis.
1825 3128 3050 3194 Novitätenabend dieser Bühne hatte Onno zwei Kostümrollen zu spielen
592 3145 1813 3248 Wir wollen nur zu Ehren der gegenwärtigen provisorischen Leitung
599 3163 3060 3261 annehmen, daß es eine ebenso starke, wie hohe Kraftquelle war, die und Verse zweier lyrischer Dramatiker zu sprechen. In Paul Zifferers
