<?xml version="1.0" encoding="UTF-8" standalone="yes"?>
<PcGts xmlns="http://schema.primaresearch.org/PAGE/gts/pagecontent/2013-07-15" xmlns:xsi="http://www.w3.org/2001/XMLSchema-instance" xsi:schemaLocation="http://schema.primaresearch.org/PAGE/gts/pagecontent/2013-07-15 http://schema.primaresearch.org/PAGE/gts/pagecontent/2013-07-15/pagecontent.xsd">
    <Metadata>
        <Creator>prov=University of Rostock/Institute of Mathematics/CITlab/Gundram Leifert/gundram.leifert@uni-rostock.de:name=ONB_Newseye_GT_M1+(htr_id=10810)::::v=2.4.2
prov=University of Rostock/Institute of Mathematics/CITlab/Tobias Gruening/tobias.gruening@uni-rostock.de:name=de.uros.citlab.module.baseline2polygon.B2PSeamMultiOriented:v=2.4.2
prov=University of Rostock/Institute of Mathematics/CITlab/Tobias Gruening/tobias.gruening@uni-rostock.de:name=/mnt/transkribus/LA/DEA/URO/LA_news_onb_att.pb:de.uros.citlab.segmentation.CITlab_LA_ML:v=2.4.2
Transkribus</Creator>
        <Created>2019-10-07T11:27:38.245+02:00</Created>
        <LastChange>2019-10-08T08:54:39.347+02:00</LastChange>
        <TranskribusMetadata docId="223970" pageId="9499906" pageNr="160" tsid="16508766" status="IN_PROGRESS" userId="40391" imgUrl="https://files.transkribus.eu/Get?id=LCGUMOHRYCZAUEITZMKQWKND&amp;fileType=view" xmlUrl="https://files.transkribus.eu/Get?id=GDSZDXMNMHLMKNRBYWUVTKAS" imageId="6190128"/>
    </Metadata>
    <Page imageFilename="223970_0160.jpeg" imageWidth="3436" imageHeight="4448">
        <ReadingOrder>
            <OrderedGroup id="ro_1711450626768" caption="Regions reading order">
                <RegionRefIndexed index="0" regionRef="r1"/>
                <RegionRefIndexed index="1" regionRef="r2"/>
            </OrderedGroup>
        </ReadingOrder>
        <TextRegion orientation="0.0" id="r1" custom="readingOrder {index:0;}">
            <Coords points="238,287 238,3378 2331,3378 2331,287"/>
            <TextLine id="r1l1" custom="readingOrder {index:0;}">
                <Coords points="1052,315 1064,315 1069,320 1098,320 1112,314 1134,316 1134,271 1120,271 1108,258 1099,256 1092,260 1077,260 1065,253 1053,253"/>
                <Baseline points="1064,307 1093,307 1122,308"/>
                <TextEquiv>
                    <Unicode>W</Unicode>
                </TextEquiv>
            </TextLine>
            <TextLine id="r1l2" custom="readingOrder {index:1;}">
                <Coords points="1396,333 1465,322 1484,335 1501,320 1552,326 1595,307 1633,341 1678,323 1738,343 1784,339 1834,315 1835,260 1761,247 1672,258 1656,246 1615,262 1557,249 1531,259 1502,239 1471,253 1397,249"/>
                <Baseline points="1408,307 1433,308 1459,308 1485,309 1511,311 1537,311 1563,313 1589,313 1615,315 1640,315 1666,315 1692,316 1718,315 1744,315 1770,313 1796,311 1822,309"/>
                <TextEquiv>
                    <Unicode>box 23/1</Unicode>
                </TextEquiv>
            </TextLine>
            <TextLine id="r1l3" custom="readingOrder {index:2;}">
                <Coords points="226,324 1032,365 1240,344 1241,263 1128,311 940,256 226,264"/>
                <Baseline points="238,312 287,316 337,319 386,322 436,324 485,326 535,328 584,329 634,330 683,330 733,330 783,331 832,331 882,330 931,330 981,330 1030,330 1080,330 1129,330 1179,330 1229,330"/>
                <TextEquiv>
                    <Unicode>18. Der einsanen</Unicode>
                </TextEquiv>
            </TextLine>
            <TextLine id="r1l4" custom="readingOrder {index:3;}">
                <Coords points="1685,1389 2243,1371 2262,1385 2293,1377 2292,1313 2127,1327 2088,1299 2027,1324 1952,1311 1914,1333 1890,1316 1684,1341"/>
                <Baseline points="1698,1372 1727,1371 1756,1370 1785,1370 1814,1369 1843,1368 1872,1368 1902,1368 1931,1367 1960,1367 1989,1367 2018,1366 2047,1366 2076,1366 2106,1365 2135,1365 2164,1364 2193,1364 2222,1363 2251,1362 2281,1361"/>
                <TextEquiv>
                    <Unicode></Unicode>
                </TextEquiv>
            </TextLine>
            <TextLine id="r1l5" custom="readingOrder {index:4;}">
                <Coords points="376,1457 2313,1435 2247,1374 375,1400"/>
                <Baseline points="387,1440 482,1441 578,1441 674,1441 769,1440 865,1440 961,1439 1056,1438 1152,1436 1248,1435 1344,1433 1439,1431 1535,1430 1631,1428 1726,1426 1822,1424 1918,1422 2013,1420 2109,1418 2205,1416 2301,1415"/>
                <TextEquiv>
                    <Unicode>der Kontrast fein, und er liegt eben im Un¬ auf Schleier über Menschen und Dinge sinken,</Unicode>
                </TextEquiv>
            </TextLine>
            <TextLine id="r1l6" custom="readingOrder {index:5;}">
                <Coords points="1348,1486 1959,1487 2308,1464 2307,1423 1347,1455"/>
                <Baseline points="1359,1481 1405,1480 1452,1478 1499,1477 1546,1476 1593,1475 1639,1474 1686,1472 1733,1471 1780,1470 1827,1469 1873,1468 1920,1467 1967,1466 2014,1464 2061,1463 2107,1462 2154,1460 2201,1459 2248,1458 2295,1456"/>
                <TextEquiv>
                    <Unicode>und diese Schleier flattern noch des öfteren im</Unicode>
                </TextEquiv>
            </TextLine>
            <TextLine id="r1l7" custom="readingOrder {index:6;}">
                <Coords points="375,1485 1193,1503 1325,1496 1349,1440 375,1459"/>
                <Baseline points="387,1487 434,1486 482,1486 529,1486 577,1486 624,1485 672,1485 719,1485 767,1485 814,1485 862,1485 909,1485 957,1485 1004,1485 1052,1485 1099,1484 1147,1484 1194,1483 1242,1483 1289,1482 1337,1481"/>
                <TextEquiv>
                    <Unicode>problematischen, Balladenhaften des Geschehens.</Unicode>
                </TextEquiv>
            </TextLine>
            <TextLine id="r1l8" custom="readingOrder {index:7;}">
                <Coords points="1358,1526 2208,1524 2310,1510 2309,1465 1357,1483"/>
                <Baseline points="1370,1522 1416,1521 1462,1519 1509,1518 1555,1516 1601,1516 1648,1514 1694,1514 1740,1513 1787,1512 1833,1511 1879,1510 1926,1510 1972,1509 2018,1508 2065,1507 2111,1505 2157,1504 2204,1503 2250,1501 2297,1498"/>
                <TextEquiv>
                    <Unicode>Verlauf. Herr von Sala denkt an die verschüttete</Unicode>
                </TextEquiv>
            </TextLine>
            <TextLine id="r1l9" custom="readingOrder {index:8;}">
                <Coords points="417,1535 683,1561 721,1539 1339,1544 1339,1496 1286,1489 417,1502"/>
                <Baseline points="430,1536 474,1536 519,1537 564,1537 609,1538 654,1538 699,1538 744,1538 789,1539 834,1538 879,1538 923,1538 968,1538 1013,1538 1058,1537 1103,1537 1148,1536 1193,1535 1238,1534 1283,1533 1328,1532"/>
                <TextEquiv>
                    <Unicode>Ein Herr von Sala gehört zum Wegrathschen</Unicode>
                </TextEquiv>
            </TextLine>
            <TextLine id="r1l10" custom="readingOrder {index:9;}">
                <Coords points="1354,1565 2298,1564 2318,1511 1353,1531"/>
                <Baseline points="1366,1565 1413,1564 1460,1564 1507,1563 1554,1562 1601,1561 1648,1560 1695,1560 1742,1559 1789,1558 1836,1557 1883,1556 1930,1554 1977,1553 2024,1552 2071,1550 2118,1549 2165,1547 2212,1546 2259,1544 2306,1542"/>
                <TextEquiv>
                    <Unicode>Stadt in Baktrien, die wieder ausgegraben wer¬</Unicode>
                </TextEquiv>
            </TextLine>
            <TextLine id="r1l11" custom="readingOrder {index:10;}">
                <Coords points="373,1607 1249,1594 1340,1584 1340,1544 425,1534 373,1559"/>
                <Baseline points="385,1582 432,1582 479,1583 526,1583 573,1583 620,1583 667,1583 714,1583 761,1583 808,1582 856,1582 903,1582 950,1581 997,1581 1044,1580 1091,1580 1138,1579 1185,1579 1232,1579 1279,1578 1327,1578"/>
                <TextEquiv>
                    <Unicode>Freundeskreis. Auch ein Dilettant wie Fichtner,</Unicode>
                </TextEquiv>
            </TextLine>
            <TextLine id="r1l12" custom="readingOrder {index:11;}">
                <Coords points="1361,1615 2304,1598 2303,1553 2262,1547 1360,1570"/>
                <Baseline points="1372,1612 1418,1611 1464,1610 1510,1609 1556,1608 1602,1607 1648,1606 1694,1605 1740,1604 1786,1603 1832,1601 1878,1600 1924,1599 1970,1598 2016,1597 2062,1595 2108,1594 2154,1593 2200,1591 2246,1590 2292,1588"/>
                <TextEquiv>
                    <Unicode>den soll; eine Marmortreppe führt in die Tiefe,</Unicode>
                </TextEquiv>
            </TextLine>
            <TextLine id="r1l13" custom="readingOrder {index:12;}">
                <Coords points="380,1639 935,1615 1172,1642 1342,1626 1342,1586 380,1598"/>
                <Baseline points="392,1629 438,1628 485,1628 532,1627 579,1627 626,1627 673,1626 720,1626 767,1626 814,1625 861,1625 907,1625 954,1624 1001,1624 1048,1624 1095,1623 1142,1623 1189,1622 1236,1621 1283,1621 1330,1620"/>
                <TextEquiv>
                    <Unicode>aber einer, der nicht klein beigibt, wenn das</Unicode>
                </TextEquiv>
            </TextLine>
            <TextLine id="r1l14" custom="readingOrder {index:13;}">
                <Coords points="1353,1664 2313,1644 2286,1594 1352,1611"/>
                <Baseline points="1366,1655 1412,1653 1459,1652 1506,1650 1553,1649 1599,1648 1646,1647 1693,1646 1740,1646 1786,1645 1833,1644 1880,1643 1927,1642 1973,1641 2020,1640 2067,1638 2114,1637 2160,1636 2207,1634 2254,1632 2301,1630"/>
                <TextEquiv>
                    <Unicode>dreihundertzwölf Stufen sind bloßgelegt, und er</Unicode>
                </TextEquiv>
            </TextLine>
            <TextLine id="r1l15" custom="readingOrder {index:14;}">
                <Coords points="379,1686 1339,1669 1338,1626 1254,1622 378,1641"/>
                <Baseline points="390,1673 436,1673 483,1672 530,1672 577,1672 624,1671 670,1670 717,1670 764,1669 811,1668 858,1668 904,1667 951,1666 998,1666 1045,1665 1092,1665 1138,1665 1185,1665 1232,1665 1279,1665 1326,1666"/>
                <TextEquiv>
                    <Unicode>Alter und der Tod an die Tür klopfen. In das</Unicode>
                </TextEquiv>
            </TextLine>
            <TextLine id="r1l16" custom="readingOrder {index:15;}">
                <Coords points="1352,1711 1620,1681 1654,1704 2319,1684 2318,1641 2287,1637 1351,1663"/>
                <Baseline points="1364,1698 1411,1697 1458,1696 1505,1695 1552,1694 1599,1693 1646,1691 1693,1690 1740,1690 1787,1688 1835,1687 1882,1686 1929,1685 1976,1684 2023,1682 2070,1681 2117,1680 2164,1679 2211,1678 2258,1678 2306,1677"/>
                <TextEquiv>
                    <Unicode>träumt von der dreihundertdreizehnten; und</Unicode>
                </TextEquiv>
            </TextLine>
            <TextLine id="r1l17" custom="readingOrder {index:16;}">
                <Coords points="369,1725 1329,1725 1348,1665 369,1696"/>
                <Baseline points="380,1719 427,1718 475,1717 523,1716 571,1715 618,1715 666,1714 714,1713 762,1713 809,1712 857,1712 905,1711 953,1711 1000,1711 1048,1710 1096,1710 1144,1710 1191,1710 1239,1709 1287,1709 1335,1709"/>
                <TextEquiv>
                    <Unicode>kalte, hypnotisierende Licht seiner Seele hat sich</Unicode>
                </TextEquiv>
            </TextLine>
            <TextLine id="r1l18" custom="readingOrder {index:17;}">
                <Coords points="1353,1740 2215,1740 2310,1723 2309,1682 1622,1681 1352,1711"/>
                <Baseline points="1365,1741 1411,1739 1458,1738 1505,1736 1551,1735 1598,1734 1645,1733 1691,1732 1738,1732 1785,1731 1832,1730 1878,1729 1925,1728 1972,1727 2018,1726 2065,1725 2112,1724 2158,1723 2205,1721 2252,1719 2299,1717"/>
                <TextEquiv>
                    <Unicode>diese dreihundertdreizehnte Stufe schimmert einige</Unicode>
                </TextEquiv>
            </TextLine>
            <TextLine id="r1l19" custom="readingOrder {index:18;}">
                <Coords points="380,1769 1342,1752 1341,1721 1267,1708 379,1728"/>
                <Baseline points="392,1764 438,1763 485,1761 532,1760 579,1759 626,1758 673,1757 719,1757 766,1756 813,1755 860,1755 907,1754 954,1754 1001,1753 1047,1753 1094,1752 1141,1752 1188,1751 1235,1750 1282,1750 1329,1749"/>
                <TextEquiv>
                    <Unicode>Johanna gestürzt, die, wie sie eben aus der leiden¬</Unicode>
                </TextEquiv>
            </TextLine>
            <TextLine id="r1l20" custom="readingOrder {index:19;}">
                <Coords points="1366,1790 2175,1782 2311,1771 2310,1724 1365,1747"/>
                <Baseline points="1377,1785 1423,1784 1469,1783 1515,1782 1561,1781 1607,1780 1653,1779 1700,1778 1746,1778 1792,1776 1838,1775 1884,1774 1930,1773 1976,1772 2023,1771 2069,1770 2115,1769 2161,1768 2207,1767 2253,1766 2300,1764"/>
                <TextEquiv>
                    <Unicode>Male in geheimnisvoller Andeutung auf. Bei</Unicode>
                </TextEquiv>
            </TextLine>
            <TextLine id="r1l21" custom="readingOrder {index:20;}">
                <Coords points="375,1826 616,1794 715,1819 1301,1806 1339,1803 1339,1753 374,1766"/>
                <Baseline points="387,1810 434,1808 481,1807 528,1805 575,1804 622,1803 669,1802 716,1801 763,1800 810,1800 857,1799 904,1799 951,1798 998,1798 1045,1797 1092,1797 1139,1797 1186,1796 1233,1796 1280,1796 1328,1796"/>
                <TextEquiv>
                    <Unicode>schaftlichen Dämmerwelt der Pubertät tritt, sich</Unicode>
                </TextEquiv>
            </TextLine>
            <TextLine id="r1l22" custom="readingOrder {index:21;}">
                <Coords points="1355,1835 2308,1820 2316,1769 1354,1789"/>
                <Baseline points="1367,1828 1413,1827 1460,1826 1507,1825 1554,1824 1601,1823 1648,1822 1695,1822 1742,1821 1789,1820 1836,1819 1882,1818 1929,1817 1976,1816 2023,1815 2070,1814 2117,1813 2164,1812 2211,1810 2258,1809 2305,1807"/>
                <TextEquiv>
                    <Unicode>Ibsen sind solche Züge populär geworden. Sie</Unicode>
                </TextEquiv>
            </TextLine>
            <TextLine id="r1l23" custom="readingOrder {index:22;}">
                <Coords points="376,1839 1269,1852 1345,1844 1345,1803 375,1808"/>
                <Baseline points="388,1850 435,1849 482,1847 529,1847 577,1846 624,1846 671,1845 718,1845 766,1845 813,1844 860,1844 907,1844 955,1844 1002,1843 1049,1843 1096,1842 1144,1842 1191,1841 1238,1840 1285,1838 1333,1836"/>
                <TextEquiv>
                    <Unicode>in der Welt der Ordnung und der Bürgerlichkeit</Unicode>
                </TextEquiv>
            </TextLine>
            <TextLine id="r1l24" custom="readingOrder {index:23;}">
                <Coords points="1360,1878 2318,1862 2317,1816 2214,1804 1657,1842 1359,1813"/>
                <Baseline points="1373,1868 1419,1868 1466,1867 1512,1867 1559,1866 1606,1866 1652,1865 1699,1865 1746,1864 1792,1863 1839,1863 1886,1862 1932,1861 1979,1860 2026,1859 2072,1858 2119,1857 2166,1856 2212,1855 2259,1853 2306,1852"/>
                <TextEquiv>
                    <Unicode>haben bei ihm ciwas Dummes, Hypnotisierendes,</Unicode>
                </TextEquiv>
            </TextLine>
            <TextLine id="r1l25" custom="readingOrder {index:24;}">
                <Coords points="374,1903 1353,1891 1353,1846 1293,1842 374,1840"/>
                <Baseline points="387,1895 434,1894 482,1892 530,1891 578,1890 625,1889 673,1888 721,1888 769,1887 816,1887 864,1886 912,1886 960,1885 1007,1885 1055,1884 1103,1884 1151,1883 1198,1882 1246,1881 1294,1880 1342,1878"/>
                <TextEquiv>
                    <Unicode>nicht zurechtfindet. Sie ist in den Träumen da¬</Unicode>
                </TextEquiv>
            </TextLine>
            <TextLine id="r1l26" custom="readingOrder {index:25;}">
                <Coords points="1356,1925 1914,1936 2131,1906 2175,1929 2321,1907 2320,1861 1355,1882"/>
                <Baseline points="1369,1914 1418,1913 1467,1912 1517,1911 1566,1910 1616,1909 1665,1908 1714,1907 1764,1907 1813,1906 1863,1905 1912,1904 1962,1904 2011,1903 2060,1901 2110,1900 2159,1899 2209,1898 2258,1896 2308,1894"/>
                <TextEquiv>
                    <Unicode>kurz: etwas Geniales; sie sind bei Schnitzler</Unicode>
                </TextEquiv>
            </TextLine>
            <TextLine id="r1l27" custom="readingOrder {index:26;}">
                <Coords points="383,1949 1321,1940 1347,1896 382,1901"/>
                <Baseline points="394,1939 441,1937 488,1936 535,1934 582,1933 629,1932 676,1931 723,1930 770,1930 817,1929 864,1929 911,1928 958,1928 1005,1928 1052,1927 1099,1927 1146,1927 1193,1927 1240,1926 1287,1926 1334,1926"/>
                <TextEquiv>
                    <Unicode>heim, sie glaubt seltsamer Gesichte fähig zu sein.</Unicode>
                </TextEquiv>
            </TextLine>
            <TextLine id="r1l28" custom="readingOrder {index:27;}">
                <Coords points="1357,1977 1389,1986 1467,1963 1501,1976 1522,1961 1542,1971 1560,1961 1575,1968 1618,1962 1617,1921 1591,1915 1552,1923 1516,1916 1507,1926 1488,1914 1454,1922 1406,1918 1385,1929 1356,1924"/>
                <Baseline points="1370,1960 1396,1958 1422,1956 1449,1955 1475,1954 1501,1954 1528,1953 1554,1953 1580,1954 1607,1955"/>
                <TextEquiv>
                    <Unicode>„Literatur“.</Unicode>
                </TextEquiv>
            </TextLine>
            <TextLine id="r1l29" custom="readingOrder {index:28;}">
                <Coords points="380,1992 1354,1986 1354,1935 379,1947"/>
                <Baseline points="391,1981 438,1980 486,1979 533,1979 581,1978 628,1978 676,1977 723,1977 771,1977 818,1976 866,1976 913,1976 961,1976 1008,1975 1056,1975 1103,1974 1151,1973 1198,1972 1246,1970 1293,1968 1341,1966"/>
                <TextEquiv>
                    <Unicode>Sie ertränkt sich, da sie weiß, daß Sala ein dem</Unicode>
                </TextEquiv>
            </TextLine>
            <TextLine id="r1l30" custom="readingOrder {index:29;}">
                <Coords points="1405,2029 1752,2029 1874,1993 1992,2019 2324,2003 2323,1953 2227,1933 2151,1961 2067,1936 1404,1974"/>
                <Baseline points="1418,2014 1462,2014 1507,2013 1552,2012 1596,2011 1641,2010 1686,2009 1730,2008 1775,2007 1820,2006 1865,2005 1909,2004 1954,2003 1999,2002 2043,2001 2088,2001 2133,2000 2177,1999 2222,1999 2267,1998 2312,1998"/>
                <TextEquiv>
                    <Unicode>Und allzu „literarisch“ ist die Haltung des</Unicode>
                </TextEquiv>
            </TextLine>
            <TextLine id="r1l31" custom="readingOrder {index:30;}">
                <Coords points="383,2031 1355,2026 1354,1985 1258,1970 382,1991"/>
                <Baseline points="394,2026 441,2025 488,2024 536,2023 583,2022 631,2021 678,2020 726,2020 773,2019 821,2018 868,2018 915,2017 963,2017 1010,2016 1058,2015 1105,2015 1153,2014 1200,2013 1248,2012 1295,2011 1343,2010"/>
                <TextEquiv>
                    <Unicode>Tode geweihter Mann ist. Er hat ein Herzleiden,</Unicode>
                </TextEquiv>
            </TextLine>
            <TextLine id="r1l32" custom="readingOrder {index:31;}">
                <Coords points="1364,2070 2324,2045 2323,1995 2223,2023 1947,1999 1754,2032 1363,2012"/>
                <Baseline points="1377,2060 1423,2059 1470,2058 1517,2057 1563,2056 1610,2055 1657,2055 1703,2054 1750,2053 1797,2053 1844,2052 1890,2051 1937,2050 1984,2050 2030,2049 2077,2048 2124,2046 2170,2045 2217,2044 2264,2043 2311,2041"/>
                <TextEquiv>
                    <Unicode>ganzen Dramas. Diese Menschen leben und</Unicode>
                </TextEquiv>
            </TextLine>
            <TextLine id="r1l33" custom="readingOrder {index:32;}">
                <Coords points="372,2077 1356,2054 1355,2018 1286,2016 372,2034"/>
                <Baseline points="385,2069 432,2067 480,2067 528,2065 576,2064 624,2064 672,2063 720,2062 768,2062 816,2061 864,2061 911,2060 959,2060 1007,2059 1055,2059 1103,2058 1151,2057 1199,2056 1247,2055 1295,2054 1343,2052"/>
                <TextEquiv>
                    <Unicode>das ihn in einer kurzen, zuverlässig genau fixier¬</Unicode>
                </TextEquiv>
            </TextLine>
            <TextLine id="r1l34" custom="readingOrder {index:33;}">
                <Coords points="1368,2110 2244,2104 2315,2089 2315,2048 1367,2067"/>
                <Baseline points="1379,2105 1425,2104 1471,2102 1517,2100 1564,2099 1610,2098 1656,2097 1702,2097 1749,2096 1795,2096 1841,2096 1887,2095 1934,2095 1980,2094 2026,2094 2072,2093 2119,2092 2165,2092 2211,2090 2257,2089 2304,2087"/>
                <TextEquiv>
                    <Unicode>sprechen niemals dem Dichter zum Trotz und zur</Unicode>
                </TextEquiv>
            </TextLine>
            <TextLine id="r1l35" custom="readingOrder {index:34;}">
                <Coords points="385,2123 1318,2112 1359,2106 1358,2056 384,2075"/>
                <Baseline points="396,2113 443,2112 491,2111 538,2110 586,2109 633,2108 681,2107 728,2106 776,2105 823,2105 871,2104 919,2103 966,2103 1014,2102 1061,2102 1109,2101 1156,2101 1204,2100 1251,2100 1299,2100 1347,2099"/>
                <TextEquiv>
                    <Unicode>ten Zeit dahinraffen wird, ehe noch die Expedition</Unicode>
                </TextEquiv>
            </TextLine>
            <TextLine id="r1l36" custom="readingOrder {index:35;}">
                <Coords points="1366,2155 2324,2131 2323,2086 1366,2107"/>
                <Baseline points="1378,2145 1424,2144 1471,2143 1518,2142 1564,2141 1611,2141 1658,2140 1704,2140 1751,2139 1798,2139 1845,2138 1891,2137 1938,2137 1985,2136 2031,2136 2078,2135 2125,2134 2171,2133 2218,2131 2265,2130 2312,2128"/>
                <TextEquiv>
                    <Unicode>Ueberraschung. Sie führen ihre Gespräche, als</Unicode>
                </TextEquiv>
            </TextLine>
            <TextLine id="r1l37" custom="readingOrder {index:36;}">
                <Coords points="376,2154 1338,2158 1352,2108 375,2118"/>
                <Baseline points="387,2154 434,2154 482,2154 530,2154 577,2153 625,2153 673,2152 720,2152 768,2151 816,2150 864,2150 911,2149 959,2148 1007,2147 1054,2147 1102,2146 1150,2145 1197,2145 1245,2144 1293,2143 1341,2143"/>
                <TextEquiv>
                    <Unicode>nach Baktrien, der er sich anschließen will, von</Unicode>
                </TextEquiv>
            </TextLine>
            <TextLine id="r1l38" custom="readingOrder {index:37;}">
                <Coords points="1353,2202 2322,2184 2321,2131 1352,2161"/>
                <Baseline points="1365,2191 1412,2190 1459,2189 1506,2188 1554,2186 1601,2186 1648,2184 1695,2184 1743,2183 1790,2182 1837,2181 1884,2180 1932,2180 1979,2179 2026,2178 2073,2177 2121,2176 2168,2176 2215,2175 2262,2174 2310,2173"/>
                <TextEquiv>
                    <Unicode>ob sie von vornherein wüßten, wo es damit</Unicode>
                </TextEquiv>
            </TextLine>
            <TextLine id="r1l39" custom="readingOrder {index:38;}">
                <Coords points="382,2207 729,2195 806,2220 1081,2190 1220,2214 1268,2185 1356,2196 1356,2150 382,2166"/>
                <Baseline points="394,2197 441,2197 489,2197 536,2197 584,2196 631,2196 679,2195 726,2194 774,2193 821,2193 869,2192 917,2191 964,2190 1012,2189 1059,2188 1107,2188 1154,2187 1202,2187 1249,2187 1297,2187 1345,2187"/>
                <TextEquiv>
                    <Unicode>Genua abgeht. Auch Felix wollte an dieser Ex¬</Unicode>
                </TextEquiv>
            </TextLine>
            <TextLine id="r1l40" custom="readingOrder {index:39;}">
                <Coords points="1371,2237 2161,2212 2324,2233 2323,2180 1370,2196"/>
                <Baseline points="1382,2236 1428,2235 1475,2234 1521,2233 1568,2231 1614,2230 1661,2229 1707,2227 1754,2226 1800,2225 1847,2224 1893,2223 1940,2222 1986,2221 2033,2220 2079,2220 2126,2219 2172,2218 2219,2217 2265,2217 2312,2216"/>
                <TextEquiv>
                    <Unicode>hinaus soll. Sie sind kleine Künstler, und sie</Unicode>
                </TextEquiv>
            </TextLine>
            <TextLine id="r1l41" custom="readingOrder {index:40;}">
                <Coords points="379,2249 1317,2245 1353,2239 1353,2196 378,2208"/>
                <Baseline points="390,2241 437,2241 485,2240 532,2240 580,2239 628,2238 675,2238 723,2237 770,2236 818,2236 866,2235 913,2235 961,2234 1008,2234 1056,2233 1104,2233 1151,2233 1199,2233 1246,2233 1294,2233 1342,2233"/>
                <TextEquiv>
                    <Unicode>pedition teilnehmen. s man Johanna sucht,</Unicode>
                </TextEquiv>
            </TextLine>
            <TextLine id="r1l42" custom="readingOrder {index:41;}">
                <Coords points="1372,2283 2315,2277 2321,2221 1371,2238"/>
                <Baseline points="1384,2276 1430,2275 1476,2275 1522,2274 1569,2274 1615,2273 1661,2272 1708,2271 1754,2271 1800,2270 1847,2269 1893,2268 1939,2267 1985,2266 2032,2265 2078,2264 2124,2263 2171,2261 2217,2260 2263,2259 2310,2257"/>
                <TextEquiv>
                    <Unicode>haben das kleine Mißtrauen gegen die Künstler.</Unicode>
                </TextEquiv>
            </TextLine>
            <TextLine id="r1l43" custom="readingOrder {index:42;}">
                <Coords points="378,2278 1355,2283 1354,2237 1227,2232 378,2249"/>
                <Baseline points="391,2284 438,2285 486,2285 533,2285 581,2285 628,2285 676,2284 723,2284 771,2283 818,2282 866,2281 914,2280 961,2279 1009,2277 1056,2276 1104,2275 1151,2274 1199,2273 1246,2273 1294,2272 1342,2272"/>
                <TextEquiv>
                    <Unicode>kommt Sala, der auf dem Grunde des Teiches</Unicode>
                </TextEquiv>
            </TextLine>
            <TextLine id="r1l44" custom="readingOrder {index:43;}">
                <Coords points="1370,2331 2256,2323 2320,2305 2320,2277 1369,2281"/>
                <Baseline points="1381,2316 1427,2317 1473,2317 1520,2317 1566,2317 1612,2316 1659,2316 1705,2315 1751,2314 1798,2313 1844,2312 1890,2311 1937,2310 1983,2309 2029,2307 2076,2306 2122,2305 2168,2304 2215,2303 2261,2301 2308,2300"/>
                <TextEquiv>
                    <Unicode>Nie bricht der Ton gewaltsam aus ihrem Herzen.</Unicode>
                </TextEquiv>
            </TextLine>
            <TextLine id="r1l45" custom="readingOrder {index:44;}">
                <Coords points="383,2324 1360,2328 1337,2280 382,2281"/>
                <Baseline points="396,2329 443,2329 491,2329 538,2328 586,2328 634,2327 681,2327 729,2326 776,2325 824,2325 872,2324 919,2323 967,2322 1014,2322 1062,2321 1110,2320 1157,2320 1205,2319 1252,2319 1300,2318 1348,2318"/>
                <TextEquiv>
                    <Unicode>ihr Bild wie in einer Vision gesehen zu haben</Unicode>
                </TextEquiv>
            </TextLine>
            <TextLine id="r1l46" custom="readingOrder {index:45;}">
                <Coords points="1370,2375 2287,2360 2325,2357 2324,2306 1369,2332"/>
                <Baseline points="1382,2363 1428,2363 1475,2363 1521,2363 1568,2362 1614,2362 1661,2361 1707,2361 1754,2359 1800,2358 1847,2357 1893,2356 1940,2355 1986,2354 2033,2352 2079,2351 2126,2350 2172,2349 2219,2347 2265,2346 2312,2345"/>
                <TextEquiv>
                    <Unicode>Sie sind alle weise, und alle ihre Weisheit ist</Unicode>
                </TextEquiv>
            </TextLine>
            <TextLine id="r1l47" custom="readingOrder {index:46;}">
                <Coords points="391,2374 1317,2376 1362,2364 1362,2328 390,2338"/>
                <Baseline points="402,2379 449,2376 496,2375 544,2373 591,2371 639,2370 686,2369 733,2368 781,2367 828,2367 876,2366 923,2365 970,2365 1018,2365 1065,2364 1113,2364 1160,2364 1207,2363 1255,2363 1302,2362 1350,2362"/>
                <TextEquiv>
                    <Unicode>glaubt, und klärt über sein Verhältnis zu ihr</Unicode>
                </TextEquiv>
            </TextLine>
            <TextLine id="r1l48" custom="readingOrder {index:47;}">
                <Coords points="1366,2412 2328,2385 2301,2348 1365,2378"/>
                <Baseline points="1377,2407 1426,2407 1475,2407 1525,2407 1574,2406 1624,2405 1673,2405 1722,2403 1772,2402 1821,2401 1871,2400 1920,2399 1970,2398 2019,2396 2068,2395 2118,2393 2167,2392 2217,2390 2266,2389 2316,2388"/>
                <TextEquiv>
                    <Unicode>müde und unjung und ohne Leidenschaft und</Unicode>
                </TextEquiv>
            </TextLine>
            <TextLine id="r1l49" custom="readingOrder {index:48;}">
                <Coords points="383,2415 1305,2418 1352,2412 1352,2374 562,2369 510,2394 382,2372"/>
                <Baseline points="396,2418 443,2417 490,2416 537,2415 585,2415 632,2414 679,2413 726,2412 774,2411 821,2411 868,2410 915,2409 963,2409 1010,2408 1057,2407 1104,2407 1152,2406 1199,2406 1246,2405 1293,2404 1341,2404"/>
                <TextEquiv>
                    <Unicode>auf. „Das zu sagen, hielt ich für durchaus not¬</Unicode>
                </TextEquiv>
            </TextLine>
            <TextLine id="r1l50" custom="readingOrder {index:49;}">
                <Coords points="1369,2453 1924,2456 2015,2425 2053,2450 2122,2427 2300,2445 2320,2391 1368,2414"/>
                <Baseline points="1381,2449 1427,2450 1473,2450 1520,2450 1566,2449 1613,2449 1659,2448 1706,2447 1752,2446 1799,2445 1845,2443 1891,2443 1938,2441 1984,2439 2031,2438 2077,2436 2124,2435 2170,2434 2217,2432 2263,2431 2310,2430"/>
                <TextEquiv>
                    <Unicode>Vorurteil; selbst die Felirens, der doch erst</Unicode>
                </TextEquiv>
            </TextLine>
            <TextLine id="r1l51" custom="readingOrder {index:50;}">
                <Coords points="395,2461 1358,2459 1357,2409 395,2428"/>
                <Baseline points="408,2461 454,2460 501,2459 548,2458 595,2457 642,2457 689,2456 735,2456 782,2455 829,2455 876,2454 923,2454 970,2454 1017,2453 1063,2453 1110,2452 1157,2452 1204,2451 1251,2450 1298,2449 1345,2447"/>
                <TextEquiv>
                    <Unicode>wendig,“ sind seine Worte an Felix, „ehe wir am</Unicode>
                </TextEquiv>
            </TextLine>
            <TextLine id="r1l52" custom="readingOrder {index:51;}">
                <Coords points="1364,2508 2321,2488 2320,2440 2251,2434 1363,2453"/>
                <Baseline points="1375,2493 1421,2493 1468,2493 1515,2492 1561,2492 1608,2491 1655,2490 1701,2490 1748,2488 1795,2487 1842,2486 1888,2485 1935,2484 1982,2482 2028,2481 2075,2480 2122,2479 2168,2477 2215,2477 2262,2476 2309,2475"/>
                <TextEquiv>
                    <Unicode>dreiundzwanzig Jahre alt ist, und im süßen Dieb¬</Unicode>
                </TextEquiv>
            </TextLine>
            <TextLine id="r1l53" custom="readingOrder {index:52;}">
                <Coords points="387,2507 1340,2507 1359,2456 387,2469"/>
                <Baseline points="400,2504 447,2503 494,2502 542,2502 589,2501 636,2500 684,2499 731,2499 778,2498 826,2498 873,2498 920,2497 968,2497 1015,2496 1062,2496 1110,2496 1157,2495 1204,2495 1252,2494 1299,2494 1347,2493"/>
                <TextEquiv>
                    <Unicode>Ende in den Fall kommen, zusammen in die</Unicode>
                </TextEquiv>
            </TextLine>
            <TextLine id="r1l54" custom="readingOrder {index:53;}">
                <Coords points="1365,2540 2322,2530 2321,2484 2249,2478 1364,2494"/>
                <Baseline points="1377,2539 1423,2538 1470,2537 1517,2535 1563,2534 1610,2533 1657,2532 1703,2531 1750,2531 1797,2530 1844,2529 1890,2529 1937,2528 1984,2527 2030,2526 2077,2526 2124,2525 2170,2524 2217,2523 2264,2522 2311,2520"/>
                <TextEquiv>
                    <Unicode>stahl der Natur mehr Kraft, als wir an ihm sehen,</Unicode>
                </TextEquiv>
            </TextLine>
            <TextLine id="r1l55" custom="readingOrder {index:54;}">
                <Coords points="382,2549 1364,2539 1363,2501 1205,2489 382,2515"/>
                <Baseline points="395,2550 442,2549 490,2548 538,2546 586,2545 634,2544 681,2543 729,2543 777,2542 825,2541 873,2541 920,2540 968,2540 1016,2539 1064,2539 1112,2538 1159,2538 1207,2537 1255,2536 1303,2535 1351,2534"/>
                <TextEquiv>
                    <Unicode>Tiefe der Erde hinabzusteigen, oder vielleicht unter</Unicode>
                </TextEquiv>
            </TextLine>
            <TextLine id="r1l56" custom="readingOrder {index:55;}">
                <Coords points="1363,2607 2327,2577 2333,2524 1361,2543"/>
                <Baseline points="1373,2582 1420,2581 1467,2580 1515,2580 1562,2579 1610,2578 1657,2577 1704,2576 1752,2576 1799,2575 1847,2574 1894,2573 1941,2572 1989,2571 2036,2570 2084,2569 2131,2568 2178,2567 2226,2566 2273,2564 2321,2563"/>
                <TextEquiv>
                    <Unicode>hätte mitbekommen dürfen. Vielleicht hat sich Frau</Unicode>
                </TextEquiv>
            </TextLine>
            <TextLine id="r1l57" custom="readingOrder {index:56;}">
                <Coords points="399,2591 1362,2588 1361,2541 399,2553"/>
                <Baseline points="412,2592 458,2592 505,2591 552,2591 599,2590 646,2589 693,2589 740,2588 787,2587 834,2586 881,2586 927,2585 974,2584 1021,2583 1068,2583 1115,2582 1162,2581 1209,2580 1256,2580 1303,2579 1350,2578"/>
                <TextEquiv>
                    <Unicode>einem Zelte zu schlafen.“ Felix, nach einer langen</Unicode>
                </TextEquiv>
            </TextLine>
            <TextLine id="r1l58" custom="readingOrder {index:57;}">
                <Coords points="1371,2625 1656,2654 2068,2614 2326,2634 2325,2574 2289,2567 1370,2586"/>
                <Baseline points="1382,2620 1428,2621 1475,2621 1521,2622 1568,2622 1615,2622 1661,2621 1708,2621 1754,2620 1801,2620 1848,2619 1894,2618 1941,2617 1987,2616 2034,2615 2081,2614 2127,2613 2174,2611 2220,2610 2267,2609 2314,2608"/>
                <TextEquiv>
                    <Unicode>Gabriele geirrt, und Wegrath ist wirklich sein</Unicode>
                </TextEquiv>
            </TextLine>
            <TextLine id="r1l59" custom="readingOrder {index:58;}">
                <Coords points="386,2634 819,2627 944,2659 999,2624 1365,2630 1364,2587 1328,2583 386,2601"/>
                <Baseline points="397,2637 444,2637 492,2636 540,2635 588,2634 636,2633 683,2633 731,2632 779,2630 827,2630 875,2629 922,2628 970,2627 1018,2626 1066,2626 1114,2625 1161,2624 1209,2624 1257,2623 1305,2623 1353,2623"/>
                <TextEquiv>
                    <Unicode>Pause: „Herr von Sala... wir werden nicht</Unicode>
                </TextEquiv>
            </TextLine>
            <TextLine id="r1l60" custom="readingOrder {index:59;}">
                <Coords points="1374,2680 1400,2681 1407,2676 1438,2689 1446,2682 1489,2681 1496,2674 1544,2678 1545,2637 1490,2638 1483,2631 1476,2638 1445,2629 1430,2634 1375,2627"/>
                <Baseline points="1386,2663 1415,2664 1444,2664 1474,2665 1503,2666 1533,2668"/>
                <TextEquiv>
                    <Unicode>Vater</Unicode>
                </TextEquiv>
            </TextLine>
            <TextLine id="r1l61" custom="readingOrder {index:60;}">
                <Coords points="385,2697 1357,2673 1356,2632 1260,2624 384,2634"/>
                <Baseline points="397,2679 444,2679 491,2678 539,2678 586,2677 634,2676 681,2675 728,2674 776,2673 823,2673 871,2671 918,2670 965,2669 1013,2668 1060,2667 1108,2667 1155,2666 1202,2666 1250,2666 1297,2666 1345,2667"/>
                <TextEquiv>
                    <Unicode>unter einem Zelte schlafen.“ „Wie?“ fragt Sala,</Unicode>
                </TextEquiv>
            </TextLine>
            <TextLine id="r1l62" custom="readingOrder {index:61;}">
                <Coords points="400,2745 860,2745 1008,2714 1363,2733 1362,2670 399,2687"/>
                <Baseline points="412,2720 461,2721 510,2721 560,2722 609,2721 659,2721 708,2721 757,2720 807,2719 856,2718 906,2717 955,2716 1005,2715 1054,2713 1103,2713 1153,2712 1202,2711 1252,2710 1301,2710 1351,2710"/>
                <TextEquiv>
                    <Unicode>und Felix: „So weit geht Ihre Reise nicht mehr.“</Unicode>
                </TextEquiv>
            </TextLine>
            <TextLine id="r1l63" custom="readingOrder {index:62;}">
                <Coords points="1416,2732 2208,2734 2335,2719 2334,2662 1415,2686"/>
                <Baseline points="1427,2727 1471,2727 1516,2726 1561,2726 1606,2725 1650,2725 1695,2724 1740,2723 1785,2723 1829,2722 1874,2721 1919,2721 1964,2720 2008,2719 2053,2718 2098,2717 2143,2715 2187,2714 2232,2713 2277,2711 2322,2710"/>
                <TextEquiv>
                    <Unicode>Ich sage mit alledem nichts von dem Drama</Unicode>
                </TextEquiv>
            </TextLine>
            <TextLine id="r1l64" custom="readingOrder {index:63;}">
                <Coords points="1369,2779 2111,2751 2221,2778 2333,2759 2333,2714 1500,2736 1368,2707"/>
                <Baseline points="1381,2771 1428,2771 1475,2771 1522,2771 1569,2771 1616,2770 1663,2770 1710,2770 1757,2769 1804,2769 1851,2768 1898,2767 1945,2766 1992,2765 2039,2764 2086,2763 2133,2761 2180,2759 2227,2758 2274,2755 2321,2753"/>
                <TextEquiv>
                    <Unicode>als ganzer Erscheinung, nichts von dem Duft</Unicode>
                </TextEquiv>
            </TextLine>
            <TextLine id="r1l65" custom="readingOrder {index:64;}">
                <Coords points="438,2775 1204,2784 1364,2769 1364,2729 437,2734"/>
                <Baseline points="450,2777 495,2777 540,2777 585,2777 630,2777 675,2776 720,2775 766,2775 811,2774 856,2773 901,2772 946,2771 991,2771 1036,2770 1082,2769 1127,2768 1172,2767 1217,2766 1262,2765 1307,2765 1353,2764"/>
                <TextEquiv>
                    <Unicode>Herr von Sala, ungebeugt von der letzten Ge¬</Unicode>
                </TextEquiv>
            </TextLine>
            <TextLine id="r1l66" custom="readingOrder {index:65;}">
                <Coords points="1373,2820 2313,2811 2332,2760 1372,2782"/>
                <Baseline points="1384,2814 1430,2814 1477,2814 1524,2814 1571,2813 1618,2813 1664,2813 1711,2813 1758,2813 1805,2812 1852,2812 1898,2811 1945,2811 1992,2809 2039,2808 2086,2807 2132,2805 2179,2804 2226,2802 2273,2800 2320,2798"/>
                <TextEquiv>
                    <Unicode>und Hauch, die nach Anna Mahrs Worten über</Unicode>
                </TextEquiv>
            </TextLine>
            <TextLine id="r1l67" custom="readingOrder {index:66;}">
                <Coords points="389,2838 1365,2819 1364,2769 1276,2763 627,2791 388,2768"/>
                <Baseline points="400,2824 447,2824 495,2824 543,2824 590,2823 638,2823 686,2822 733,2822 781,2821 829,2819 877,2819 924,2818 972,2817 1020,2816 1067,2815 1115,2814 1163,2813 1210,2812 1258,2812 1306,2811 1354,2811"/>
                <TextEquiv>
                    <Unicode>wißheit, und doch einmal zum wärmeren Gefühl</Unicode>
                </TextEquiv>
            </TextLine>
            <TextLine id="r1l68" custom="readingOrder {index:67;}">
                <Coords points="1380,2862 2331,2848 2330,2807 2284,2799 1380,2819"/>
                <Baseline points="1391,2855 1437,2855 1483,2855 1530,2855 1576,2855 1623,2855 1669,2854 1715,2854 1762,2854 1808,2853 1855,2853 1901,2852 1947,2852 1994,2851 2040,2850 2087,2848 2133,2847 2179,2846 2226,2844 2272,2842 2319,2840"/>
                <TextEquiv>
                    <Unicode>den Dingen liegen, und das beste sein sollen. Wie,</Unicode>
                </TextEquiv>
            </TextLine>
            <TextLine id="r1l69" custom="readingOrder {index:68;}">
                <Coords points="393,2868 1344,2869 1369,2815 392,2832"/>
                <Baseline points="406,2870 453,2870 501,2869 548,2868 596,2867 643,2867 691,2866 738,2865 786,2864 833,2863 881,2862 929,2861 976,2860 1024,2859 1071,2858 1119,2857 1166,2856 1214,2855 1261,2854 1309,2854 1357,2853"/>
                <TextEquiv>
                    <Unicode>aufgeschüttelt, wird sich töten, bevor eine Stunde</Unicode>
                </TextEquiv>
            </TextLine>
            <TextLine id="r1l70" custom="readingOrder {index:69;}">
                <Coords points="1369,2905 2281,2899 2331,2896 2331,2848 1368,2865"/>
                <Baseline points="1381,2900 1427,2899 1474,2898 1521,2897 1568,2896 1615,2896 1662,2895 1709,2895 1756,2895 1803,2894 1850,2894 1896,2894 1943,2893 1990,2892 2037,2892 2084,2891 2131,2890 2178,2888 2225,2887 2272,2884 2319,2882"/>
                <TextEquiv>
                    <Unicode>wenn ich dieses aufsparte, bis das Werk fertig ist?</Unicode>
                </TextEquiv>
            </TextLine>
            <TextLine id="r1l71" custom="readingOrder {index:70;}">
                <Coords points="401,2912 1373,2910 1372,2869 1324,2858 400,2876"/>
                <Baseline points="414,2915 461,2913 508,2912 556,2911 603,2910 650,2909 698,2908 745,2907 792,2906 840,2905 887,2904 934,2904 982,2903 1029,2902 1076,2902 1124,2901 1171,2901 1218,2900 1266,2899 1313,2899 1361,2898"/>
                <TextEquiv>
                    <Unicode>vergangen ist. Und während Felix dem allein</Unicode>
                </TextEquiv>
            </TextLine>
            <TextLine id="r1l72" custom="readingOrder {index:71;}">
                <Coords points="1378,2957 2335,2934 2334,2891 2253,2885 1377,2909"/>
                <Baseline points="1390,2943 1436,2943 1483,2943 1529,2943 1576,2943 1623,2942 1669,2942 1716,2941 1762,2940 1809,2939 1856,2938 1902,2937 1949,2936 1995,2935 2042,2934 2089,2933 2135,2932 2182,2930 2228,2929 2275,2928 2322,2926"/>
                <TextEquiv>
                    <Unicode>Es gibt doch nicht nur zweite Auflagen, sondern</Unicode>
                </TextEquiv>
            </TextLine>
            <TextLine id="r1l73" custom="readingOrder {index:72;}">
                <Coords points="403,2959 1361,2944 1360,2906 1245,2898 402,2911"/>
                <Baseline points="414,2958 460,2957 507,2955 554,2954 600,2953 647,2952 694,2951 740,2950 787,2949 834,2948 881,2947 927,2947 974,2946 1021,2945 1067,2944 1114,2944 1161,2943 1207,2942 1254,2942 1301,2941 1348,2941"/>
                <TextEquiv>
                    <Unicode>gebliebenen Wegrath mit einem innigeren Kindes¬</Unicode>
                </TextEquiv>
            </TextLine>
            <TextLine id="r1l74" custom="readingOrder {index:73;}">
                <Coords points="1378,2994 2331,2989 2332,2933 1377,2958"/>
                <Baseline points="1390,2991 1436,2989 1483,2988 1529,2987 1576,2986 1622,2985 1669,2984 1715,2983 1762,2981 1808,2981 1855,2980 1901,2979 1948,2978 1994,2977 2041,2976 2087,2975 2134,2975 2180,2974 2227,2973 2273,2972 2320,2972"/>
                <TextEquiv>
                    <Unicode>auch zweite Ausgaben. Und ich glaube, hier ist</Unicode>
                </TextEquiv>
            </TextLine>
            <TextLine id="r1l75" custom="readingOrder {index:74;}">
                <Coords points="390,3008 1362,2990 1361,2944 390,2962"/>
                <Baseline points="402,3002 449,3001 496,3000 544,2999 591,2998 639,2997 686,2996 733,2995 781,2995 828,2994 876,2993 923,2993 970,2992 1018,2991 1065,2991 1113,2990 1160,2989 1207,2988 1255,2988 1302,2987 1350,2986"/>
                <TextEquiv>
                    <Unicode>ton, als er jemals gehabt, nahe geht, schleicht</Unicode>
                </TextEquiv>
            </TextLine>
            <TextLine id="r1l76" custom="readingOrder {index:75;}">
                <Coords points="1379,3042 2344,3030 2343,2999 2228,2977 1379,3009"/>
                <Baseline points="1390,3033 1437,3032 1484,3031 1531,3030 1578,3029 1625,3028 1672,3026 1719,3025 1766,3024 1813,3023 1860,3022 1907,3021 1954,3020 2001,3019 2048,3018 2095,3018 2142,3017 2189,3017 2236,3016 2283,3016 2331,3016"/>
                <TextEquiv>
                    <Unicode>ein Fall, wo der Dichter gebeten werden kann,</Unicode>
                </TextEquiv>
            </TextLine>
            <TextLine id="r1l77" custom="readingOrder {index:76;}">
                <Coords points="403,3041 595,3071 782,3039 1364,3049 1363,3001 1279,2988 817,2993 777,3020 403,2998"/>
                <Baseline points="415,3046 461,3045 508,3044 555,3043 602,3042 649,3041 695,3040 742,3040 789,3039 836,3038 883,3037 929,3036 976,3035 1023,3035 1070,3034 1117,3033 1163,3033 1210,3032 1257,3031 1304,3031 1351,3030"/>
                <TextEquiv>
                    <Unicode>Julian Fichtner, der nun ganz Ueberflüssige,</Unicode>
                </TextEquiv>
            </TextLine>
            <TextLine id="r1l78" custom="readingOrder {index:77;}">
                <Coords points="1373,3071 2343,3076 2328,3018 1373,3037"/>
                <Baseline points="1386,3075 1433,3074 1480,3073 1527,3072 1574,3072 1622,3071 1669,3070 1716,3070 1763,3069 1810,3068 1858,3068 1905,3067 1952,3066 1999,3066 2046,3065 2094,3065 2141,3064 2188,3063 2235,3062 2282,3061 2330,3060"/>
                <TextEquiv>
                    <Unicode>noch einmal an die Arbeit zu gehen, das mühsam</Unicode>
                </TextEquiv>
            </TextLine>
            <TextLine id="r1l79" custom="readingOrder {index:78;}">
                <Coords points="400,3096 415,3095 439,3112 472,3097 498,3096 508,3103 515,3096 527,3101 546,3095 551,3100 561,3090 587,3090 586,3066 570,3066 531,3050 474,3049 443,3057 418,3040 399,3041"/>
                <Baseline points="411,3088 438,3086 465,3084 493,3084 520,3083 547,3084 575,3085"/>
                <TextEquiv>
                    <Unicode>davon</Unicode>
                </TextEquiv>
            </TextLine>
            <TextLine id="r1l80" custom="readingOrder {index:79;}">
                <Coords points="1381,3132 2332,3114 2331,3076 2295,3067 1381,3084"/>
                <Baseline points="1393,3117 1439,3117 1485,3117 1532,3116 1578,3116 1624,3115 1671,3115 1717,3114 1763,3113 1810,3112 1856,3111 1902,3110 1949,3109 1995,3109 2041,3108 2088,3107 2134,3106 2180,3105 2227,3104 2273,3104 2320,3103"/>
                <TextEquiv>
                    <Unicode>Firierte frei zu gestalten und mit richtender, ge¬</Unicode>
                </TextEquiv>
            </TextLine>
            <TextLine id="r1l81" custom="readingOrder {index:80;}">
                <Coords points="451,3141 1279,3141 1370,3133 1369,3080 998,3100 799,3069 450,3101"/>
                <Baseline points="463,3135 507,3136 552,3136 597,3136 641,3136 686,3136 731,3136 775,3136 820,3135 865,3134 910,3134 954,3133 999,3132 1044,3131 1088,3130 1133,3129 1178,3128 1222,3127 1267,3125 1312,3125 1357,3123"/>
                <TextEquiv>
                    <Unicode>Ich bin im Zweifel, ob in diesem Referat</Unicode>
                </TextEquiv>
            </TextLine>
            <TextLine id="r1l82" custom="readingOrder {index:81;}">
                <Coords points="1386,3170 2329,3156 2328,3108 2266,3104 1386,3129"/>
                <Baseline points="1397,3160 1443,3160 1489,3160 1535,3160 1581,3159 1627,3159 1673,3158 1719,3158 1765,3157 1811,3156 1857,3156 1903,3155 1949,3154 1995,3153 2041,3152 2087,3151 2133,3150 2179,3149 2225,3147 2271,3145 2317,3144"/>
                <TextEquiv>
                    <Unicode>fühlswahrer Kraft noch einmal seine Menschen</Unicode>
                </TextEquiv>
            </TextLine>
            <TextLine id="r1l83" custom="readingOrder {index:82;}">
                <Coords points="397,3210 610,3179 1352,3182 1371,3134 396,3129"/>
                <Baseline points="409,3181 456,3181 504,3181 551,3181 599,3181 646,3180 694,3180 741,3180 789,3179 836,3179 884,3178 931,3178 979,3177 1026,3176 1074,3176 1121,3175 1169,3174 1216,3173 1264,3172 1311,3171 1359,3169"/>
                <TextEquiv>
                    <Unicode>Ibsensche Züge kenntlich sind. In dem Drama</Unicode>
                </TextEquiv>
            </TextLine>
            <TextLine id="r1l84" custom="readingOrder {index:83;}">
                <Coords points="1378,3222 2338,3216 2337,3154 2141,3145 1378,3172"/>
                <Baseline points="1389,3205 1435,3205 1482,3205 1529,3204 1576,3204 1623,3203 1669,3203 1716,3202 1763,3201 1810,3201 1857,3200 1903,3199 1950,3198 1997,3198 2044,3197 2091,3196 2137,3196 2184,3195 2231,3194 2278,3194 2325,3193"/>
                <TextEquiv>
                    <Unicode>durchzuprüfen, als schon existierende, nicht erst zu</Unicode>
                </TextEquiv>
            </TextLine>
            <TextLine id="r1l85" custom="readingOrder {index:84;}">
                <Coords points="410,3240 1368,3221 1367,3183 1274,3174 410,3195"/>
                <Baseline points="422,3228 468,3227 515,3226 562,3225 608,3225 655,3224 702,3224 748,3223 795,3223 842,3222 889,3221 935,3221 982,3220 1029,3220 1075,3219 1122,3218 1169,3217 1215,3216 1262,3215 1309,3213 1356,3212"/>
                <TextEquiv>
                    <Unicode>sind sie von mancherlei Art. Ibsensch, wenn</Unicode>
                </TextEquiv>
            </TextLine>
            <TextLine id="r1l86" custom="readingOrder {index:85;}">
                <Coords points="1387,3278 1480,3262 1528,3282 1567,3281 1588,3259 1643,3256 1698,3279 1731,3252 1769,3246 1769,3217 1745,3223 1680,3202 1460,3219 1386,3211"/>
                <Baseline points="1398,3252 1423,3251 1449,3251 1475,3250 1500,3249 1526,3248 1552,3247 1578,3245 1603,3245 1629,3244 1655,3244 1680,3244 1706,3245 1732,3246 1758,3248"/>
                <TextEquiv>
                    <Unicode>schaffende Gebilde.</Unicode>
                </TextEquiv>
            </TextLine>
            <TextLine id="r1l87" custom="readingOrder {index:86;}">
                <Coords points="396,3277 1373,3262 1372,3219 1255,3214 395,3232"/>
                <Baseline points="409,3272 456,3271 504,3270 551,3270 599,3269 647,3268 694,3267 742,3266 789,3266 837,3265 885,3264 932,3263 980,3262 1027,3261 1075,3260 1123,3259 1170,3258 1218,3257 1265,3257 1313,3255 1361,3254"/>
                <TextEquiv>
                    <Unicode>auch verschwächlicht, sind die Stellungen der</Unicode>
                </TextEquiv>
            </TextLine>
            <TextLine id="r1l88" custom="readingOrder {index:87;}">
                <Coords points="1945,3285 2069,3298 2169,3280 2225,3304 2309,3298 2308,3236 2255,3224 2219,3244 2169,3228 2112,3243 2097,3228 2025,3227 2011,3213 1975,3228 1944,3216"/>
                <Baseline points="1957,3279 1983,3279 2009,3280 2035,3280 2061,3280 2087,3280 2113,3280 2140,3279 2166,3279 2192,3278 2218,3278 2244,3277 2270,3276 2297,3275"/>
                <TextEquiv>
                    <Unicode>Moritz Heimann.</Unicode>
                </TextEquiv>
            </TextLine>
            <TextLine id="r1l89" custom="readingOrder {index:88;}">
                <Coords points="403,3324 1353,3314 1379,3265 402,3267"/>
                <Baseline points="415,3318 462,3318 510,3318 557,3317 605,3316 653,3315 700,3314 748,3313 796,3312 843,3311 891,3310 939,3308 986,3307 1034,3306 1082,3305 1129,3304 1177,3303 1225,3302 1272,3302 1320,3301 1368,3301"/>
                <TextEquiv>
                    <Unicode>Figuren zu einander; und manches ist Ibsensch</Unicode>
                </TextEquiv>
            </TextLine>
            <TextLine id="r1l90" custom="readingOrder {index:89;}">
                <Coords points="406,3392 1327,3369 1406,3352 1404,3290 404,3335"/>
                <Baseline points="418,3368 466,3367 515,3366 564,3364 613,3363 661,3362 710,3362 759,3361 808,3360 856,3359 905,3358 954,3357 1003,3355 1051,3354 1100,3353 1149,3351 1198,3349 1246,3348 1295,3345 1344,3343 1393,3341"/>
                <TextEquiv>
                    <Unicode>auch in der Behandlung. Johanna sieht Schleier!</Unicode>
                </TextEquiv>
            </TextLine>
            <TextEquiv>
                <Unicode>W
box 23/1
18. Der einsanen

der Kontrast fein, und er liegt eben im Un¬ auf Schleier über Menschen und Dinge sinken,
und diese Schleier flattern noch des öfteren im
problematischen, Balladenhaften des Geschehens.
Verlauf. Herr von Sala denkt an die verschüttete
Ein Herr von Sala gehört zum Wegrathschen
Stadt in Baktrien, die wieder ausgegraben wer¬
Freundeskreis. Auch ein Dilettant wie Fichtner,
den soll; eine Marmortreppe führt in die Tiefe,
aber einer, der nicht klein beigibt, wenn das
dreihundertzwölf Stufen sind bloßgelegt, und er
Alter und der Tod an die Tür klopfen. In das
träumt von der dreihundertdreizehnten; und
kalte, hypnotisierende Licht seiner Seele hat sich
diese dreihundertdreizehnte Stufe schimmert einige
Johanna gestürzt, die, wie sie eben aus der leiden¬
Male in geheimnisvoller Andeutung auf. Bei
schaftlichen Dämmerwelt der Pubertät tritt, sich
Ibsen sind solche Züge populär geworden. Sie
in der Welt der Ordnung und der Bürgerlichkeit
haben bei ihm ciwas Dummes, Hypnotisierendes,
nicht zurechtfindet. Sie ist in den Träumen da¬
kurz: etwas Geniales; sie sind bei Schnitzler
heim, sie glaubt seltsamer Gesichte fähig zu sein.
„Literatur“.
Sie ertränkt sich, da sie weiß, daß Sala ein dem
Und allzu „literarisch“ ist die Haltung des
Tode geweihter Mann ist. Er hat ein Herzleiden,
ganzen Dramas. Diese Menschen leben und
das ihn in einer kurzen, zuverlässig genau fixier¬
sprechen niemals dem Dichter zum Trotz und zur
ten Zeit dahinraffen wird, ehe noch die Expedition
Ueberraschung. Sie führen ihre Gespräche, als
nach Baktrien, der er sich anschließen will, von
ob sie von vornherein wüßten, wo es damit
Genua abgeht. Auch Felix wollte an dieser Ex¬
hinaus soll. Sie sind kleine Künstler, und sie
pedition teilnehmen. s man Johanna sucht,
haben das kleine Mißtrauen gegen die Künstler.
kommt Sala, der auf dem Grunde des Teiches
Nie bricht der Ton gewaltsam aus ihrem Herzen.
ihr Bild wie in einer Vision gesehen zu haben
Sie sind alle weise, und alle ihre Weisheit ist
glaubt, und klärt über sein Verhältnis zu ihr
müde und unjung und ohne Leidenschaft und
auf. „Das zu sagen, hielt ich für durchaus not¬
Vorurteil; selbst die Felirens, der doch erst
wendig,“ sind seine Worte an Felix, „ehe wir am
dreiundzwanzig Jahre alt ist, und im süßen Dieb¬
Ende in den Fall kommen, zusammen in die
stahl der Natur mehr Kraft, als wir an ihm sehen,
Tiefe der Erde hinabzusteigen, oder vielleicht unter
hätte mitbekommen dürfen. Vielleicht hat sich Frau
einem Zelte zu schlafen.“ Felix, nach einer langen
Gabriele geirrt, und Wegrath ist wirklich sein
Pause: „Herr von Sala... wir werden nicht
Vater
unter einem Zelte schlafen.“ „Wie?“ fragt Sala,
und Felix: „So weit geht Ihre Reise nicht mehr.“
Ich sage mit alledem nichts von dem Drama
als ganzer Erscheinung, nichts von dem Duft
Herr von Sala, ungebeugt von der letzten Ge¬
und Hauch, die nach Anna Mahrs Worten über
wißheit, und doch einmal zum wärmeren Gefühl
den Dingen liegen, und das beste sein sollen. Wie,
aufgeschüttelt, wird sich töten, bevor eine Stunde
wenn ich dieses aufsparte, bis das Werk fertig ist?
vergangen ist. Und während Felix dem allein
Es gibt doch nicht nur zweite Auflagen, sondern
gebliebenen Wegrath mit einem innigeren Kindes¬
auch zweite Ausgaben. Und ich glaube, hier ist
ton, als er jemals gehabt, nahe geht, schleicht
ein Fall, wo der Dichter gebeten werden kann,
Julian Fichtner, der nun ganz Ueberflüssige,
noch einmal an die Arbeit zu gehen, das mühsam
davon
Firierte frei zu gestalten und mit richtender, ge¬
Ich bin im Zweifel, ob in diesem Referat
fühlswahrer Kraft noch einmal seine Menschen
Ibsensche Züge kenntlich sind. In dem Drama
durchzuprüfen, als schon existierende, nicht erst zu
sind sie von mancherlei Art. Ibsensch, wenn
schaffende Gebilde.
auch verschwächlicht, sind die Stellungen der
Moritz Heimann.
Figuren zu einander; und manches ist Ibsensch
auch in der Behandlung. Johanna sieht Schleier!</Unicode>
            </TextEquiv>
        </TextRegion>
        <TextRegion orientation="0.0" id="r2" custom="readingOrder {index:1;}">
            <Coords points="2327,1316 2327,3342 3323,3342 3323,1316"/>
            <TextLine id="r2l1" custom="readingOrder {index:0;}">
                <Coords points="3125,1358 3153,1363 3168,1352 3182,1362 3196,1352 3206,1355 3220,1348 3242,1356 3283,1354 3284,1282 3243,1291 3234,1281 3217,1276 3193,1280 3186,1287 3176,1280 3147,1289 3126,1284"/>
                <Baseline points="3137,1336 3163,1336 3190,1336 3216,1337 3243,1337 3270,1339"/>
                <TextEquiv>
                    <Unicode></Unicode>
                </TextEquiv>
            </TextLine>
            <TextLine id="r2l2" custom="readingOrder {index:1;}">
                <Coords points="2855,1356 2888,1360 2910,1350 2931,1350 2944,1362 2960,1352 2972,1352 2972,1306 2948,1312 2926,1309 2919,1314 2912,1307 2907,1312 2900,1307 2895,1312 2883,1312 2876,1305 2869,1312 2854,1312"/>
                <Baseline points="2866,1340 2897,1339 2928,1340 2960,1338"/>
                <TextEquiv>
                    <Unicode>—</Unicode>
                </TextEquiv>
            </TextLine>
            <TextLine id="r2l3" custom="readingOrder {index:2;}">
                <Coords points="2411,1365 2443,1376 2500,1360 2558,1369 2581,1358 2730,1362 2728,1295 2662,1318 2637,1304 2595,1320 2558,1302 2525,1312 2491,1298 2463,1321 2410,1305"/>
                <Baseline points="2422,1350 2448,1350 2475,1349 2502,1349 2529,1348 2556,1347 2582,1346 2609,1346 2636,1345 2663,1344 2690,1344 2717,1344"/>
                <TextEquiv>
                    <Unicode>Et</Unicode>
                </TextEquiv>
            </TextLine>
            <TextLine id="r2l4" custom="readingOrder {index:3;}">
                <Coords points="2342,1402 3257,1407 3326,1394 3325,1353 2341,1373"/>
                <Baseline points="2355,1410 2405,1407 2455,1405 2506,1403 2556,1401 2607,1399 2657,1398 2708,1397 2758,1396 2809,1395 2859,1395 2910,1395 2960,1394 3011,1394 3061,1394 3112,1393 3162,1393 3213,1393 3263,1392 3314,1392"/>
                <TextEquiv>
                    <Unicode>nw Jantsch=Theater. Das war gestern eint</Unicode>
                </TextEquiv>
            </TextLine>
            <TextLine id="r2l5" custom="readingOrder {index:4;}">
                <Coords points="2317,1467 3332,1448 3317,1393 2316,1405"/>
                <Baseline points="2329,1457 2378,1455 2428,1453 2477,1451 2527,1449 2576,1448 2626,1446 2675,1445 2725,1444 2774,1443 2824,1442 2874,1441 2923,1440 2973,1439 3022,1438 3072,1438 3121,1437 3171,1437 3220,1436 3270,1436 3320,1435"/>
                <TextEquiv>
                    <Unicode>großer Erfolg auf der kleinen Bühne des Jantsch= d</Unicode>
                </TextEquiv>
            </TextLine>
            <TextLine id="r2l6" custom="readingOrder {index:5;}">
                <Coords points="2317,1512 3260,1495 3283,1442 2316,1469"/>
                <Baseline points="2329,1497 2376,1496 2423,1496 2470,1495 2517,1494 2564,1493 2611,1492 2658,1491 2705,1490 2752,1488 2800,1487 2847,1486 2894,1485 2941,1484 2988,1483 3035,1482 3082,1481 3129,1481 3176,1481 3223,1481 3271,1481"/>
                <TextEquiv>
                    <Unicode>Theaters. Man gab ein Wiener Volksstück: „Ein</Unicode>
                </TextEquiv>
            </TextLine>
            <TextLine id="r2l7" custom="readingOrder {index:6;}">
                <Coords points="2327,1545 3313,1534 3312,1486 2326,1504"/>
                <Baseline points="2339,1539 2387,1538 2435,1538 2483,1537 2531,1536 2579,1535 2627,1534 2675,1533 2723,1532 2771,1531 2820,1530 2868,1529 2916,1528 2964,1527 3012,1526 3060,1526 3108,1525 3156,1524 3204,1524 3252,1523 3301,1523"/>
                <TextEquiv>
                    <Unicode>armes Hascherl“ von Karl Zimmermannlg</Unicode>
                </TextEquiv>
            </TextLine>
            <TextLine id="r2l8" custom="readingOrder {index:7;}">
                <Coords points="2316,1587 3259,1579 3288,1571 3287,1519 2315,1549"/>
                <Baseline points="2327,1583 2374,1582 2421,1581 2469,1580 2516,1579 2564,1578 2611,1577 2658,1576 2706,1575 2753,1574 2801,1573 2848,1572 2895,1572 2943,1571 2990,1570 3038,1569 3085,1568 3132,1568 3180,1567 3227,1566 3275,1565"/>
                <TextEquiv>
                    <Unicode>Der Sohn eines bürgerlichen Tapezierermeisters</Unicode>
                </TextEquiv>
            </TextLine>
            <TextLine id="r2l9" custom="readingOrder {index:8;}">
                <Coords points="2321,1629 3272,1628 3285,1573 2320,1589"/>
                <Baseline points="2333,1629 2380,1627 2427,1626 2474,1624 2521,1623 2568,1621 2615,1620 2662,1618 2709,1617 2756,1616 2803,1615 2850,1614 2897,1613 2944,1612 2991,1611 3038,1611 3085,1610 3132,1610 3179,1610 3226,1610 3274,1610"/>
                <TextEquiv>
                    <Unicode>heiratet gegen den Willen seiner Eltern ein</Unicode>
                </TextEquiv>
            </TextLine>
            <TextLine id="r2l10" custom="readingOrder {index:9;}">
                <Coords points="2327,1677 3282,1659 3281,1613 3200,1610 2326,1631"/>
                <Baseline points="2339,1671 2385,1670 2432,1669 2478,1668 2525,1667 2572,1665 2618,1664 2665,1663 2711,1662 2758,1661 2805,1659 2851,1658 2898,1657 2944,1656 2991,1655 3038,1655 3084,1654 3131,1654 3177,1653 3224,1653 3271,1653"/>
                <TextEquiv>
                    <Unicode>Mädchen unter seinem Stande. Sie ist die</Unicode>
                </TextEquiv>
            </TextLine>
            <TextLine id="r2l11" custom="readingOrder {index:10;}">
                <Coords points="2316,1708 3233,1705 3297,1680 3297,1640 3228,1665 2316,1682"/>
                <Baseline points="2329,1713 2376,1712 2424,1711 2472,1710 2520,1709 2568,1708 2616,1707 2663,1706 2711,1705 2759,1705 2807,1704 2855,1703 2903,1702 2951,1701 2998,1701 3046,1700 3094,1700 3142,1699 3190,1699 3238,1698 3286,1698"/>
                <TextEquiv>
                    <Unicode>Adoptivtochter einer kleinen Kaffeesiederin. Das</Unicode>
                </TextEquiv>
            </TextLine>
            <TextLine id="r2l12" custom="readingOrder {index:11;}">
                <Coords points="2320,1751 3270,1752 3286,1687 2319,1708"/>
                <Baseline points="2332,1755 2379,1755 2426,1754 2473,1754 2520,1753 2567,1752 2614,1752 2661,1751 2708,1749 2755,1748 2803,1747 2850,1746 2897,1745 2944,1744 2991,1743 3038,1742 3085,1741 3132,1741 3179,1740 3226,1740 3274,1740"/>
                <TextEquiv>
                    <Unicode>Bedienen im Kaffeehaus, das Freundlichseinsollen</Unicode>
                </TextEquiv>
            </TextLine>
            <TextLine id="r2l13" custom="readingOrder {index:12;}">
                <Coords points="2328,1811 3295,1784 3215,1745 2327,1765"/>
                <Baseline points="2339,1799 2386,1799 2433,1798 2480,1798 2528,1797 2575,1796 2622,1794 2669,1793 2717,1792 2764,1791 2811,1790 2858,1788 2906,1787 2953,1786 3000,1785 3047,1784 3095,1784 3142,1783 3189,1783 3236,1784 3284,1784"/>
                <TextEquiv>
                    <Unicode>mit den Gästen wird ihr zur Hölle. Aus diesem</Unicode>
                </TextEquiv>
            </TextLine>
            <TextLine id="r2l14" custom="readingOrder {index:13;}">
                <Coords points="2328,1847 3259,1840 3289,1787 2327,1808"/>
                <Baseline points="2340,1840 2386,1840 2433,1840 2480,1840 2527,1840 2574,1839 2621,1839 2668,1838 2715,1837 2762,1836 2809,1835 2855,1834 2902,1833 2949,1832 2996,1831 3043,1830 3090,1829 3137,1828 3184,1828 3231,1827 3278,1826"/>
                <TextEquiv>
                    <Unicode>Schmutz, von dem sie bisher zwar unberührt ge¬</Unicode>
                </TextEquiv>
            </TextLine>
            <TextLine id="r2l15" custom="readingOrder {index:14;}">
                <Coords points="2320,1879 2435,1903 3304,1891 3302,1819 2319,1850"/>
                <Baseline points="2331,1885 2379,1885 2427,1884 2475,1884 2523,1883 2571,1883 2619,1882 2667,1881 2715,1880 2763,1879 2811,1878 2859,1877 2907,1876 2955,1875 3003,1874 3051,1873 3099,1872 3147,1871 3195,1870 3243,1869 3292,1868"/>
                <TextEquiv>
                    <Unicode>blieben ist, nimmt er sie heraus. Aber die Ehe</Unicode>
                </TextEquiv>
            </TextLine>
            <TextLine id="r2l16" custom="readingOrder {index:15;}">
                <Coords points="2323,1944 3049,1933 3079,1904 3298,1936 3297,1881 3249,1877 2323,1889"/>
                <Baseline points="2336,1930 2383,1929 2430,1928 2478,1927 2525,1926 2573,1925 2620,1924 2668,1923 2715,1922 2763,1922 2810,1921 2857,1921 2905,1920 2952,1920 3000,1919 3047,1918 3095,1918 3142,1917 3190,1916 3237,1915 3285,1914"/>
                <TextEquiv>
                    <Unicode>wird unglücklich. Der sehnsüchtig erwartete</Unicode>
                </TextEquiv>
            </TextLine>
            <TextLine id="r2l17" custom="readingOrder {index:16;}">
                <Coords points="2330,1977 3194,1980 3299,1954 3298,1916 3078,1912 2329,1938"/>
                <Baseline points="2342,1971 2389,1971 2436,1971 2483,1971 2531,1970 2578,1970 2625,1969 2673,1968 2720,1967 2767,1966 2815,1965 2862,1964 2909,1964 2956,1962 3004,1962 3051,1961 3098,1960 3146,1960 3193,1959 3240,1959 3288,1959"/>
                <TextEquiv>
                    <Unicode>Kindersegen bleibt aus, die Feindschaft mit den</Unicode>
                </TextEquiv>
            </TextLine>
            <TextLine id="r2l18" custom="readingOrder {index:17;}">
                <Coords points="2333,2024 3207,2012 3290,2007 3290,1968 2332,1977"/>
                <Baseline points="2344,2012 2390,2012 2437,2012 2484,2012 2530,2012 2577,2012 2624,2011 2670,2011 2717,2010 2764,2010 2811,2009 2857,2008 2904,2007 2951,2006 2997,2006 3044,2005 3091,2004 3137,2003 3184,2002 3231,2001 3278,2000"/>
                <TextEquiv>
                    <Unicode>Eltern verbittert ihn — er wird zum Säufer und</Unicode>
                </TextEquiv>
            </TextLine>
            <TextLine id="r2l19" custom="readingOrder {index:18;}">
                <Coords points="2323,2069 2744,2044 3144,2066 3292,2044 3292,2009 2322,2026"/>
                <Baseline points="2335,2059 2382,2058 2429,2057 2476,2056 2524,2055 2571,2055 2618,2054 2665,2053 2713,2053 2760,2053 2807,2052 2854,2052 2902,2052 2949,2051 2996,2050 3043,2050 3091,2049 3138,2048 3185,2047 3232,2045 3280,2044"/>
                <TextEquiv>
                    <Unicode>prügelt seine Frau. Einmal weiß sie sich nicht</Unicode>
                </TextEquiv>
            </TextLine>
            <TextLine id="r2l20" custom="readingOrder {index:19;}">
                <Coords points="2338,2106 3284,2099 3322,2091 3322,2048 2338,2071"/>
                <Baseline points="2350,2103 2398,2102 2446,2101 2494,2100 2542,2100 2590,2099 2638,2099 2686,2098 2734,2098 2782,2097 2830,2096 2878,2096 2926,2095 2974,2094 3022,2094 3070,2093 3118,2092 3166,2092 3214,2091 3262,2090 3310,2089"/>
                <TextEquiv>
                    <Unicode>mehr zu helfen, und wie er sich wieder auf sie</Unicode>
                </TextEquiv>
            </TextLine>
            <TextLine id="r2l21" custom="readingOrder {index:20;}">
                <Coords points="2326,2153 3255,2136 3301,2164 3300,2095 3225,2087 2325,2102"/>
                <Baseline points="2339,2145 2386,2145 2433,2146 2481,2146 2528,2146 2576,2146 2623,2145 2671,2145 2718,2144 2766,2143 2813,2142 2860,2140 2908,2139 2955,2138 3003,2137 3050,2136 3098,2135 3145,2134 3193,2133 3240,2132 3288,2132"/>
                <TextEquiv>
                    <Unicode>stürzt, sagt sie ihm, daß sie sich Mutter fühle.</Unicode>
                </TextEquiv>
            </TextLine>
            <TextLine id="r2l22" custom="readingOrder {index:21;}">
                <Coords points="2334,2196 3306,2184 3305,2143 3240,2135 2333,2148"/>
                <Baseline points="2346,2187 2393,2187 2440,2188 2488,2188 2535,2188 2582,2188 2630,2187 2677,2186 2724,2186 2772,2185 2819,2184 2866,2183 2914,2181 2961,2180 3008,2179 3056,2178 3103,2177 3150,2176 3198,2175 3245,2174 3293,2174"/>
                <TextEquiv>
                    <Unicode>Von dem Moment wird er wieder ein arbeit¬</Unicode>
                </TextEquiv>
            </TextLine>
            <TextLine id="r2l23" custom="readingOrder {index:22;}">
                <Coords points="2336,2249 3202,2213 3282,2236 3298,2183 2335,2197"/>
                <Baseline points="2349,2235 2395,2234 2442,2233 2489,2232 2536,2230 2583,2229 2630,2228 2677,2227 2724,2226 2771,2225 2818,2225 2864,2224 2911,2223 2958,2222 3005,2222 3052,2221 3099,2221 3146,2220 3193,2220 3240,2220 3287,2220"/>
                <TextEquiv>
                    <Unicode>samer Mensch, aber sie wird zermalmt von der</Unicode>
                </TextEquiv>
            </TextLine>
            <TextLine id="r2l24" custom="readingOrder {index:23;}">
                <Coords points="2326,2284 3296,2279 3295,2226 2325,2239"/>
                <Baseline points="2339,2281 2386,2279 2433,2278 2480,2276 2527,2275 2575,2273 2622,2272 2669,2271 2716,2270 2763,2269 2811,2269 2858,2268 2905,2267 2952,2266 2999,2266 3047,2265 3094,2265 3141,2264 3188,2264 3235,2263 3283,2262"/>
                <TextEquiv>
                    <Unicode>großen Lüge, die ihn wieder auf den rechten Weg</Unicode>
                </TextEquiv>
            </TextLine>
            <TextLine id="r2l25" custom="readingOrder {index:24;}">
                <Coords points="2333,2328 3259,2318 3290,2313 3290,2270 2332,2280"/>
                <Baseline points="2345,2323 2391,2321 2438,2320 2485,2318 2531,2317 2578,2316 2625,2315 2671,2314 2718,2314 2765,2313 2812,2312 2858,2312 2905,2311 2952,2311 2998,2310 3045,2310 3092,2309 3138,2308 3185,2308 3232,2307 3279,2305"/>
                <TextEquiv>
                    <Unicode>gebracht hat, und geht in die Donau. Der Schluß</Unicode>
                </TextEquiv>
            </TextLine>
            <TextLine id="r2l26" custom="readingOrder {index:25;}">
                <Coords points="2506,2341 2521,2342 2523,2340 2534,2351 2537,2349 2549,2350 2552,2322 2538,2320 2525,2306 2510,2305"/>
                <Baseline points="2518,2342 2538,2344"/>
                <TextEquiv>
                    <Unicode>6#</Unicode>
                </TextEquiv>
            </TextLine>
            <TextLine id="r2l27" custom="readingOrder {index:26;}">
                <Coords points="2332,2365 3297,2351 3296,2308 2332,2329"/>
                <Baseline points="2343,2366 2390,2364 2437,2362 2484,2360 2531,2359 2578,2357 2625,2356 2672,2355 2719,2354 2766,2354 2813,2353 2860,2353 2907,2353 2954,2352 3001,2352 3048,2352 3095,2352 3142,2351 3189,2351 3236,2350 3284,2350"/>
                <TextEquiv>
                    <Unicode>ist versöhnlich. Der unversöhnliche Vater kommt</Unicode>
                </TextEquiv>
            </TextLine>
            <TextLine id="r2l28" custom="readingOrder {index:27;}">
                <Coords points="2332,2412 3280,2410 3304,2376 3135,2351 2331,2364"/>
                <Baseline points="2343,2407 2390,2406 2437,2406 2485,2406 2532,2405 2580,2404 2627,2403 2674,2403 2722,2401 2769,2401 2817,2399 2864,2398 2911,2397 2959,2396 3006,2395 3054,2394 3101,2393 3148,2392 3196,2391 3243,2390 3291,2390"/>
                <TextEquiv>
                    <Unicode>dazu, wie sie sich ins Wasser stürzt und rettet dem</Unicode>
                </TextEquiv>
            </TextLine>
            <TextLine id="r2l29" custom="readingOrder {index:28;}">
                <Coords points="2333,2448 3283,2448 3297,2400 2332,2421"/>
                <Baseline points="2346,2449 2393,2448 2440,2448 2487,2447 2534,2446 2581,2445 2628,2445 2675,2444 2722,2443 2769,2442 2816,2441 2863,2441 2910,2440 2957,2439 3004,2438 3051,2437 3098,2436 3145,2436 3192,2435 3239,2434 3286,2433"/>
                <TextEquiv>
                    <Unicode>Sohne die Frau. — Die Schauspieler wurden</Unicode>
                </TextEquiv>
            </TextLine>
            <TextLine id="r2l30" custom="readingOrder {index:29;}">
                <Coords points="2326,2505 3300,2497 3300,2444 2325,2452"/>
                <Baseline points="2337,2494 2384,2493 2432,2491 2479,2490 2527,2489 2575,2488 2622,2488 2670,2487 2717,2487 2765,2486 2813,2486 2860,2486 2908,2485 2955,2485 3003,2484 3051,2484 3098,2483 3146,2482 3193,2481 3241,2480 3289,2478"/>
                <TextEquiv>
                    <Unicode>dem Stück, das aus dem Leben spricht, nur zum</Unicode>
                </TextEquiv>
            </TextLine>
            <TextLine id="r2l31" custom="readingOrder {index:30;}">
                <Coords points="2344,2539 3263,2536 3299,2528 3298,2483 2343,2498"/>
                <Baseline points="2356,2536 2402,2536 2449,2536 2495,2535 2542,2534 2588,2534 2635,2533 2681,2532 2728,2532 2774,2531 2821,2530 2868,2529 2914,2528 2961,2527 3007,2526 3054,2525 3100,2524 3147,2522 3193,2522 3240,2520 3287,2519"/>
                <TextEquiv>
                    <Unicode>Teil gerecht. Vortrefflich war Fräulein Viera,</Unicode>
                </TextEquiv>
            </TextLine>
            <TextLine id="r2l32" custom="readingOrder {index:31;}">
                <Coords points="2347,2585 2818,2588 2926,2560 3285,2581 3298,2528 2346,2540"/>
                <Baseline points="2358,2582 2404,2581 2450,2580 2497,2579 2543,2578 2590,2577 2636,2576 2682,2575 2729,2574 2775,2573 2822,2572 2868,2571 2914,2570 2961,2569 3007,2568 3054,2568 3100,2567 3146,2566 3193,2566 3239,2565 3286,2564"/>
                <TextEquiv>
                    <Unicode>die einmal eine Rolle hatte, in der sie zeigen</Unicode>
                </TextEquiv>
            </TextLine>
            <TextLine id="r2l33" custom="readingOrder {index:32;}">
                <Coords points="2330,2620 2472,2643 3302,2601 3301,2567 3153,2563 2329,2588"/>
                <Baseline points="2342,2625 2389,2624 2436,2624 2484,2623 2531,2622 2578,2621 2626,2620 2673,2619 2720,2618 2768,2617 2815,2616 2862,2615 2910,2615 2957,2613 3004,2612 3052,2612 3099,2611 3146,2610 3194,2609 3241,2608 3289,2607"/>
                <TextEquiv>
                    <Unicode>konnte, was in ihr liegt. Herr Fischer als alter</Unicode>
                </TextEquiv>
            </TextLine>
            <TextLine id="r2l34" custom="readingOrder {index:33;}">
                <Coords points="2323,2665 3305,2648 3304,2602 2806,2633 2322,2617"/>
                <Baseline points="2335,2667 2382,2666 2430,2666 2478,2665 2526,2664 2574,2663 2622,2662 2669,2661 2717,2660 2765,2659 2813,2658 2861,2658 2909,2657 2957,2656 3004,2655 3052,2654 3100,2653 3148,2653 3196,2652 3244,2652 3292,2652"/>
                <TextEquiv>
                    <Unicode>Vater und Fräulein Walla als Mutter waren</Unicode>
                </TextEquiv>
            </TextLine>
            <TextLine id="r2l35" custom="readingOrder {index:34;}">
                <Coords points="2335,2724 3299,2697 3298,2659 3238,2653 2334,2678"/>
                <Baseline points="2347,2714 2394,2713 2441,2712 2488,2710 2535,2709 2582,2708 2629,2707 2676,2705 2723,2704 2770,2704 2817,2702 2864,2701 2911,2700 2958,2699 3005,2698 3052,2697 3099,2697 3146,2695 3193,2695 3240,2693 3287,2692"/>
                <TextEquiv>
                    <Unicode>gut. Genannt sei noch Fräulein Birkner, die</Unicode>
                </TextEquiv>
            </TextLine>
            <TextLine id="r2l36" custom="readingOrder {index:35;}">
                <Coords points="2337,2752 2772,2745 2928,2774 2969,2742 3302,2752 3303,2696 2336,2721"/>
                <Baseline points="2348,2754 2395,2753 2442,2752 2489,2751 2536,2751 2583,2750 2630,2749 2678,2748 2725,2747 2772,2747 2819,2746 2866,2745 2913,2744 2960,2744 3008,2743 3055,2742 3102,2742 3149,2741 3196,2740 3243,2740 3291,2739"/>
                <TextEquiv>
                    <Unicode>Kaffeesiederin, die, so schlecht sie im Anfang war,</Unicode>
                </TextEquiv>
            </TextLine>
            <TextLine id="r2l37" custom="readingOrder {index:36;}">
                <Coords points="2336,2798 2978,2801 3068,2768 3315,2805 3314,2741 2335,2753"/>
                <Baseline points="2347,2799 2394,2798 2442,2797 2490,2796 2538,2795 2586,2794 2633,2794 2681,2793 2729,2792 2777,2791 2825,2790 2872,2789 2920,2788 2968,2787 3016,2785 3064,2784 3111,2783 3159,2782 3207,2780 3255,2779 3303,2777"/>
                <TextEquiv>
                    <Unicode>so gut zum Schlusse spielte. Herr Robert</Unicode>
                </TextEquiv>
            </TextLine>
            <TextLine id="r2l38" custom="readingOrder {index:37;}">
                <Coords points="2342,2854 3230,2827 3314,2855 3313,2769 3179,2792 3066,2768 2933,2804 2342,2799"/>
                <Baseline points="2353,2837 2400,2838 2447,2838 2495,2838 2542,2837 2590,2837 2637,2836 2684,2835 2732,2834 2779,2834 2827,2832 2874,2831 2921,2831 2969,2829 3016,2829 3064,2828 3111,2827 3158,2826 3206,2826 3253,2825 3301,2825"/>
                <TextEquiv>
                    <Unicode>war vollkommen unzulänglich. Leider dürfte dem</Unicode>
                </TextEquiv>
            </TextLine>
            <TextLine id="r2l39" custom="readingOrder {index:38;}">
                <Coords points="2345,2890 3300,2872 3299,2836 3232,2828 2344,2854"/>
                <Baseline points="2357,2886 2403,2885 2450,2883 2496,2881 2543,2880 2590,2879 2636,2878 2683,2877 2729,2877 2776,2876 2823,2875 2869,2875 2916,2874 2962,2874 3009,2873 3056,2872 3102,2872 3149,2871 3195,2871 3242,2870 3289,2869"/>
                <TextEquiv>
                    <Unicode>guten Stück des Arbeiters Zimmermann auf der</Unicode>
                </TextEquiv>
            </TextLine>
            <TextLine id="r2l40" custom="readingOrder {index:39;}">
                <Coords points="2340,2930 2745,2954 3312,2913 3311,2855 3043,2889 2340,2895"/>
                <Baseline points="2353,2927 2400,2927 2447,2926 2495,2926 2542,2926 2589,2925 2637,2925 2684,2924 2731,2924 2779,2923 2826,2922 2873,2922 2921,2921 2968,2920 3015,2918 3063,2917 3110,2916 3157,2914 3205,2913 3252,2910 3300,2908"/>
                <TextEquiv>
                    <Unicode>Jautsch=Theaterbühne kein allzulanges Leben be¬</Unicode>
                </TextEquiv>
            </TextLine>
            <TextLine id="r2l41" custom="readingOrder {index:40;}">
                <Coords points="2337,2987 2368,3001 2380,2989 2511,2971 2523,2980 2562,2972 2600,2979 2636,2973 2635,2944 2551,2927 2393,2931 2381,2941 2335,2932"/>
                <Baseline points="2349,2973 2376,2971 2403,2970 2431,2969 2458,2967 2486,2967 2513,2967 2540,2967 2568,2966 2595,2966 2623,2965"/>
                <TextEquiv>
                    <Unicode>schieden sein.</Unicode>
                </TextEquiv>
            </TextLine>
            <TextLine id="r2l42" custom="readingOrder {index:41;}">
                <Coords points="2390,3026 3302,3010 3301,2955 3176,2936 3091,2964 2667,2948 2586,2981 2390,2987"/>
                <Baseline points="2402,3015 2446,3015 2490,3016 2535,3016 2579,3016 2623,3016 2668,3015 2712,3014 2756,3013 2801,3012 2845,3011 2889,3010 2934,3008 2978,3007 3022,3006 3067,3005 3111,3004 3155,3003 3200,3003 3244,3002 3289,3002"/>
                <TextEquiv>
                    <Unicode>rsp Grünfeld=Konzert. Alfred Grünfeld,</Unicode>
                </TextEquiv>
            </TextLine>
            <TextLine id="r2l43" custom="readingOrder {index:42;}">
                <Coords points="2345,3066 3312,3052 3311,3000 2426,3036 2344,2999"/>
                <Baseline points="2358,3062 2405,3061 2452,3060 2499,3060 2546,3059 2593,3059 2640,3059 2687,3058 2734,3058 2781,3057 2828,3057 2875,3056 2922,3056 2969,3055 3016,3054 3063,3053 3110,3052 3157,3051 3204,3049 3251,3048 3299,3046"/>
                <TextEquiv>
                    <Unicode>der Troubadour am Flügel und der charmanteste</Unicode>
                </TextEquiv>
            </TextLine>
            <TextLine id="r2l44" custom="readingOrder {index:43;}">
                <Coords points="2350,3117 3321,3108 3320,3033 3256,3059 2349,3067"/>
                <Baseline points="2362,3102 2409,3103 2456,3104 2503,3104 2551,3105 2598,3104 2645,3104 2693,3104 2740,3103 2787,3102 2835,3101 2882,3100 2929,3099 2976,3097 3024,3095 3071,3094 3118,3092 3166,3091 3213,3089 3260,3088 3308,3087"/>
                <TextEquiv>
                    <Unicode>Spender galanter musikalischer Süßigkeiten, hat</Unicode>
                </TextEquiv>
            </TextLine>
            <TextLine id="r2l45" custom="readingOrder {index:44;}">
                <Coords points="2351,3155 3246,3147 3306,3138 3305,3097 2350,3116"/>
                <Baseline points="2362,3150 2408,3149 2455,3149 2501,3148 2548,3147 2594,3147 2641,3146 2687,3146 2734,3145 2780,3144 2827,3143 2874,3143 2920,3142 2967,3140 3013,3139 3060,3138 3106,3137 3153,3136 3199,3134 3246,3132 3293,3130"/>
                <TextEquiv>
                    <Unicode>am Donnerstag abends mehr als zwei Stunden</Unicode>
                </TextEquiv>
            </TextLine>
            <TextLine id="r2l46" custom="readingOrder {index:45;}">
                <Coords points="2353,3198 3306,3178 3291,3137 2352,3155"/>
                <Baseline points="2365,3193 2411,3192 2457,3191 2504,3190 2550,3189 2597,3188 2643,3188 2689,3187 2736,3186 2782,3186 2829,3186 2875,3185 2921,3185 2968,3184 3014,3183 3061,3182 3107,3181 3153,3180 3200,3178 3246,3177 3293,3175"/>
                <TextEquiv>
                    <Unicode>lang Klavier geplaudert. Man weiß, wie bestrickend</Unicode>
                </TextEquiv>
            </TextLine>
            <TextLine id="r2l47" custom="readingOrder {index:46;}">
                <Coords points="2349,3242 2938,3221 3197,3245 3309,3235 3308,3182 2348,3197"/>
                <Baseline points="2360,3237 2406,3236 2453,3235 2500,3234 2547,3233 2594,3232 2640,3232 2687,3231 2734,3230 2781,3229 2828,3228 2874,3227 2921,3226 2968,3225 3015,3224 3062,3223 3108,3222 3155,3221 3202,3220 3249,3219 3296,3218"/>
                <TextEquiv>
                    <Unicode>er das zu tun vermag, und das absolut Echte</Unicode>
                </TextEquiv>
            </TextLine>
            <TextLine id="r2l48" custom="readingOrder {index:47;}">
                <Coords points="2341,3313 2913,3268 3325,3292 3323,3206 3130,3244 2340,3246"/>
                <Baseline points="2353,3286 2401,3285 2449,3284 2497,3284 2545,3283 2593,3281 2641,3280 2689,3279 2737,3278 2785,3277 2833,3276 2881,3274 2929,3273 2977,3272 3025,3271 3073,3270 3121,3268 3169,3268 3217,3267 3265,3266 3313,3265"/>
                <TextEquiv>
                    <Unicode>seiner spezifisch pianistischen Begabung, zu dem</Unicode>
                </TextEquiv>
            </TextLine>
            <TextLine id="r2l49" custom="readingOrder {index:48;}">
                <Coords points="2940,3304 2961,3304 2964,3301 2974,3305 2978,3299 2995,3302 3008,3286 3020,3287 3025,3292 3039,3290 3038,3273 3026,3275 3010,3267 2999,3273 2979,3270 2973,3278 2960,3272 2937,3278"/>
                <Baseline points="2952,3298 2977,3297 3002,3296 3028,3288"/>
                <TextEquiv>
                    <Unicode>chtf“</Unicode>
                </TextEquiv>
            </TextLine>
            <TextLine id="r2l50" custom="readingOrder {index:49;}">
                <Coords points="2341,3357 3336,3327 3335,3291 3194,3267 2991,3294 2490,3280 2340,3312"/>
                <Baseline points="2352,3332 2400,3330 2449,3328 2497,3327 2546,3325 2594,3324 2643,3323 2691,3322 2740,3321 2788,3320 2837,3319 2886,3319 2934,3318 2983,3318 3031,3317 3080,3317 3128,3316 3177,3316 3225,3316 3274,3315 3323,3315"/>
                <TextEquiv>
                    <Unicode>noch ein reizender Einschlag leigututigen Wiener¬</Unicode>
                </TextEquiv>
            </TextLine>
            <TextEquiv>
                <Unicode>
—
Et
nw Jantsch=Theater. Das war gestern eint
großer Erfolg auf der kleinen Bühne des Jantsch= d
Theaters. Man gab ein Wiener Volksstück: „Ein
armes Hascherl“ von Karl Zimmermannlg
Der Sohn eines bürgerlichen Tapezierermeisters
heiratet gegen den Willen seiner Eltern ein
Mädchen unter seinem Stande. Sie ist die
Adoptivtochter einer kleinen Kaffeesiederin. Das
Bedienen im Kaffeehaus, das Freundlichseinsollen
mit den Gästen wird ihr zur Hölle. Aus diesem
Schmutz, von dem sie bisher zwar unberührt ge¬
blieben ist, nimmt er sie heraus. Aber die Ehe
wird unglücklich. Der sehnsüchtig erwartete
Kindersegen bleibt aus, die Feindschaft mit den
Eltern verbittert ihn — er wird zum Säufer und
prügelt seine Frau. Einmal weiß sie sich nicht
mehr zu helfen, und wie er sich wieder auf sie
stürzt, sagt sie ihm, daß sie sich Mutter fühle.
Von dem Moment wird er wieder ein arbeit¬
samer Mensch, aber sie wird zermalmt von der
großen Lüge, die ihn wieder auf den rechten Weg
gebracht hat, und geht in die Donau. Der Schluß
6#
ist versöhnlich. Der unversöhnliche Vater kommt
dazu, wie sie sich ins Wasser stürzt und rettet dem
Sohne die Frau. — Die Schauspieler wurden
dem Stück, das aus dem Leben spricht, nur zum
Teil gerecht. Vortrefflich war Fräulein Viera,
die einmal eine Rolle hatte, in der sie zeigen
konnte, was in ihr liegt. Herr Fischer als alter
Vater und Fräulein Walla als Mutter waren
gut. Genannt sei noch Fräulein Birkner, die
Kaffeesiederin, die, so schlecht sie im Anfang war,
so gut zum Schlusse spielte. Herr Robert
war vollkommen unzulänglich. Leider dürfte dem
guten Stück des Arbeiters Zimmermann auf der
Jautsch=Theaterbühne kein allzulanges Leben be¬
schieden sein.
rsp Grünfeld=Konzert. Alfred Grünfeld,
der Troubadour am Flügel und der charmanteste
Spender galanter musikalischer Süßigkeiten, hat
am Donnerstag abends mehr als zwei Stunden
lang Klavier geplaudert. Man weiß, wie bestrickend
er das zu tun vermag, und das absolut Echte
seiner spezifisch pianistischen Begabung, zu dem
chtf“
noch ein reizender Einschlag leigututigen Wiener¬</Unicode>
            </TextEquiv>
        </TextRegion>
    </Page>
</PcGts>
