3436 4320
1437 284 1889 363 box 23/5
296 283 1294 367 18. Der einsane Ven
1171 1414 1355 1493 — —
741 1482 1663 1555 Münchener Neueste Nachrichten
1164 1776 1764 1863 Der einsame Weg
1120 1858 1791 1926 Schauspiel von Arthur Schnitzler
1092 1905 1857 1982 Erste Aufführung im Schäuspterballe
1048 1952 1911 2011 Jeder geht ihn auf seine Weise, ##en letzten
1021 2016 1913 2063 Schicksalsweg ins Dunkle. Der Schriftsteller
1004 2043 1917 2103 und gewesene Offizier Stephan von Sala will
1009 2088 1929 2144 ihn bewußt gehen, unbetrogen um die letzten
1018 2137 1918 2184 Gefühle; und er geht ihn schließlich freiwillig,
1021 2175 1919 2219 indem er mannhaft zugleich die Schuld zahlt, die
1020 2206 1918 2263 in reisem Mannesalter über ihn kam; die un¬
1012 2242 1928 2307 gewollte Schuld am Tode der jungen, schwär¬
1011 2296 1917 2334 merischen Johanna, die als Elfe auf Mond¬
1097 2324 1922 2375 inwiesen tanzt und sich in ein früheres Leben
1104 2373 1921 2419 ückträumt, da sie noch eine Prinzessin war.
1082 2406 1916 2458 eliebt die abenteuerlichen, durchs Leben irren¬
1016 2447 1918 2492 den Menschen, und sie wählt allzu früh den ein¬
1029 2485 1922 2533 samen Weg aus dem enttäuschten Leben, getrie¬
1017 2524 1931 2584 ben und schwebend getragen von der ersten
1020 2570 1923 2626 Leidenschaft zu einem todgeweihten Manne. Sie
1017 2602 1936 2660 geht davon mit Willen, ohne Abschied, geheim¬
1019 2652 1819 2697 nisvoll und fast unwirklich wie sie lebte.
1042 2678 1940 2756 Auch Gabriele Wegrath, die Mutter, stirbt
1026 2737 1937 2792 einsam, mit dem Geheimnis ihrer Jugendliebe
1021 2775 1929 2825 und der Herkunft ihres Sohnes. Zuruck bleibt,
1024 2825 1933 2867 fast noch einsamer als alle anderen, einsam durch
1030 2860 1934 2909 seine Ablehnung aller Familienpflicht, der fah¬
1026 2891 1942 2953 rige Künstler, der der Liebe entfloh und in der!
1032 2931 1961 2985 Stunde des späten Erkennens den jungen
1031 2975 1937 3036 Freund, der sein heimlicher Sohn ist, plötzlich
1023 3010 1789 3080 als entiremdeten Ankläger vor sich sieht.
1060 3060 1946 3117 Als Schnitzlers Stärke erweist sich auch in
1017 3103 1944 3153 diesem Stück der schmiegsam flüssige, gutge¬
1029 3157 1944 3205 prägte Dialog. Er leuchtet ohne Schwere in
1029 3202 1950 3244 manche feelische Tiefe und ist durchklungen von
1040 3231 1942 3280 stimmunggebenden, lyrischen Tönen, die nicht
1836 3266 1955 3317 Die
1036 3270 1836 3323 selten ins Sentimentale ausschlagen.
1040 3299 1959 3367 schwächste Szene, die #u eine überlegene Dar¬
1029 3348 1954 3408 stellung retten könnte, ist die Aussprache
1034 3393 1945 3440 zwischen Vater und Sohn um das Bildnis der
1034 3422 1948 3479 Mutter. Und da zeigte sich, daß der fesche, salon¬
1038 3467 1951 3519 fähige Egon von Jordan dieser Leutnants¬
1030 3523 1946 3557 rolle die letzte, überzeugende Erschütterung
1027 3545 1949 3589 schuldig blieb. Auch der bühnenerfahrene, oft
1011 3582 1965 3653 ausgezeichmiete Otto Stöckel ist für den einsam
1931 1728 2850 1804 alternden Künstlertypus, der irgend etwas Fas¬
1939 1785 2853 1858 zinierendes haben muß, unseres Erachtens nicht
1936 1828 2258 1884 recht geschaffen.
1971 1866 2861 1917 Ernst Bassermann machte die eigenartige
1935 1905 2853 1949 Gestalt des früheren Offiziers, der in den Sen¬
1939 1942 2858 1994 sationen großer Reisen einen unersättlichen
1934 1990 2854 2038 Lebenshunger über das Lebensvermögen seines
1940 2024 2857 2071 kranken Herzens hinaus befriedigen will, bis in
1947 2063 2863 2114 die klinischen Symptome naturwahr und
1940 2108 2860 2155 menschlich packend zum glühenden Mittelpunkt.
1938 2151 2865 2192 An seine Schulter lehnte Else Tiedemann zart¬
1940 2188 2870 2234 innig die romantische Hingebung einer welt¬
1938 2214 2854 2271 fremden und weltgierigen Mädchenseele. Else
1932 2260 2866 2313 Bassern.ann charakterisierte lebendig die leicht¬
1945 2301 2848 2348 verkitschte Schauspielerin, deren weiblicher In¬
1943 2338 2874 2385 stinkt den Verzicht auf die Mutterschaft zu spät:
1947 2379 2870 2433 betrauert. Seiner kleineren Rolle wußte Her¬
1953 2414 2861 2467 mann Nesselträger die ihr zukommende Sym¬
1944 2468 2860 2516 pathie zu gewinnen. Der Beifall war stark, be¬
1949 2492 2870 2568 sonders nach Bassermanns packender Abschieds¬
1936 2543 2091 2609 szene.
2719 2542 2864 2615 per.
