3484 4352
1441 229 1898 316 box 23/2
1104 233 1178 300 W
283 242 1294 344 18. Der einsane neg
1600 818 1716 889 ind
1816 823 2795 900 * Hamburg, 12. Sept. (Tel.) Die „Hamb.
789 867 1561 942 nde fer#st, ins Rebolutionar erklärt.
1714 866 2807 958 Nachr.“, das bekannte Bismarckblatt, teilen jetzt auch
698 917 1706 982 Wie weiter zu berichten, ist der alte Ko¬
1723 937 2798 997 mit, sie müßten zu ihrem größten Bedauern heute
710 952 1715 1034 der aus der Regierungszeit des Fürsten Milosch
1730 988 2803 1066 bestätigen, daß Fürst Bismarck ernstlich erkrankt
694 1003 1708 1072 estammte, bereits gefallen, und von den steinernen
640 1036 1718 1105 Zeugen des Belgrader Königsdramas sind nur noch
1732 1044 2801 1125 ist, und daß sein Zustand zu Besorgnissen An¬
628 1074 1937 1161 Seinige Schutthaufen zu sehen. Man hat ihn abge= laß gibt.
1725 1211 2794 1252 nicht hinwegkommt. Man merkt in diesem Drama überall
1723 1248 2784 1304 die Versuche, psychologisch zu gestalten und zu motivieren,
745 1210 1589 1339 Elberfelder Stadttheater.
1727 1280 2794 1354 aber es bleibt bei den Ansätzen. Die Charakteuxé sind
2796 1282 2907 1353 Au
1719 1321 2794 1393 nicht fest und sicher geformt, sie gleiten vorüber, wenn
986 1308 1347 1389 Der einsame Weg.
1720 1363 2757 1410 man eben im Begriff ist, sie näher ins Auge zu, fassen! —
2789 1358 2922 1421 sell
669 1367 1671 1443 (Schauspiel in fünf Akten von Arthur Schnitzler.)
1727 1406 2776 1466 Die einzelnen Episoden des Stückes reihen sich völlig lose
2797 1399 2919 1469 De¬
1144 1420 1708 1490 M. T. Elberfeld, 13. Sept.
1722 1437 2789 1496 aneinander, wie zufällig zusammengefügt. „Die Lebens¬
2796 1453 2906 1498 tet,
704 1453 1712 1539 Schnitzler ist Wiener! Durch diese seine Nationalität
1712 1476 2778 1534 probleme werden aufgerollt, — aber verlieben sich wieder
2795 1478 2924 1538 dure
616 1512 1708 1573 nimmt er unter den Dramatikern unserer Zeit eine geson¬
1712 1502 2776 1577 im Dunkel, ohne zur Lösung gebracht zussein. — Es fehlt
2796 1530 2937 1580 reiße
624 1537 1703 1619 derte Stellung ein, denn der Begriff „Wiener Kunst“ um¬
1722 1561 2782 1624 Schnitzler eben an dramatischer Gestaltungskraft,
2787 1562 2935 1619 der i
1707 1589 1780 1646 es
1778 1597 1858 1647 ist
623 1581 1713 1655 faßt eine ganz bestimmte Art der Dichtung, deren charak¬
1845 1603 1900 1642 18
1882 1589 2792 1662 gleichsam mehr eine stizzenhafte Geschichte, die
2788 1601 2921 1655 Das
1711 1634 1788 1685 er
627 1622 1699 1695 teristische Züge vor allemdurch das Lokalkolorit be¬
1776 1641 2777 1697 erzählt. Gerade dieses Werk,leidet an dem Mangel
2788 1628 2954 1708 Temp.
621 1659 1696 1723 dingt sind und aus der Anschquungsweise und der Art der
1715 1675 2778 1730 an Accenten, gerade hier entbehrt man die kurzen schar¬
2783 1682 2943 1739 wohl
622 1709 1695 1781 Lebensbedingungen sich ableiten lassen. Die äußeren Mo¬
1712 1715 2782 1759 fen Striche, mit denen Ibsen in wenigen Augenblicken
2786 1704 2973 1778 ein seh.
621 1740 1694 1816 aneute überwiegen, die Form wird in erste Linie betont,
1711 1749 2754 1810 einen Charakter greifbar und lebend zu gestalten weiß. —
2784 1758 2965 1818 lerische
612 1778 1697 1854 den Nebenerscheinungen weit größere Bedeutung beigelegt,
1709 1794 2776 1849 Schnitzler stellt vieles nebeneinander, jedoch ohne die logi¬
2786 1787 2980 1852 tragende
623 1824 1698 1889 als wir es im deutschen und sonderlich im norddeutschen
1707 1831 2779 1879 schen Beziehungen konfequent durchzuführen und die Höhe
2781 1838 2987 1890 stehen je
626 1860 1695 1918 Drama gewohnt sind. Die Charaktere scheinen nicht um
1708 1867 2778 1943 des dramatischen Könfliktes durch Zusammenwirkung der
2792 1859 3014 1931 Graf Ad¬
1703 1900 2175 1970 Charaktere zu exzfelen.
618 1895 1700 1954 ihrer selbst willen geschrieben zu sein. Die Dichtung bietet
2787 1915 3023 1968 hart auf n
612 1951 1699 2007 keine speziell psychologischen Studien, sondern, mehr ein
1777 1926 2779 2004 Gespielt würde gestern Abend durchweg sinngemäß
2784 1936 3047 2007 Haltung d
617 1971 1693 2051 kulturelles Bild, eine Momentanfnahme des Lebens,
1702 1962 2784 2043 nd gut. — Leider war zwar Frl. Voigt in letzter Stunde
2790 1990 3050 2051 Zwischen de
620 2026 1695 2085 in der die Menschen und ihre Schicksale nur Staffage, sind.
1708 2030 2769 2082 erkrankt, aber Frl. Wolf übernahm es, die Rolle zu le¬
2779 2034 3050 2085 deren Wani¬
620 2054 1699 2128 Sie interessieren uns, wir nehmen Anteil an dem, wasesie
1709 2064 2782 2120 sen. Selbstverständlich war eine Störung des Eindrucks
2782 2072 3036 2129 ersetzt sind,
1708 2097 2775 2159 daduuch nicht zu vermeiden, aber Frl. Wolf machte das
612 2091 1702 2178 erleben, aber vor allem deshalb, weil sie in einem ganz
2779 2106 3039 2176 den geschmie
1705 2136 2774 2203 Lejen der Rolle doch so geschickt, daß der Dialog fließend
610 2129 1692 2205 bestimmten Milien erscheinen, dessen Beschaffenheit schon
2783 2143 3016 2204 lendet ist.
613 2175 1706 2227 an sich unsere Aufmerksamkeit zu fesseln weiß. Eine Hand¬
1705 2174 2772 2236 geführt wurde, und auch die Bewegungen einen möglichst
2784 2194 3024 2237 schen dem
1692 2208 2770 2275 ungezwungenen Eindruck erzielten. — Von den Künstlern
612 2216 1694 2282 voll Esprit, ein wenig Sentimentalität und Melancholie“
2782 2217 3031 2281 Elberfeld si¬
1702 2257 2780 2310 machten sich vor allem Frl. Jakobi und Herr Brahm
621 2245 1696 2321 und dazu oft ein frischer sprudelnder Humor, verleihen den
2779 2268 3030 2327 und Histor
1694 2295 2652 2350 um den Erfolg der Aufführung verdient. Sie tre
620 2285 1698 2373 Lebensbildern der Wiener Dichter einen eigenen Zaubèr.
2671 2303 2777 2350 sO=
2787 2302 3037 2357 Prof. Ern#
1702 2336 2777 2380 wohl in den Bemerkungen, als auch im Ton die ichte
627 2334 1690 2390 Aber gerade in ihrer Eigenart ist auch eine gewisse Ein¬
2776 2332 3028 2404 schwierig ##
1708 2360 2786 2439 ungekünstelteArt, die unser modernes Drama fordert
621 2370 1696 2427 förmigkeit nicht wegzuleugnen. Charaktere verändern sich,
2788 2385 3027 2442 flachem B#
1696 2414 2768 2472 und die den meisten Schauspielern so schwer fällt. Sie
621 2406 1689 2482 jeder gestaltet das Leben aus sich heraus anders, alle
2772 2413 3027 2482 zwei versche
1706 2451 2772 2512 wußten jedes Päthetische zu vermeiden und erreichten
620 2447 1683 2520 Möglichkeiten der Entwicklung sind gegebenAnders da,
2782 2457 2997 2513 positionen
1695 2494 2780 2551 durch die Einfachheitund Natürlichkeit ihres Spieles die
608 2490 1689 2550 wo das Milien die Hauptsache bildet. Die Halbwelt Wiens,
2781 2496 2993 2549 die höher
1706 2528 2779 2575 Lebenswahrheit der Gestalten. Herr Ruhbeck traf als
616 2524 1694 2588 deren Leben und Treiben Schnitzler so oft züm künstlerischen
2772 2528 3006 2602 zur Decku
1701 2576 2767 2613 Maler Julian Fichtner nicht immer ganz den Konversati¬
609 2555 1696 2628 Vorwurf diente zeigt in den Grundzügen doch meist über¬
2776 2577 3004 2631 wildes Hi¬
1707 2611 2771 2662 onston, besonders im viertenAkt deklamierte er an ein¬
606 2609 1699 2653 einstimmende Bilder, die Salons dae Lebedamen der ele¬
2779 2612 2995 2684 fährt, da
1705 2652 2780 2705 zelnen Stellen anstatt zu sprechen. — Aber trotzdem fügte
613 2641 1697 2711 ganten Welt sind meist auf den gleichen Ton gestimmt,
2779 2656 2982 2710 Bogen hi¬
1706 2692 2781 2739 er sich im Spiel dem Ganzen rechsgut ein. Herr Bütt¬
609 2678 1690 2748 interessant werden diese Stätten doch erst dann, wenn ein
2774 2688 2990 2748 durch ein
1707 2728 2779 2764 ner ist bezüglich seiner Regie zu loben, Die Gruppenwir¬
616 2715 1697 2800 Charakter sie betritt und wir an seinem Verhalten in
2776 2734 2989 2793 herzieht.
1704 2764 2773 2820 kungen waren künstlerisch zusammengestellt und in der
615 2764 1687 2821 dieser Welt psychologische Städien machen können. Das
2777 2774 2989 2830 mische
1707 2804 2547 2859 Beleuchtung von äußerst intimer Wirkung.
615 2799 1703 2864 heißt, wenn der Charaktek Selbstzweck ist, und das Mi¬
2777 2809 3004 2866 Mitte fü
1774 2837 2764 2907 Wie wir hören, wird, aus Anlaß der Erkrankung des
610 2831 1222 2895 lien nur als wichtige Foli dient
2782 2841 3016 2912 Lücke zwi
1240 2851 1691 2907 — Schnitzlers litterarischer
1701 2874 2785 2957 Frl. Voigt, die für morgen angesetzte Auffühlung von
606 2883 1687 2960 Ruhm gründet sich ingerster Linie auf das spezifisch Wie¬
2781 2880 3014 2950 in die Tig
1710 2925 2771 2970 Halbes „Strom“ auf Donnerstag verlegt werden,
600 2922 1046 2983 nerische seiner Kunste
2778 2923 3008 2979 bringt e
1711 2957 2772 3028 Morgen findet statt dessen die erste Wiederholung von
697 2966 1691 3028 Er versucht zwär die Einseitigkeit zu überwinden und
2779 2964 2994 3020 Kräftige
1706 2996 2714 3069 Schnitzlers Werk „Der einsame Weg“ statt.
614 2993 1699 3066 auf psychologischer Basis seine Werke aufzubauen, aber
2778 2996 2997 3076 Ton sind
2792 3041 3005 3101 allem: m
606 3037 1693 3103 es bleibt größtenteils hier beim Wollen. Die Konflikte,
607 3083 1698 3147 wenn von salchen überhaupt ernstlich zu reden ist, ergeben
2793 3083 3007 3146 und empf#
1910 3073 2550 3183 Elberfeider Kunst.
608 3118 1701 3183 sich doch meist aus äußeren Erscheinungen und Zufällig¬
2785 3120 2998 3176 nützte, un
607 3149 1700 3207 keiten und sin nicht logisch aus der Gestaltung der Cha¬
2782 3147 3003 3217 bereits in
1776 3163 2768 3224 Nachdem der Sitzungssaal der Sttdtverordneten im
610 3202 1703 3248 rakterefabzuleiten. — Schnitzlers neuestes Dramas „Der
2786 3200 3028 3272 Werte zus
1702 3201 2772 3267 Rathause einen mächtigen Wandschmuck durch ein
613 3239 1700 3312 einame Weg“ ist vielleicht das beste Beispiel, um
2783 3246 3018 3302 diesem ne#
1711 3250 2769 3312 Gemälde von Prof. Peter Janssen in Düsseldorf er¬
610 3275 2995 3335 deuklich die Grenzen zu erkennen, über die auch SchnitzlerI halten hatte, das in einer ausgedehnten Fläche eine SzeneI cherung si
