<?xml version="1.0" encoding="UTF-8" standalone="yes"?>
<PcGts xmlns="http://schema.primaresearch.org/PAGE/gts/pagecontent/2013-07-15" xmlns:xsi="http://www.w3.org/2001/XMLSchema-instance" xsi:schemaLocation="http://schema.primaresearch.org/PAGE/gts/pagecontent/2013-07-15 http://schema.primaresearch.org/PAGE/gts/pagecontent/2013-07-15/pagecontent.xsd">
    <Metadata>
        <Creator>prov=University of Rostock/Institute of Mathematics/CITlab/Gundram Leifert/gundram.leifert@uni-rostock.de:name=ONB_Newseye_GT_M1+(htr_id=10810)::::v=2.4.2
prov=University of Rostock/Institute of Mathematics/CITlab/Tobias Gruening/tobias.gruening@uni-rostock.de:name=de.uros.citlab.module.baseline2polygon.B2PSeamMultiOriented:v=2.4.2
prov=University of Rostock/Institute of Mathematics/CITlab/Tobias Gruening/tobias.gruening@uni-rostock.de:name=/mnt/transkribus/LA/DEA/URO/LA_news_onb_att.pb:de.uros.citlab.segmentation.CITlab_LA_ML:v=2.4.2
Transkribus</Creator>
        <Created>2019-10-07T11:26:36.288+02:00</Created>
        <LastChange>2019-10-08T07:06:54.318+02:00</LastChange>
        <TranskribusMetadata docId="223970" pageId="9499316" pageNr="27" tsid="16505625" status="IN_PROGRESS" userId="40391" imgUrl="https://files.transkribus.eu/Get?id=AUQIWPZVMXXEAHTAOSOEHWMO&amp;fileType=view" xmlUrl="https://files.transkribus.eu/Get?id=RBNYAVXOGLVLNEQAXOCYOCEH" imageId="6189538"/>
    </Metadata>
    <Page imageFilename="223970_0027.jpeg" imageWidth="3484" imageHeight="4352">
        <ReadingOrder>
            <OrderedGroup id="ro_1711450525925" caption="Regions reading order">
                <RegionRefIndexed index="0" regionRef="r1"/>
                <RegionRefIndexed index="1" regionRef="r2"/>
                <RegionRefIndexed index="2" regionRef="r3"/>
            </OrderedGroup>
        </ReadingOrder>
        <TextRegion orientation="0.0" id="r1" custom="readingOrder {index:0;}">
            <Coords points="9,4177 9,4329 27,4329 27,4177"/>
            <TextLine id="r1l1" custom="readingOrder {index:0;}">
                <Coords points="0,4284 16,4282 18,4284 21,4283 25,4287 36,4285 30,4232 -6,4234"/>
                <Baseline points="9,4279 27,4277"/>
                <TextEquiv>
                    <Unicode>8</Unicode>
                </TextEquiv>
            </TextLine>
            <TextEquiv>
                <Unicode>8</Unicode>
            </TextEquiv>
        </TextRegion>
        <TextRegion orientation="0.0" id="r2" custom="readingOrder {index:1;}">
            <Coords points="272,392 272,4267 1849,4267 1849,392"/>
            <TextLine id="r2l1" custom="readingOrder {index:0;}">
                <Coords points="1413,446 1539,427 1601,438 1634,426 1673,441 1707,428 1747,443 1858,428 1859,356 1799,368 1765,357 1745,376 1706,355 1665,358 1612,392 1510,360 1413,358"/>
                <Baseline points="1422,416 1447,416 1472,416 1497,417 1522,417 1547,418 1572,418 1597,419 1622,419 1648,420 1673,420 1698,420 1723,420 1748,420 1773,420 1798,419 1823,418 1849,417"/>
                <TextEquiv>
                    <Unicode>box 23/1</Unicode>
                </TextEquiv>
            </TextLine>
            <TextLine id="r2l2" custom="readingOrder {index:1;}">
                <Coords points="263,433 767,469 1256,445 1257,380 1127,363 1048,398 921,361 883,389 788,361 668,392 490,364 441,403 352,364 264,378"/>
                <Baseline points="272,416 320,421 369,427 418,430 467,434 515,436 564,438 613,439 662,439 710,439 759,439 808,439 857,438 905,437 954,436 1003,436 1052,435 1100,435 1149,435 1198,435 1247,436"/>
                <TextEquiv>
                    <Unicode>18. Der einsane Neg</Unicode>
                </TextEquiv>
            </TextLine>
            <TextLine id="r2l3" custom="readingOrder {index:2;}">
                <Coords points="671,773 1500,763 1500,689 1457,678 1205,709 841,692 803,724 671,685"/>
                <Baseline points="680,766 720,765 761,764 801,764 842,763 882,763 923,762 963,762 1004,762 1044,762 1085,762 1126,762 1166,762 1207,762 1247,763 1288,763 1328,763 1369,763 1409,763 1450,763 1491,764"/>
                <TextEquiv>
                    <Unicode>Dr. Max Goldschmidt</Unicode>
                </TextEquiv>
            </TextLine>
            <TextLine id="r2l4" custom="readingOrder {index:3;}">
                <Coords points="870,832 992,868 1014,850 1064,861 1127,847 1213,858 1245,847 1245,807 1111,780 1093,796 1062,798 1026,784 956,783 912,816 870,805"/>
                <Baseline points="880,838 905,839 930,840 956,840 981,841 1007,841 1032,842 1058,842 1083,842 1108,842 1134,841 1159,841 1185,840 1210,840 1236,839"/>
                <TextEquiv>
                    <Unicode> Bureau für</Unicode>
                </TextEquiv>
            </TextLine>
            <TextLine id="r2l5" custom="readingOrder {index:4;}">
                <Coords points="822,927 1343,927 1343,876 1279,860 1140,876 1095,863 1076,878 882,852 823,874"/>
                <Baseline points="832,908 857,909 882,909 907,910 932,910 957,910 982,910 1007,910 1032,910 1057,910 1083,909 1108,909 1133,909 1158,909 1183,909 1208,909 1233,909 1258,910 1283,910 1308,911 1334,912"/>
                <TextEquiv>
                    <Unicode>Zeitungsausschnitte</Unicode>
                </TextEquiv>
            </TextLine>
            <TextLine id="r2l6" custom="readingOrder {index:5;}">
                <Coords points="572,979 1464,996 1573,967 1573,931 1527,929 572,930"/>
                <Baseline points="581,967 630,968 679,968 728,969 777,969 826,969 875,969 925,969 974,969 1023,969 1072,969 1121,969 1170,969 1219,969 1269,969 1318,969 1367,969 1416,969 1465,969 1514,969 1564,969"/>
                <TextEquiv>
                    <Unicode>verbunden mit direktem Nachrichtendienst durch</Unicode>
                </TextEquiv>
            </TextLine>
            <TextLine id="r2l7" custom="readingOrder {index:6;}">
                <Coords points="818,1020 983,1042 1165,1019 1278,1032 1342,1017 1342,985 1304,994 1261,973 1232,987 1187,970 1135,988 1062,975 1028,990 893,975 818,986"/>
                <Baseline points="827,1017 852,1017 877,1017 903,1017 928,1017 953,1016 979,1016 1004,1015 1029,1014 1055,1014 1080,1013 1105,1013 1131,1012 1156,1012 1181,1012 1207,1012 1232,1012 1257,1013 1283,1013 1308,1014 1334,1016"/>
                <TextEquiv>
                    <Unicode>eisene Korrespondenten.</Unicode>
                </TextEquiv>
            </TextLine>
            <TextLine id="r2l8" custom="readingOrder {index:7;}">
                <Coords points="1121,1092 1211,1101 1251,1085 1319,1097 1353,1085 1423,1099 1520,1078 1520,1044 1480,1024 1462,1035 1443,1019 1365,1042 1281,1026 1213,1047 1121,1043"/>
                <Baseline points="1130,1079 1155,1078 1180,1078 1206,1078 1231,1077 1256,1077 1282,1077 1307,1077 1332,1077 1358,1078 1383,1078 1408,1078 1434,1078 1459,1078 1484,1078 1510,1078"/>
                <TextEquiv>
                    <Unicode>Telephon: III, 3051.</Unicode>
                </TextEquiv>
            </TextLine>
            <TextLine id="r2l9" custom="readingOrder {index:8;}">
                <Coords points="615,1090 682,1105 870,1086 895,1100 933,1088 963,1097 985,1088 985,1039 921,1041 899,1028 790,1053 770,1040 668,1036 635,1063 615,1061"/>
                <Baseline points="624,1085 649,1085 674,1085 699,1085 724,1085 749,1086 774,1086 800,1086 825,1086 850,1086 875,1086 900,1086 925,1086 950,1086 976,1086"/>
                <TextEquiv>
                    <Unicode>Berlin N 24.</Unicode>
                </TextEquiv>
            </TextLine>
            <TextLine id="r2l10" custom="readingOrder {index:9;}">
                <Coords points="560,1143 1464,1141 1588,1102 560,1103"/>
                <Baseline points="569,1122 619,1121 670,1121 720,1121 771,1121 821,1120 872,1120 922,1120 973,1120 1023,1120 1074,1120 1125,1120 1175,1120 1226,1119 1276,1119 1327,1119 1377,1118 1428,1118 1478,1117 1529,1117 1580,1116"/>
                <TextEquiv>
                    <Unicode>—</Unicode>
                </TextEquiv>
            </TextLine>
            <TextLine id="r2l11" custom="readingOrder {index:10;}">
                <Coords points="853,1199 922,1223 1051,1206 1088,1206 1105,1222 1139,1205 1159,1219 1202,1206 1297,1212 1296,1133 1240,1153 1070,1140 1009,1159 958,1152 926,1167 908,1153 853,1168"/>
                <Baseline points="863,1203 889,1203 916,1203 942,1203 969,1203 995,1202 1022,1202 1048,1201 1075,1201 1101,1200 1128,1200 1154,1199 1181,1199 1207,1198 1234,1198 1260,1198 1287,1198"/>
                <TextEquiv>
                    <Unicode>Ausschnitt aus</Unicode>
                </TextEquiv>
            </TextLine>
            <TextLine id="r2l12" custom="readingOrder {index:11;}">
                <Coords points="729,1466 900,1482 1068,1446 1129,1474 1176,1448 1309,1445 1391,1467 1475,1436 1475,1382 1226,1399 1166,1380 1078,1410 999,1387 861,1410 728,1392"/>
                <Baseline points="738,1456 774,1454 810,1451 847,1450 883,1449 920,1448 956,1448 993,1448 1029,1448 1066,1448 1102,1448 1138,1448 1175,1448 1211,1449 1248,1448 1284,1448 1321,1447 1357,1446 1394,1444 1430,1443 1467,1440"/>
                <TextEquiv>
                    <Unicode>amburgischer Correspondem</Unicode>
                </TextEquiv>
            </TextLine>
            <TextLine id="r2l13" custom="readingOrder {index:12;}">
                <Coords points="1149,1745 1227,1766 1246,1752 1350,1758 1434,1738 1492,1756 1567,1752 1582,1747 1579,1670 1498,1684 1447,1659 1380,1676 1329,1661 1146,1681"/>
                <Baseline points="1158,1736 1183,1734 1209,1733 1235,1731 1261,1730 1287,1728 1312,1726 1338,1725 1364,1724 1390,1723 1416,1722 1441,1721 1467,1721 1493,1721 1519,1721 1545,1722 1571,1723"/>
                <TextEquiv>
                    <Unicode>T4FEB. 1904 —</Unicode>
                </TextEquiv>
            </TextLine>
            <TextLine id="r2l14" custom="readingOrder {index:13;}">
                <Coords points="1298,1861 1323,1862 1346,1852 1366,1862 1393,1846 1402,1853 1445,1853 1474,1866 1485,1860 1523,1864 1521,1810 1499,1818 1485,1808 1453,1820 1434,1805 1365,1828 1354,1821 1297,1825"/>
                <Baseline points="1306,1850 1331,1849 1357,1847 1383,1846 1409,1844 1435,1842 1461,1842 1487,1842 1513,1843"/>
                <TextEquiv>
                    <Unicode>— </Unicode>
                </TextEquiv>
            </TextLine>
            <TextLine id="r2l15" custom="readingOrder {index:14;}">
                <Coords points="1126,1958 1142,1957 1151,1964 1156,1960 1165,1968 1172,1964 1183,1970 1190,1963 1201,1962 1230,1970 1235,1900 1223,1901 1211,1893 1188,1907 1179,1903 1161,1909 1152,1902 1143,1907 1130,1906"/>
                <Baseline points="1136,1954 1164,1952 1193,1956 1222,1960"/>
                <TextEquiv>
                    <Unicode>2 </Unicode>
                </TextEquiv>
            </TextLine>
            <TextLine id="r2l16" custom="readingOrder {index:15;}">
                <Coords points="570,1984 1407,2034 1588,2031 1590,2001 1267,1953 572,1948"/>
                <Baseline points="579,1981 629,1983 679,1986 729,1988 779,1990 829,1993 879,1996 929,1998 979,2000 1029,2003 1079,2005 1129,2008 1179,2010 1229,2012 1279,2015 1329,2017 1379,2019 1429,2021 1479,2023 1529,2025 1579,2027"/>
                <TextEquiv>
                    <Unicode>Berlin, den 13. Februar. ( Orig.=Telgr.) Im</Unicode>
                </TextEquiv>
            </TextLine>
            <TextLine id="r2l17" custom="readingOrder {index:16;}">
                <Coords points="1127,2034 1136,2033 1138,2035 1142,2036 1143,2034 1149,2035 1160,2034 1158,2018 1149,2019 1145,2016 1141,2015 1125,2016"/>
                <Baseline points="1136,2031 1150,2030"/>
                <TextEquiv>
                    <Unicode></Unicode>
                </TextEquiv>
            </TextLine>
            <TextLine id="r2l18" custom="readingOrder {index:17;}">
                <Coords points="490,2025 1377,2087 1610,2067 1601,2014 1142,2031 493,1977"/>
                <Baseline points="500,2019 555,2021 610,2023 665,2025 720,2027 775,2030 830,2033 885,2036 940,2039 995,2042 1050,2045 1105,2047 1160,2050 1215,2053 1270,2056 1325,2059 1380,2061 1435,2062 1490,2064 1545,2065 1600,2066"/>
                <TextEquiv>
                    <Unicode>Deutschen Theater fand leute Arxyur SchnitlersDer</Unicode>
                </TextEquiv>
            </TextLine>
            <TextLine id="r2l19" custom="readingOrder {index:18;}">
                <Coords points="490,2057 1588,2103 1562,2066 491,2031"/>
                <Baseline points="499,2056 553,2059 607,2061 661,2064 715,2067 769,2069 823,2072 877,2074 931,2076 985,2079 1039,2081 1093,2083 1147,2085 1201,2087 1255,2090 1309,2091 1363,2093 1417,2095 1471,2097 1525,2099 1579,2101"/>
                <TextEquiv>
                    <Unicode>einsame Weg“ nach langen Geduldp###d Puvlikums</Unicode>
                </TextEquiv>
            </TextLine>
            <TextLine id="r2l20" custom="readingOrder {index:19;}">
                <Coords points="500,2092 1677,2171 1680,2108 1646,2100 501,2071"/>
                <Baseline points="509,2094 567,2097 625,2100 683,2103 741,2105 799,2108 857,2111 915,2113 973,2116 1031,2119 1089,2121 1147,2124 1205,2127 1263,2129 1321,2133 1379,2136 1437,2140 1495,2143 1553,2147 1611,2151 1669,2155"/>
                <TextEquiv>
                    <Unicode>eine unzweideutige Ablehnung. Eine Art Recherche #te</Unicode>
                </TextEquiv>
            </TextLine>
            <TextLine id="r2l21" custom="readingOrder {index:20;}">
                <Coords points="498,2148 1615,2229 1618,2176 1557,2145 501,2092"/>
                <Baseline points="508,2130 565,2135 623,2139 681,2142 739,2146 797,2149 855,2151 912,2153 970,2155 1028,2157 1086,2160 1144,2162 1202,2165 1259,2168 1317,2172 1375,2176 1433,2180 1491,2186 1549,2192 1607,2200"/>
                <TextEquiv>
                    <Unicode>de la paternité in übertrieben sentimentaler Beleuchtung</Unicode>
                </TextEquiv>
            </TextLine>
            <TextLine id="r2l22" custom="readingOrder {index:21;}">
                <Coords points="483,2195 505,2188 523,2200 554,2184 699,2209 722,2188 790,2198 843,2190 843,2154 822,2148 692,2157 648,2154 635,2141 617,2153 567,2136 509,2147 485,2140"/>
                <Baseline points="492,2175 518,2176 544,2177 570,2177 597,2178 623,2179 649,2180 676,2180 702,2181 728,2181 755,2182 781,2182 807,2182 834,2181"/>
                <TextEquiv>
                    <Unicode>bildet den Inhalt</Unicode>
                </TextEquiv>
            </TextLine>
            <TextLine id="r2l23" custom="readingOrder {index:22;}">
                <Coords points="1612,2301 1625,2300 1643,2316 1655,2309 1662,2311 1675,2305 1680,2309 1691,2302 1700,2302 1703,2254 1690,2252 1679,2255 1648,2231 1616,2231"/>
                <Baseline points="1622,2295 1657,2294 1692,2299"/>
                <TextEquiv>
                    <Unicode>3</Unicode>
                </TextEquiv>
            </TextLine>
            <TextLine id="r2l24" custom="readingOrder {index:23;}">
                <Coords points="1510,2387 1603,2359 1632,2375 1651,2361 1682,2373 1739,2365 1754,2378 1797,2368 1796,2309 1732,2319 1719,2308 1680,2321 1610,2298 1549,2338 1509,2338"/>
                <Baseline points="1519,2358 1545,2356 1572,2355 1599,2354 1626,2354 1653,2355 1679,2355 1706,2355 1733,2355 1760,2354 1787,2353"/>
                <TextEquiv>
                    <Unicode>Machrichten</Unicode>
                </TextEquiv>
            </TextLine>
            <TextLine id="r2l25" custom="readingOrder {index:24;}">
                <Coords points="347,2379 374,2383 405,2370 432,2371 450,2376 462,2389 469,2387 503,2365 518,2367 518,2310 496,2303 477,2306 450,2326 435,2322 407,2329 389,2324 380,2333 347,2340"/>
                <Baseline points="357,2365 382,2363 407,2362 433,2363 458,2364 483,2364 509,2363"/>
                <TextEquiv>
                    <Unicode>I. öste</Unicode>
                </TextEquiv>
            </TextLine>
            <TextLine id="r2l26" custom="readingOrder {index:25;}">
                <Coords points="630,2438 1283,2449 1527,2437 1545,2394 1385,2362 1040,2392 629,2373"/>
                <Baseline points="639,2430 683,2431 728,2431 773,2431 818,2431 863,2431 908,2431 953,2430 998,2430 1043,2429 1088,2428 1132,2427 1177,2426 1222,2426 1267,2425 1312,2424 1357,2424 1402,2424 1447,2423 1492,2424 1537,2424"/>
                <TextEquiv>
                    <Unicode>Wien, I., Concondiaplarz 4.</Unicode>
                </TextEquiv>
            </TextLine>
            <TextLine id="r2l27" custom="readingOrder {index:26;}">
                <Coords points="369,2500 1805,2500 1805,2444 1667,2425 369,2443"/>
                <Baseline points="378,2485 452,2486 527,2486 602,2485 676,2485 751,2484 826,2484 900,2483 975,2482 1050,2481 1124,2480 1199,2479 1274,2479 1348,2478 1423,2478 1498,2478 1572,2478 1647,2479 1722,2480 1797,2481"/>
                <TextEquiv>
                    <Unicode>Vertretungen in Berlin, Badapest, Chicago, Genf, London, Newyork, Paris, Rom,</Unicode>
                </TextEquiv>
            </TextLine>
            <TextLine id="r2l28" custom="readingOrder {index:27;}">
                <Coords points="724,2530 1029,2527 1137,2550 1215,2520 1318,2550 1435,2548 1434,2498 1395,2487 763,2489 724,2509"/>
                <Baseline points="733,2523 767,2523 802,2523 836,2523 871,2523 906,2523 940,2522 975,2522 1009,2522 1044,2522 1079,2521 1113,2521 1148,2521 1182,2521 1217,2520 1252,2520 1286,2520 1321,2520 1355,2520 1390,2520 1425,2520"/>
                <TextEquiv>
                    <Unicode>Stockholm, Kristiania, St. Petersburg.</Unicode>
                </TextEquiv>
            </TextLine>
            <TextLine id="r2l29" custom="readingOrder {index:28;}">
                <Coords points="347,2684 383,2671 622,2690 654,2671 681,2691 719,2672 882,2688 882,2638 828,2624 706,2636 619,2614 544,2633 503,2618 442,2636 413,2621 347,2631"/>
                <Baseline points="357,2673 382,2672 408,2672 434,2671 460,2671 486,2670 511,2670 537,2670 563,2670 589,2669 615,2669 640,2669 666,2669 692,2669 718,2668 744,2668 769,2667 795,2667 821,2666 847,2665 873,2663"/>
                <TextEquiv>
                    <Unicode>Ausschnitt aus:</Unicode>
                </TextEquiv>
            </TextLine>
            <TextLine id="r2l30" custom="readingOrder {index:29;}">
                <Coords points="1001,2707 1244,2722 1313,2698 1368,2725 1401,2691 1634,2682 1632,2628 998,2646"/>
                <Baseline points="1009,2701 1039,2702 1070,2703 1101,2703 1132,2703 1163,2703 1193,2702 1224,2702 1255,2701 1286,2700 1317,2699 1347,2697 1378,2696 1409,2694 1440,2692 1471,2690 1501,2688 1532,2686 1563,2683 1594,2681 1625,2677"/>
                <TextEquiv>
                    <Unicode>DIE ZEIT, WIEN</Unicode>
                </TextEquiv>
            </TextLine>
            <TextLine id="r2l31" custom="readingOrder {index:30;}">
                <Coords points="1038,2776 1140,2806 1228,2773 1276,2791 1384,2766 1437,2780 1510,2759 1545,2777 1600,2766 1597,2707 1550,2695 1420,2724 1350,2710 1320,2733 1222,2711 1082,2720 1037,2747"/>
                <Baseline points="1047,2772 1074,2773 1101,2773 1128,2774 1155,2773 1183,2773 1210,2772 1237,2771 1264,2770 1291,2769 1319,2768 1346,2766 1373,2764 1400,2762 1427,2760 1455,2759 1482,2758 1509,2756 1536,2755 1563,2754 1591,2753"/>
                <TextEquiv>
                    <Unicode>(Tägliche Ausgabe)</Unicode>
                </TextEquiv>
            </TextLine>
            <TextLine id="r2l32" custom="readingOrder {index:31;}">
                <Coords points="355,2812 441,2845 491,2824 644,2819 715,2855 871,2840 912,2858 911,2752 821,2778 690,2748 576,2790 541,2771 356,2775"/>
                <Baseline points="363,2815 390,2814 417,2814 444,2814 471,2815 498,2816 525,2818 552,2819 579,2821 606,2822 634,2824 661,2825 688,2826 715,2826 742,2827 769,2826 796,2826 823,2823 850,2821 877,2818 905,2813"/>
                <TextEquiv>
                    <Unicode>vom: 441.100</Unicode>
                </TextEquiv>
            </TextLine>
            <TextLine id="r2l33" custom="readingOrder {index:32;}">
                <Coords points="1050,3096 1092,3088 1133,3101 1203,3086 1275,3096 1298,3085 1343,3097 1390,3086 1389,3038 1339,3045 1305,3035 1255,3060 1190,3057 1163,3043 1120,3061 1050,3058"/>
                <Baseline points="1060,3088 1086,3087 1113,3086 1140,3086 1166,3085 1193,3085 1220,3085 1246,3086 1273,3086 1300,3086 1326,3085 1353,3085 1380,3084"/>
                <TextEquiv>
                    <Unicode>U</Unicode>
                </TextEquiv>
            </TextLine>
            <TextLine id="r2l34" custom="readingOrder {index:33;}">
                <Coords points="542,3140 1495,3141 1495,3067 1256,3098 1068,3099 1019,3065 542,3088"/>
                <Baseline points="551,3133 597,3132 644,3131 691,3131 738,3131 784,3131 831,3130 878,3130 925,3130 971,3130 1018,3130 1065,3129 1112,3129 1158,3129 1205,3129 1252,3128 1299,3128 1345,3127 1392,3127 1439,3126 1486,3125"/>
                <TextEquiv>
                    <Unicode>h Schnitzlers „Der Einsame Weg“. Man.</Unicode>
                </TextEquiv>
            </TextLine>
            <TextLine id="r2l35" custom="readingOrder {index:34;}">
                <Coords points="497,3197 1480,3188 1480,3139 568,3134 496,3160"/>
                <Baseline points="506,3178 554,3177 602,3177 650,3176 699,3176 747,3175 795,3175 843,3175 892,3174 940,3174 988,3173 1036,3173 1085,3172 1133,3172 1181,3171 1229,3171 1278,3170 1326,3169 1374,3169 1422,3169 1471,3168"/>
                <TextEquiv>
                    <Unicode>(telegraphiert uns aus Berlin vom 13. d.: Das</Unicode>
                </TextEquiv>
            </TextLine>
            <TextLine id="r2l36" custom="readingOrder {index:35;}">
                <Coords points="495,3243 1469,3231 1481,3168 494,3200"/>
                <Baseline points="503,3222 551,3221 600,3221 648,3220 697,3220 745,3219 794,3219 842,3219 891,3218 939,3217 988,3217 1036,3216 1085,3215 1133,3215 1182,3214 1230,3213 1279,3213 1327,3212 1376,3211 1424,3210 1473,3210"/>
                <TextEquiv>
                    <Unicode>Deutsche Theater spielte heute Schnitzlers</Unicode>
                </TextEquiv>
            </TextLine>
            <TextLine id="r2l37" custom="readingOrder {index:36;}">
                <Coords points="508,3276 1481,3262 1480,3230 1369,3212 508,3240"/>
                <Baseline points="517,3267 564,3265 612,3264 660,3263 707,3262 755,3262 803,3261 850,3261 898,3261 946,3260 994,3260 1041,3260 1089,3260 1137,3260 1184,3259 1232,3259 1280,3258 1327,3257 1375,3256 1423,3254 1471,3252"/>
                <TextEquiv>
                    <Unicode>„Der Einsame Weg“ in trefflicher Darstellung.</Unicode>
                </TextEquiv>
            </TextLine>
            <TextLine id="r2l38" custom="readingOrder {index:37;}">
                <Coords points="512,3315 1469,3311 1468,3258 512,3277"/>
                <Baseline points="521,3309 567,3309 614,3308 661,3307 708,3307 755,3306 802,3306 849,3305 896,3304 943,3304 990,3303 1036,3303 1083,3303 1130,3302 1177,3302 1224,3302 1271,3302 1318,3302 1365,3302 1412,3302 1459,3302"/>
                <TextEquiv>
                    <Unicode>Das Stück, das sehr komplizierte Konflikte auf</Unicode>
                </TextEquiv>
            </TextLine>
            <TextLine id="r2l39" custom="readingOrder {index:38;}">
                <Coords points="506,3343 628,3368 1490,3349 1489,3297 506,3316"/>
                <Baseline points="515,3351 563,3351 611,3351 659,3350 708,3350 756,3349 804,3349 852,3348 901,3347 949,3347 997,3346 1045,3346 1094,3345 1142,3345 1190,3344 1238,3344 1287,3343 1335,3343 1383,3343 1431,3343 1480,3343"/>
                <TextEquiv>
                    <Unicode>die letzten und verstiegensten Seelenfeinheiten auf¬</Unicode>
                </TextEquiv>
            </TextLine>
            <TextLine id="r2l40" custom="readingOrder {index:39;}">
                <Coords points="515,3403 1466,3404 1484,3348 515,3369"/>
                <Baseline points="523,3397 570,3396 618,3394 665,3393 713,3392 761,3391 808,3390 856,3390 903,3390 951,3389 999,3389 1046,3389 1094,3389 1141,3389 1189,3389 1237,3388 1284,3387 1332,3387 1379,3385 1427,3384 1475,3382"/>
                <TextEquiv>
                    <Unicode>zubauen versucht, erregte lebhaftes Interesse, das</Unicode>
                </TextEquiv>
            </TextLine>
            <TextLine id="r2l41" custom="readingOrder {index:40;}">
                <Coords points="514,3453 1357,3430 1454,3461 1480,3459 1479,3389 513,3403"/>
                <Baseline points="523,3442 570,3440 617,3439 665,3437 712,3437 760,3436 807,3435 854,3434 902,3434 949,3433 997,3433 1044,3433 1091,3432 1139,3432 1186,3431 1234,3431 1281,3431 1328,3430 1376,3429 1423,3428 1471,3427"/>
                <TextEquiv>
                    <Unicode>sich gegen die Kälte und den Widerspruch eines</Unicode>
                </TextEquiv>
            </TextLine>
            <TextLine id="r2l42" custom="readingOrder {index:41;}">
                <Coords points="500,3504 1173,3471 1365,3491 1441,3462 1392,3435 1096,3434 500,3468"/>
                <Baseline points="509,3483 555,3482 601,3481 647,3481 693,3480 739,3479 785,3478 832,3478 878,3477 924,3476 970,3476 1016,3476 1062,3475 1108,3475 1155,3475 1201,3475 1247,3475 1293,3475 1339,3475 1385,3476 1432,3477"/>
                <TextEquiv>
                    <Unicode>Teiles des Publikums nur schwer durchsetzte.</Unicode>
                </TextEquiv>
            </TextLine>
            <TextLine id="r2l43" custom="readingOrder {index:42;}">
                <Coords points="1067,3501 1121,3511 1130,3503 1159,3512 1211,3498 1229,3511 1252,3511 1268,3499 1292,3502 1292,3463 1238,3481 1191,3479 1175,3469 1166,3478 1067,3478"/>
                <Baseline points="1076,3492 1101,3493 1127,3494 1153,3495 1179,3495 1204,3495 1230,3495 1256,3494 1282,3492"/>
                <TextEquiv>
                    <Unicode>——</Unicode>
                </TextEquiv>
            </TextLine>
            <TextLine id="r2l44" custom="readingOrder {index:43;}">
                <Coords points="860,3507 885,3509 896,3503 921,3510 928,3505 932,3509 971,3505 995,3516 1009,3514 1025,3501 1036,3501 1036,3480 971,3483 951,3476 942,3483 860,3482"/>
                <Baseline points="869,3497 895,3495 921,3495 947,3496 973,3496 999,3496 1026,3494"/>
                <TextEquiv>
                    <Unicode>Sg-</Unicode>
                </TextEquiv>
            </TextLine>
            <TextLine id="r2l45" custom="readingOrder {index:44;}">
                <Coords points="497,3555 665,3582 1354,3561 1542,3548 1556,3512 497,3520"/>
                <Baseline points="506,3551 558,3550 610,3550 662,3550 714,3549 766,3549 818,3548 870,3548 922,3547 974,3547 1026,3546 1078,3546 1130,3545 1182,3544 1234,3544 1286,3543 1338,3542 1390,3540 1442,3540 1494,3539 1547,3537"/>
                <TextEquiv>
                    <Unicode>50 Zeitungsausschnitte (Artikel oder Notizen) Kr. 15.—</Unicode>
                </TextEquiv>
            </TextLine>
            <TextLine id="r2l46" custom="readingOrder {index:45;}">
                <Coords points="1598,3558 1756,3560 1772,3548 1788,3550 1789,3525 1769,3524 1759,3515 1740,3522 1723,3514 1683,3519 1671,3513 1654,3518 1626,3507 1599,3510"/>
                <Baseline points="1607,3552 1635,3551 1664,3551 1693,3552 1722,3553 1751,3554 1780,3555"/>
                <TextEquiv>
                    <Unicode>inclusive</Unicode>
                </TextEquiv>
            </TextLine>
            <TextLine id="r2l47" custom="readingOrder {index:46;}">
                <Coords points="1451,3581 1497,3584 1501,3580 1512,3586 1528,3576 1535,3582 1539,3578 1544,3581 1565,3567 1574,3567 1574,3549 1556,3553 1547,3544 1526,3555 1508,3543 1493,3541 1490,3545 1475,3543 1463,3549 1450,3545"/>
                <Baseline points="1460,3578 1486,3573 1513,3574 1539,3576 1566,3572"/>
                <TextEquiv>
                    <Unicode>28.—</Unicode>
                </TextEquiv>
            </TextLine>
            <TextLine id="r2l48" custom="readingOrder {index:47;}">
                <Coords points="488,3603 524,3597 528,3600 535,3598 539,3602 549,3598 573,3599 572,3565 563,3565 555,3558 548,3557 539,3562 519,3552 505,3556 497,3549 487,3550"/>
                <Baseline points="497,3591 530,3589 563,3589"/>
                <TextEquiv>
                    <Unicode>100</Unicode>
                </TextEquiv>
            </TextLine>
            <TextLine id="r2l49" custom="readingOrder {index:48;}">
                <Coords points="1607,3599 1623,3596 1648,3603 1659,3596 1702,3595 1714,3608 1749,3587 1758,3587 1758,3567 1744,3563 1731,3574 1712,3558 1685,3557 1674,3564 1647,3555 1607,3562"/>
                <Baseline points="1616,3591 1642,3590 1668,3589 1695,3589 1721,3591 1748,3593"/>
                <TextEquiv>
                    <Unicode>Porto.</Unicode>
                </TextEquiv>
            </TextLine>
            <TextLine id="r2l50" custom="readingOrder {index:49;}">
                <Coords points="1446,3620 1461,3621 1466,3615 1475,3623 1508,3620 1513,3624 1518,3620 1543,3619 1544,3581 1532,3579 1510,3586 1507,3582 1498,3584 1490,3580 1487,3584 1463,3583 1455,3577 1447,3577"/>
                <Baseline points="1456,3613 1482,3613 1508,3613 1534,3615"/>
                <TextEquiv>
                    <Unicode>50.—</Unicode>
                </TextEquiv>
            </TextLine>
            <TextLine id="r2l51" custom="readingOrder {index:50;}">
                <Coords points="477,3641 495,3640 498,3636 534,3639 545,3636 556,3638 559,3634 576,3637 574,3599 563,3600 558,3596 540,3601 522,3598 499,3600 486,3592 475,3592"/>
                <Baseline points="485,3633 512,3629 539,3629 567,3629"/>
                <TextEquiv>
                    <Unicode>200</Unicode>
                </TextEquiv>
            </TextLine>
            <TextLine id="r2l52" custom="readingOrder {index:51;}">
                <Coords points="1588,3636 1606,3633 1635,3645 1697,3633 1706,3642 1726,3643 1774,3628 1774,3596 1738,3595 1720,3608 1702,3595 1686,3599 1672,3594 1648,3603 1621,3596 1587,3608"/>
                <Baseline points="1597,3634 1625,3632 1653,3631 1681,3631 1709,3631 1737,3631 1766,3630"/>
                <TextEquiv>
                    <Unicode>Zahlhar</Unicode>
                </TextEquiv>
            </TextLine>
            <TextLine id="r2l53" custom="readingOrder {index:52;}">
                <Coords points="1437,3661 1471,3659 1489,3663 1511,3659 1518,3666 1530,3655 1537,3657 1552,3648 1575,3645 1575,3629 1552,3629 1536,3621 1532,3625 1525,3621 1512,3625 1507,3620 1496,3623 1493,3619 1475,3623 1466,3616 1453,3619 1437,3614"/>
                <Baseline points="1446,3652 1476,3652 1506,3654 1536,3654 1566,3650"/>
                <TextEquiv>
                    <Unicode>110.—</Unicode>
                </TextEquiv>
            </TextLine>
            <TextLine id="r2l54" custom="readingOrder {index:53;}">
                <Coords points="1119,3674 1148,3677 1153,3681 1166,3678 1167,3680 1183,3680 1186,3636 1175,3637 1171,3633 1166,3635 1161,3631 1148,3639 1144,3637 1140,3641 1135,3637 1130,3640 1121,3640"/>
                <Baseline points="1129,3666 1175,3668"/>
                <TextEquiv>
                    <Unicode>„</Unicode>
                </TextEquiv>
            </TextLine>
            <TextLine id="r2l55" custom="readingOrder {index:54;}">
                <Coords points="482,3675 498,3673 516,3679 521,3677 525,3681 529,3677 538,3677 543,3683 552,3676 577,3678 577,3642 567,3642 560,3634 556,3638 543,3636 536,3640 524,3636 500,3636 491,3645 482,3645"/>
                <Baseline points="491,3667 517,3667 543,3668 569,3667"/>
                <TextEquiv>
                    <Unicode>500</Unicode>
                </TextEquiv>
            </TextLine>
            <TextLine id="r2l56" custom="readingOrder {index:55;}">
                <Coords points="1435,3707 1528,3708 1655,3671 1691,3694 1812,3671 1810,3644 1786,3635 1734,3646 1617,3636 1590,3658 1567,3645 1531,3670 1496,3658 1432,3664"/>
                <Baseline points="1442,3692 1467,3691 1493,3691 1519,3688 1544,3686 1570,3684 1596,3682 1622,3680 1647,3677 1673,3675 1699,3673 1724,3671 1750,3671 1776,3670 1802,3670"/>
                <TextEquiv>
                    <Unicode>200.—) im Vorans.</Unicode>
                </TextEquiv>
            </TextLine>
            <TextLine id="r2l57" custom="readingOrder {index:56;}">
                <Coords points="1383,3713 1396,3713 1399,3709 1404,3708 1416,3714 1426,3707 1430,3700 1439,3699 1434,3671 1426,3672 1419,3679 1409,3671 1406,3672 1385,3658 1375,3660"/>
                <Baseline points="1389,3697 1428,3691"/>
                <TextEquiv>
                    <Unicode>„</Unicode>
                </TextEquiv>
            </TextLine>
            <TextLine id="r2l58" custom="readingOrder {index:57;}">
                <Coords points="454,3708 472,3705 503,3732 512,3723 526,3725 540,3714 556,3719 578,3699 592,3698 592,3676 544,3678 539,3674 519,3680 508,3674 492,3674 481,3683 470,3678 465,3683 454,3683"/>
                <Baseline points="464,3709 494,3708 524,3707 554,3708 584,3709"/>
                <TextEquiv>
                    <Unicode>1000</Unicode>
                </TextEquiv>
            </TextLine>
            <TextLine id="r2l59" custom="readingOrder {index:58;}">
                <Coords points="428,3730 439,3729 446,3731 451,3725 460,3724 454,3690 449,3691 433,3690 431,3692 422,3693"/>
                <Baseline points="435,3715 449,3713"/>
                <TextEquiv>
                    <Unicode>*</Unicode>
                </TextEquiv>
            </TextLine>
            <TextLine id="r2l60" custom="readingOrder {index:59;}">
                <Coords points="500,3769 1819,3735 1818,3685 1761,3684 500,3726"/>
                <Baseline points="510,3758 575,3757 640,3757 705,3756 770,3755 835,3754 900,3753 965,3752 1030,3751 1095,3750 1160,3749 1225,3747 1290,3746 1355,3744 1420,3743 1485,3741 1550,3740 1615,3738 1680,3736 1745,3735 1811,3734"/>
                <TextEquiv>
                    <Unicode>Im Gegensatze zu anderen Bureaux für Zeitungsausschnitte ist dar</Unicode>
                </TextEquiv>
            </TextLine>
            <TextLine id="r2l61" custom="readingOrder {index:60;}">
                <Coords points="389,3804 1742,3808 1828,3779 1827,3735 388,3766"/>
                <Baseline points="398,3799 469,3798 540,3796 611,3795 682,3794 753,3793 824,3792 895,3791 966,3791 1037,3790 1108,3789 1179,3788 1250,3787 1321,3786 1392,3785 1463,3784 1534,3783 1605,3781 1676,3780 1747,3778 1819,3776"/>
                <TextEquiv>
                    <Unicode>Abonnement durch keine bestimmte Zeitdauer begrenzt; — auch stcht es den</Unicode>
                </TextEquiv>
            </TextLine>
            <TextLine id="r2l62" custom="readingOrder {index:61;}">
                <Coords points="386,3864 1669,3832 1703,3794 385,3814"/>
                <Baseline points="395,3838 463,3837 531,3836 600,3836 668,3835 736,3834 805,3833 873,3833 941,3832 1010,3831 1078,3830 1147,3829 1215,3828 1283,3826 1352,3825 1420,3823 1488,3821 1557,3819 1625,3817 1694,3814"/>
                <TextEquiv>
                    <Unicode>Abonnenten frei die aufgegebenen Themen zu ergänzen oder zu ändern.</Unicode>
                </TextEquiv>
            </TextLine>
            <TextLine id="r2l63" custom="readingOrder {index:62;}">
                <Coords points="505,3928 1835,3897 1769,3853 953,3888 689,3860 504,3899"/>
                <Baseline points="514,3921 579,3920 645,3919 710,3918 776,3917 841,3917 907,3916 972,3915 1038,3915 1103,3914 1169,3913 1235,3912 1300,3910 1366,3909 1431,3908 1497,3906 1562,3904 1628,3902 1693,3900 1759,3898 1825,3895"/>
                <TextEquiv>
                    <Unicode>Der „OBSERVER“ veranstaltet täglich einen Auszug enthaltend die</Unicode>
                </TextEquiv>
            </TextLine>
            <TextLine id="r2l64" custom="readingOrder {index:63;}">
                <Coords points="385,3977 1716,3956 1811,3906 384,3938"/>
                <Baseline points="393,3963 463,3962 534,3961 604,3960 675,3959 745,3959 816,3958 886,3957 957,3955 1027,3955 1098,3953 1168,3952 1239,3951 1309,3950 1380,3948 1450,3946 1521,3945 1591,3943 1662,3942 1732,3940 1803,3938"/>
                <TextEquiv>
                    <Unicode>Inhaltsangabe aller wichtigen Mittheilungen der Wiener Morgen¬</Unicode>
                </TextEquiv>
            </TextLine>
            <TextLine id="r2l65" custom="readingOrder {index:64;}">
                <Coords points="385,4013 1826,3985 1800,3933 385,3978"/>
                <Baseline points="393,4001 464,4000 535,3999 606,3998 677,3997 749,3996 820,3996 891,3995 962,3994 1033,3993 1105,3992 1176,3991 1247,3990 1318,3989 1389,3987 1461,3986 1532,3985 1603,3983 1674,3980 1745,3979 1817,3976"/>
                <TextEquiv>
                    <Unicode>blätter (Tagesjournale ausser „Neue Freie Presse“ und „Wiener Zeitung“)</Unicode>
                </TextEquiv>
            </TextLine>
            <TextLine id="r2l66" custom="readingOrder {index:65;}">
                <Coords points="393,4050 1588,4038 1828,4021 1828,3985 392,4016"/>
                <Baseline points="401,4040 471,4039 542,4038 613,4037 684,4037 755,4036 826,4035 897,4034 968,4033 1039,4032 1110,4032 1180,4030 1251,4029 1322,4028 1393,4026 1464,4024 1535,4022 1606,4019 1677,4016 1748,4013 1819,4010"/>
                <TextEquiv>
                    <Unicode>wodurch eine Uebersicht ber das gesammte politische und wirthschaftliche</Unicode>
                </TextEquiv>
            </TextLine>
            <TextLine id="r2l67" custom="readingOrder {index:66;}">
                <Coords points="379,4100 1831,4053 1760,4020 378,4050"/>
                <Baseline points="387,4079 458,4079 530,4078 602,4078 674,4077 745,4076 817,4075 889,4074 961,4073 1032,4072 1104,4070 1176,4069 1248,4067 1319,4066 1391,4064 1463,4062 1535,4060 1606,4058 1678,4056 1750,4054 1822,4052"/>
                <TextEquiv>
                    <Unicode>Leben des In- und Auslandes in drastischer Kürze geboten wird. Diese Mit¬</Unicode>
                </TextEquiv>
            </TextLine>
            <TextLine id="r2l68" custom="readingOrder {index:67;}">
                <Coords points="381,4129 460,4153 747,4118 1226,4129 1382,4113 1421,4075 380,4088"/>
                <Baseline points="389,4122 440,4121 491,4120 542,4119 593,4118 644,4117 695,4116 747,4115 798,4115 849,4114 900,4113 951,4112 1002,4111 1053,4110 1105,4109 1156,4108 1207,4107 1258,4105 1309,4104 1360,4102 1412,4100"/>
                <TextEquiv>
                    <Unicode>theilungen werden is Wien um 9 Uhr Früh verschickt.</Unicode>
                </TextEquiv>
            </TextLine>
            <TextLine id="r2l69" custom="readingOrder {index:68;}">
                <Coords points="719,4230 1063,4206 1480,4225 1479,4171 1084,4150 1023,4173 815,4175 717,4151"/>
                <Baseline points="728,4206 765,4205 802,4205 839,4205 876,4204 913,4204 950,4203 988,4202 1025,4202 1062,4201 1099,4200 1136,4199 1173,4199 1210,4198 1248,4197 1285,4197 1322,4196 1359,4196 1396,4195 1433,4195 1471,4195"/>
                <TextEquiv>
                    <Unicode>Pnospecte gnatis und fnanco.</Unicode>
                </TextEquiv>
            </TextLine>
            <TextLine id="r2l70" custom="readingOrder {index:69;}">
                <Coords points="842,4278 893,4283 932,4261 1009,4281 1070,4268 1192,4280 1240,4254 1291,4253 1329,4269 1380,4249 1380,4220 841,4217"/>
                <Baseline points="851,4256 877,4254 903,4253 929,4251 955,4250 981,4250 1007,4249 1033,4248 1059,4248 1085,4248 1111,4248 1137,4248 1163,4248 1189,4248 1215,4248 1241,4248 1267,4247 1293,4247 1319,4246 1345,4245 1371,4244"/>
                <TextEquiv>
                    <Unicode>Quellenangabe ohne Gewähr.</Unicode>
                </TextEquiv>
            </TextLine>
            <TextEquiv>
                <Unicode>box 23/1
18. Der einsane Neg
Dr. Max Goldschmidt
 Bureau für
Zeitungsausschnitte
verbunden mit direktem Nachrichtendienst durch
eisene Korrespondenten.
Telephon: III, 3051.
Berlin N 24.
—
Ausschnitt aus
amburgischer Correspondem
T4FEB. 1904 —
— 
2 
Berlin, den 13. Februar. ( Orig.=Telgr.) Im

Deutschen Theater fand leute Arxyur SchnitlersDer
einsame Weg“ nach langen Geduldp###d Puvlikums
eine unzweideutige Ablehnung. Eine Art Recherche #te
de la paternité in übertrieben sentimentaler Beleuchtung
bildet den Inhalt
3
Machrichten
I. öste
Wien, I., Concondiaplarz 4.
Vertretungen in Berlin, Badapest, Chicago, Genf, London, Newyork, Paris, Rom,
Stockholm, Kristiania, St. Petersburg.
Ausschnitt aus:
DIE ZEIT, WIEN
(Tägliche Ausgabe)
vom: 441.100
U
h Schnitzlers „Der Einsame Weg“. Man.
(telegraphiert uns aus Berlin vom 13. d.: Das
Deutsche Theater spielte heute Schnitzlers
„Der Einsame Weg“ in trefflicher Darstellung.
Das Stück, das sehr komplizierte Konflikte auf
die letzten und verstiegensten Seelenfeinheiten auf¬
zubauen versucht, erregte lebhaftes Interesse, das
sich gegen die Kälte und den Widerspruch eines
Teiles des Publikums nur schwer durchsetzte.
——
Sg-
50 Zeitungsausschnitte (Artikel oder Notizen) Kr. 15.—
inclusive
28.—
100
Porto.
50.—
200
Zahlhar
110.—
„
500
200.—) im Vorans.
„
1000
*
Im Gegensatze zu anderen Bureaux für Zeitungsausschnitte ist dar
Abonnement durch keine bestimmte Zeitdauer begrenzt; — auch stcht es den
Abonnenten frei die aufgegebenen Themen zu ergänzen oder zu ändern.
Der „OBSERVER“ veranstaltet täglich einen Auszug enthaltend die
Inhaltsangabe aller wichtigen Mittheilungen der Wiener Morgen¬
blätter (Tagesjournale ausser „Neue Freie Presse“ und „Wiener Zeitung“)
wodurch eine Uebersicht ber das gesammte politische und wirthschaftliche
Leben des In- und Auslandes in drastischer Kürze geboten wird. Diese Mit¬
theilungen werden is Wien um 9 Uhr Früh verschickt.
Pnospecte gnatis und fnanco.
Quellenangabe ohne Gewähr.</Unicode>
            </TextEquiv>
        </TextRegion>
        <TextRegion orientation="0.0" id="r3" custom="readingOrder {index:2;}">
            <Coords points="1953,282 1953,4284 3358,4284 3358,282"/>
            <TextLine id="r3l1" custom="readingOrder {index:0;}">
                <Coords points="2446,342 2872,327 2870,271 2841,260 2757,269 2720,254 2579,284 2444,263"/>
                <Baseline points="2454,317 2479,315 2504,314 2530,312 2555,311 2581,310 2606,310 2632,308 2657,308 2682,307 2708,306 2733,306 2759,305 2784,304 2810,304 2835,303 2861,303"/>
                <TextEquiv>
                    <Unicode>Telephon 12801.</Unicode>
                </TextEquiv>
            </TextLine>
            <TextLine id="r3l2" custom="readingOrder {index:1;}">
                <Coords points="2052,428 3263,385 3261,331 3131,325 2051,392"/>
                <Baseline points="2061,429 2120,426 2180,422 2239,419 2299,416 2359,414 2418,411 2478,409 2537,406 2597,404 2657,402 2716,400 2776,398 2835,397 2895,395 2955,393 3014,392 3074,390 3133,388 3193,387 3253,384"/>
                <TextEquiv>
                    <Unicode>Alex. Weigl’s Unternehmen für Zeitungs-Ausschnitte</Unicode>
                </TextEquiv>
            </TextLine>
            <TextLine id="r3l3" custom="readingOrder {index:2;}">
                <Coords points="2994,449 3018,448 3063,468 3087,455 3116,462 3139,452 3184,456 3201,440 3223,444 3221,424 3210,425 3171,392 3147,405 3109,405 3098,415 3039,405 3022,417 2991,409"/>
                <Baseline points="3005,462 3031,456 3057,451 3083,448 3109,445 3135,444 3161,443 3187,443 3213,443"/>
                <TextEquiv>
                    <Unicode>Ausschnitt</Unicode>
                </TextEquiv>
            </TextLine>
            <TextLine id="r3l4" custom="readingOrder {index:3;}">
                <Coords points="3072,550 3135,549 3192,523 3216,521 3236,531 3259,529 3273,517 3293,519 3288,451 3252,452 3215,484 3200,485 3153,454 3128,454 3118,464 3098,458 3066,465"/>
                <Baseline points="3080,526 3105,524 3130,522 3156,520 3181,518 3206,517 3232,515 3257,513 3283,511"/>
                <TextEquiv>
                    <Unicode>Nr. 1</Unicode>
                </TextEquiv>
            </TextLine>
            <TextLine id="r3l5" custom="readingOrder {index:4;}">
                <Coords points="2249,551 2356,566 2387,542 2530,559 2636,536 2679,557 2794,526 2952,542 2986,520 2981,436 2653,429 2522,464 2424,448 2248,536"/>
                <Baseline points="2258,553 2295,550 2333,546 2371,543 2409,540 2447,537 2485,535 2522,532 2560,530 2598,527 2636,525 2674,523 2712,521 2749,519 2787,517 2825,515 2863,514 2901,512 2939,510 2977,508"/>
                <TextEquiv>
                    <Unicode>„OBSERVER“</Unicode>
                </TextEquiv>
            </TextLine>
            <TextLine id="r3l6" custom="readingOrder {index:5;}">
                <Coords points="2013,542 2040,549 2050,544 2092,559 2113,552 2147,557 2190,541 2190,485 2174,482 2161,469 2116,469 2105,477 2095,470 2064,470 2027,490 2012,490"/>
                <Baseline points="2021,534 2047,535 2074,535 2101,535 2128,535 2155,534 2182,533"/>
                <TextEquiv>
                    <Unicode>105</Unicode>
                </TextEquiv>
            </TextLine>
            <TextLine id="r3l7" custom="readingOrder {index:6;}">
                <Coords points="1945,642 3357,584 3354,512 3315,511 3237,552 1943,585"/>
                <Baseline points="1953,623 2022,621 2092,618 2162,615 2231,613 2301,611 2371,608 2440,606 2510,603 2580,601 2650,599 2719,596 2789,594 2859,591 2928,589 2998,587 3068,585 3137,583 3207,581 3277,578 3347,576"/>
                <TextEquiv>
                    <Unicode>I. österr. behördl. conc. Bureau für Zeitungsberichte u. Personalnachrichte</Unicode>
                </TextEquiv>
            </TextLine>
            <TextLine id="r3l8" custom="readingOrder {index:7;}">
                <Coords points="2226,701 3134,669 3132,617 3042,610 2616,638 2469,616 2364,649 2224,631"/>
                <Baseline points="2235,682 2279,682 2324,682 2368,681 2413,680 2457,678 2502,677 2546,675 2591,673 2635,671 2680,669 2724,667 2769,665 2813,663 2858,661 2902,659 2947,658 2991,657 3036,656 3080,655 3125,655"/>
                <TextEquiv>
                    <Unicode>Wien, I., Concondiaplatz 4.</Unicode>
                </TextEquiv>
            </TextLine>
            <TextLine id="r3l9" custom="readingOrder {index:8;}">
                <Coords points="1953,762 3355,732 3353,680 3212,654 1952,721"/>
                <Baseline points="1961,750 2030,748 2099,745 2168,743 2237,740 2306,738 2375,736 2445,733 2514,730 2583,728 2652,725 2721,723 2790,720 2859,718 2929,715 2998,713 3067,711 3136,710 3205,708 3274,707 3344,706"/>
                <TextEquiv>
                    <Unicode>Vertretungen in Berlin, Budapest, Chicago, Genf, London, Newyork, Paris, Rer</Unicode>
                </TextEquiv>
            </TextLine>
            <TextLine id="r3l10" custom="readingOrder {index:9;}">
                <Coords points="2314,792 3038,774 3015,729 2930,721 2313,752"/>
                <Baseline points="2323,775 2358,775 2393,773 2428,773 2464,772 2499,770 2534,769 2570,768 2605,767 2640,766 2676,764 2711,763 2746,762 2781,761 2817,761 2852,760 2887,760 2923,760 2958,760 2993,760 3029,761"/>
                <TextEquiv>
                    <Unicode>Stockholm. Kristiania, St. Petersburg.</Unicode>
                </TextEquiv>
            </TextLine>
            <TextLine id="r3l11" custom="readingOrder {index:10;}">
                <Coords points="1945,951 2146,937 2220,956 2249,930 2301,923 2431,933 2468,915 2466,865 2208,883 2174,864 2094,896 2021,876 1943,904"/>
                <Baseline points="1954,934 1979,933 2004,932 2029,930 2055,929 2080,928 2105,927 2130,926 2156,924 2181,924 2206,922 2231,921 2257,920 2282,920 2307,919 2332,919 2358,919 2383,918 2408,918 2433,918 2459,919"/>
                <TextEquiv>
                    <Unicode>Ausschnitt aus:</Unicode>
                </TextEquiv>
            </TextLine>
            <TextLine id="r3l12" custom="readingOrder {index:11;}">
                <Coords points="2466,943 2576,974 2727,970 2823,934 2920,960 3281,944 3333,933 3331,874 2521,879 2465,925"/>
                <Baseline points="2474,942 2516,945 2558,946 2601,947 2643,947 2686,947 2728,947 2771,946 2813,945 2856,943 2898,941 2940,940 2983,938 3025,935 3068,934 3110,931 3153,930 3195,928 3238,926 3280,924 3323,923"/>
                <TextEquiv>
                    <Unicode>Iilastzirtes Wiener Entrahlatt</Unicode>
                </TextEquiv>
            </TextLine>
            <TextLine id="r3l13" custom="readingOrder {index:12;}">
                <Coords points="1954,1073 2033,1098 2149,1089 2167,1071 2330,1061 2386,1081 2531,1063 2523,987 2470,992 2410,968 2393,983 2283,977 2190,1029 2104,1017 2049,1038 1950,1021"/>
                <Baseline points="1963,1068 1990,1071 2018,1073 2046,1074 2073,1075 2101,1074 2129,1073 2156,1071 2184,1069 2212,1067 2240,1063 2267,1060 2295,1057 2323,1052 2350,1048 2378,1044 2406,1040 2433,1036 2461,1032 2489,1028 2517,1025"/>
                <TextEquiv>
                    <Unicode>vor. 0</Unicode>
                </TextEquiv>
            </TextLine>
            <TextLine id="r3l14" custom="readingOrder {index:13;}">
                <Coords points="2427,1203 2553,1234 2699,1208 2776,1239 2922,1208 3038,1244 3125,1213 3126,1131 2938,1114 2891,1137 2807,1119 2765,1145 2696,1126 2659,1147 2590,1116 2428,1110"/>
                <Baseline points="2435,1199 2469,1201 2503,1202 2537,1203 2571,1204 2605,1204 2639,1205 2673,1206 2707,1206 2741,1207 2776,1207 2810,1207 2844,1208 2878,1208 2912,1209 2946,1210 2980,1211 3014,1212 3048,1213 3082,1214 3117,1217"/>
                <TextEquiv>
                    <Unicode>Theaterzeitung.</Unicode>
                </TextEquiv>
            </TextLine>
            <TextLine id="r3l15" custom="readingOrder {index:14;}">
                <Coords points="2495,1321 2584,1332 2687,1308 2800,1332 2881,1318 2981,1330 2999,1312 3030,1326 3030,1239 2910,1239 2816,1264 2748,1240 2614,1255 2580,1237 2495,1269"/>
                <Baseline points="2504,1302 2529,1301 2555,1300 2581,1299 2607,1299 2633,1298 2658,1298 2684,1298 2710,1298 2736,1298 2762,1298 2787,1298 2813,1298 2839,1299 2865,1299 2891,1300 2916,1301 2942,1302 2968,1303 2994,1304 3020,1306"/>
                <TextEquiv>
                    <Unicode>„Der einsame Weg.“</Unicode>
                </TextEquiv>
            </TextLine>
            <TextLine id="r3l16" custom="readingOrder {index:15;}">
                <Coords points="2350,1383 2912,1382 2939,1404 3196,1382 3196,1328 3168,1322 2855,1347 2828,1325 2742,1347 2351,1331"/>
                <Baseline points="2359,1373 2400,1373 2441,1373 2483,1373 2524,1373 2566,1374 2607,1375 2648,1375 2690,1376 2731,1377 2773,1378 2814,1379 2855,1379 2897,1380 2938,1380 2980,1381 3021,1381 3062,1381 3104,1381 3145,1381 3187,1380"/>
                <TextEquiv>
                    <Unicode>Ein neues Drama von Schnitzler.</Unicode>
                </TextEquiv>
            </TextLine>
            <TextLine id="r3l17" custom="readingOrder {index:16;}">
                <Coords points="2383,1422 2453,1445 3268,1446 3251,1390 3057,1408 2908,1381 2741,1409 2693,1383 2384,1386"/>
                <Baseline points="2392,1423 2435,1425 2478,1428 2522,1429 2565,1430 2608,1432 2652,1432 2695,1433 2738,1433 2782,1433 2825,1434 2868,1434 2912,1434 2955,1434 2998,1434 3042,1434 3085,1435 3128,1436 3172,1437 3215,1438 3259,1440"/>
                <TextEquiv>
                    <Unicode>Berlin, 13. Februar. (Privat=Depesche.)</Unicode>
                </TextEquiv>
            </TextLine>
            <TextLine id="r3l18" custom="readingOrder {index:17;}">
                <Coords points="2266,1485 3158,1497 3280,1488 3281,1448 2267,1423"/>
                <Baseline points="2276,1465 2325,1468 2375,1469 2425,1472 2475,1473 2525,1475 2574,1476 2624,1476 2674,1477 2724,1478 2774,1478 2823,1478 2873,1478 2923,1478 2973,1478 3023,1478 3072,1478 3122,1478 3172,1478 3222,1479 3272,1479"/>
                <TextEquiv>
                    <Unicode>Mit seinem fünfactigen Schauspiel „Der einsame</Unicode>
                </TextEquiv>
            </TextLine>
            <TextLine id="r3l19" custom="readingOrder {index:18;}">
                <Coords points="2280,1527 3271,1532 3271,1485 3201,1479 2280,1482"/>
                <Baseline points="2288,1509 2336,1511 2385,1512 2433,1514 2482,1515 2531,1516 2579,1517 2628,1518 2677,1519 2725,1520 2774,1520 2823,1521 2871,1521 2920,1521 2969,1521 3017,1521 3066,1521 3115,1521 3163,1521 3212,1520 3261,1520"/>
                <TextEquiv>
                    <Unicode>Weg“, das heute im Deutschen Theater seine</Unicode>
                </TextEquiv>
            </TextLine>
            <TextLine id="r3l20" custom="readingOrder {index:19;}">
                <Coords points="2283,1556 3269,1571 3256,1527 2284,1522"/>
                <Baseline points="2292,1552 2340,1553 2388,1555 2437,1556 2485,1557 2534,1558 2582,1559 2630,1560 2679,1560 2727,1561 2776,1561 2824,1562 2872,1562 2921,1562 2969,1562 3018,1562 3066,1562 3114,1562 3163,1562 3211,1562 3260,1562"/>
                <TextEquiv>
                    <Unicode>Uraufführung erlebte, wendet sich Schnitzler von</Unicode>
                </TextEquiv>
            </TextLine>
            <TextLine id="r3l21" custom="readingOrder {index:20;}">
                <Coords points="2279,1606 3283,1606 3283,1575 3231,1564 2280,1556"/>
                <Baseline points="2288,1597 2337,1598 2386,1598 2435,1599 2485,1600 2534,1600 2583,1601 2633,1601 2682,1602 2731,1602 2781,1603 2830,1603 2879,1603 2928,1604 2978,1604 3027,1604 3076,1604 3126,1604 3175,1604 3224,1603 3274,1603"/>
                <TextEquiv>
                    <Unicode>seinen bisherigen dichterischen Pfaden ab und schlägt</Unicode>
                </TextEquiv>
            </TextLine>
            <TextLine id="r3l22" custom="readingOrder {index:21;}">
                <Coords points="2284,1641 3282,1643 3248,1610 2284,1603"/>
                <Baseline points="2294,1636 2343,1638 2392,1640 2441,1641 2490,1642 2539,1643 2588,1644 2637,1645 2686,1645 2735,1646 2784,1646 2833,1647 2882,1647 2931,1647 2980,1647 3029,1647 3078,1647 3127,1647 3176,1647 3225,1647 3274,1647"/>
                <TextEquiv>
                    <Unicode>die Bahnen Ibsen's, Hauptmann's, theilweise auch</Unicode>
                </TextEquiv>
            </TextLine>
            <TextLine id="r3l23" custom="readingOrder {index:22;}">
                <Coords points="2281,1692 3250,1711 3272,1654 2281,1642"/>
                <Baseline points="2290,1680 2338,1681 2387,1681 2435,1682 2484,1682 2533,1683 2581,1684 2630,1685 2678,1686 2727,1687 2776,1687 2824,1688 2873,1689 2921,1690 2970,1690 3019,1690 3067,1691 3116,1691 3164,1690 3213,1690 3262,1689"/>
                <TextEquiv>
                    <Unicode>Maeterlinck's ein. Das Drama entwickelt sich fast</Unicode>
                </TextEquiv>
            </TextLine>
            <TextLine id="r3l24" custom="readingOrder {index:23;}">
                <Coords points="2275,1733 3253,1750 3280,1746 3281,1689 2276,1694"/>
                <Baseline points="2284,1724 2333,1724 2382,1724 2432,1724 2481,1724 2531,1725 2580,1726 2629,1726 2679,1727 2728,1728 2778,1729 2827,1731 2876,1732 2926,1733 2975,1733 3025,1734 3074,1734 3123,1734 3173,1733 3222,1733 3272,1732"/>
                <TextEquiv>
                    <Unicode>ausschließlich aus inneren seelischen Vorgängen,</Unicode>
                </TextEquiv>
            </TextLine>
            <TextLine id="r3l25" custom="readingOrder {index:24;}">
                <Coords points="2271,1792 2898,1769 3332,1799 3361,1752 2272,1734"/>
                <Baseline points="2280,1765 2333,1765 2387,1765 2440,1766 2494,1766 2548,1767 2601,1768 2655,1768 2708,1769 2762,1770 2816,1771 2869,1772 2923,1773 2976,1774 3030,1775 3084,1776 3137,1778 3191,1779 3244,1781 3298,1783 3352,1785"/>
                <TextEquiv>
                    <Unicode>äußere Geschehnisse werden nur spärlich verwendet, jusiv</Unicode>
                </TextEquiv>
            </TextLine>
            <TextLine id="r3l26" custom="readingOrder {index:25;}">
                <Coords points="1984,1822 2061,1826 2103,1803 2122,1815 2179,1813 2201,1823 2229,1813 2269,1822 2267,1751 2178,1774 1982,1777"/>
                <Baseline points="1993,1814 2019,1814 2046,1814 2073,1812 2099,1811 2126,1811 2153,1809 2179,1808 2206,1807 2233,1806 2260,1806"/>
                <TextEquiv>
                    <Unicode>Für 50 Zeit</Unicode>
                </TextEquiv>
            </TextLine>
            <TextLine id="r3l27" custom="readingOrder {index:26;}">
                <Coords points="2287,1813 3001,1843 3328,1835 3354,1803 2288,1771"/>
                <Baseline points="2297,1808 2349,1808 2401,1809 2454,1809 2506,1810 2559,1810 2611,1810 2663,1811 2716,1811 2768,1812 2821,1813 2873,1813 2925,1814 2978,1815 3030,1817 3083,1818 3135,1820 3187,1822 3240,1824 3292,1826 3345,1829"/>
                <TextEquiv>
                    <Unicode>wo sie zur Fortführung der Handlung unumgänglich rto.</Unicode>
                </TextEquiv>
            </TextLine>
            <TextLine id="r3l28" custom="readingOrder {index:27;}">
                <Coords points="2091,1857 2105,1858 2109,1854 2131,1858 2138,1853 2145,1857 2161,1853 2170,1856 2178,1847 2187,1846 2185,1816 2169,1819 2161,1814 2149,1818 2124,1813 2112,1820 2108,1818 2089,1825"/>
                <Baseline points="2100,1850 2126,1848 2152,1846 2178,1844"/>
                <TextEquiv>
                    <Unicode>100</Unicode>
                </TextEquiv>
            </TextLine>
            <TextLine id="r3l29" custom="readingOrder {index:28;}">
                <Coords points="2273,1858 2384,1870 2440,1854 2487,1871 2516,1851 2630,1868 2718,1856 2719,1828 2645,1829 2624,1814 2372,1820 2360,1807 2308,1819 2274,1806"/>
                <Baseline points="2283,1848 2308,1848 2333,1848 2358,1848 2383,1849 2408,1849 2433,1850 2458,1850 2483,1851 2508,1851 2533,1852 2558,1852 2583,1852 2608,1852 2633,1851 2658,1850 2683,1850 2709,1848"/>
                <TextEquiv>
                    <Unicode>nothwendig erscheinen.</Unicode>
                </TextEquiv>
            </TextLine>
            <TextLine id="r3l30" custom="readingOrder {index:29;}">
                <Coords points="3248,1860 3257,1860 3270,1871 3295,1866 3313,1875 3316,1871 3334,1875 3340,1869 3361,1870 3360,1816 3351,1817 3323,1839 3307,1830 3281,1831 3276,1827 3272,1831 3263,1828 3247,1833"/>
                <Baseline points="3257,1863 3289,1864 3321,1863 3353,1861"/>
                <TextEquiv>
                    <Unicode>ilbar</Unicode>
                </TextEquiv>
            </TextLine>
            <TextLine id="r3l31" custom="readingOrder {index:30;}">
                <Coords points="2087,1895 2096,1895 2099,1891 2105,1894 2108,1890 2114,1895 2127,1893 2130,1896 2137,1892 2159,1895 2168,1894 2178,1886 2193,1893 2202,1892 2201,1871 2188,1870 2167,1853 2121,1855 2110,1860 2097,1855 2094,1859 2085,1859"/>
                <Baseline points="2096,1894 2128,1887 2160,1886 2192,1888"/>
                <TextEquiv>
                    <Unicode>200</Unicode>
                </TextEquiv>
            </TextLine>
            <TextLine id="r3l32" custom="readingOrder {index:31;}">
                <Coords points="2380,1897 3295,1908 3363,1935 3364,1869 2380,1867"/>
                <Baseline points="2389,1890 2437,1891 2485,1892 2533,1892 2582,1893 2630,1894 2678,1895 2727,1895 2775,1896 2823,1897 2872,1898 2920,1898 2968,1899 3016,1900 3065,1900 3113,1901 3161,1901 3210,1902 3258,1902 3306,1902 3355,1902"/>
                <TextEquiv>
                    <Unicode>Der Akademie=Director Wegrath hat als junger Vora</Unicode>
                </TextEquiv>
            </TextLine>
            <TextLine id="r3l33" custom="readingOrder {index:32;}">
                <Coords points="2081,1916 2093,1915 2106,1926 2110,1924 2128,1934 2169,1931 2181,1918 2199,1918 2199,1889 2172,1890 2168,1894 2145,1892 2136,1896 2080,1894"/>
                <Baseline points="2091,1929 2116,1924 2141,1923 2166,1924 2191,1925"/>
                <TextEquiv>
                    <Unicode>500</Unicode>
                </TextEquiv>
            </TextLine>
            <TextLine id="r3l34" custom="readingOrder {index:33;}">
                <Coords points="2277,1938 3275,1958 3265,1899 2278,1891"/>
                <Baseline points="2286,1935 2335,1934 2384,1933 2433,1933 2482,1933 2531,1934 2580,1935 2629,1936 2678,1937 2727,1939 2776,1940 2825,1942 2874,1943 2923,1944 2972,1945 3021,1945 3070,1946 3119,1945 3168,1945 3217,1943 3267,1941"/>
                <TextEquiv>
                    <Unicode>Künstler ein Mädchen geheiratet, das sich bereits seinem</Unicode>
                </TextEquiv>
            </TextLine>
            <TextLine id="r3l35" custom="readingOrder {index:34;}">
                <Coords points="2070,1959 2082,1960 2106,1981 2125,1984 2139,1976 2149,1977 2156,1972 2166,1977 2181,1965 2201,1964 2200,1937 2187,1938 2172,1928 2140,1933 2131,1928 2117,1930 2093,1915 2084,1921 2079,1916 2068,1916"/>
                <Baseline points="2079,1965 2107,1964 2135,1963 2163,1961 2191,1961"/>
                <TextEquiv>
                    <Unicode>1000</Unicode>
                </TextEquiv>
            </TextLine>
            <TextLine id="r3l36" custom="readingOrder {index:35;}">
                <Coords points="2288,1977 3211,2002 3340,1971 3341,1922 3121,1960 2289,1938"/>
                <Baseline points="2298,1980 2349,1978 2401,1977 2453,1977 2504,1977 2556,1978 2608,1979 2659,1981 2711,1982 2763,1985 2815,1986 2866,1988 2918,1989 2970,1990 3021,1990 3073,1989 3125,1988 3176,1986 3228,1982 3280,1977 3332,1971"/>
                <TextEquiv>
                    <Unicode>Freunde Julian Fichtner hingegeben hatte und mit ist</Unicode>
                </TextEquiv>
            </TextLine>
            <TextLine id="r3l37" custom="readingOrder {index:36;}">
                <Coords points="2118,2018 2134,2025 2181,2023 2204,2008 2219,2019 2244,2020 2255,2013 2276,2018 2275,1948 2243,1950 2232,1958 2222,1954 2209,1967 2180,1966 2163,1980 2118,1984"/>
                <Baseline points="2128,2013 2156,2013 2184,2011 2212,2010 2240,2011 2268,2013"/>
                <TextEquiv>
                    <Unicode>Im Ge</Unicode>
                </TextEquiv>
            </TextLine>
            <TextLine id="r3l38" custom="readingOrder {index:37;}">
                <Coords points="2278,2022 3124,2046 3355,2018 3316,1978 3029,2004 2279,1974"/>
                <Baseline points="2287,2018 2340,2018 2393,2018 2446,2018 2499,2019 2552,2020 2605,2022 2658,2023 2711,2025 2764,2027 2817,2029 2870,2030 2923,2030 2976,2031 3029,2031 3082,2030 3135,2028 3188,2025 3241,2022 3294,2017 3347,2011"/>
                <TextEquiv>
                    <Unicode>den Folgen ihrer Liebe in die Ehe tritt. Die Frucht ###</Unicode>
                </TextEquiv>
            </TextLine>
            <TextLine id="r3l39" custom="readingOrder {index:38;}">
                <Coords points="1994,2066 2125,2066 2148,2056 2231,2063 2243,2052 2276,2054 2275,2018 2255,2014 2239,2023 2196,2017 2119,2029 2077,2012 2068,2019 1993,2013"/>
                <Baseline points="2003,2057 2029,2056 2055,2056 2082,2055 2108,2054 2135,2052 2161,2052 2187,2051 2214,2050 2240,2050 2267,2051"/>
                <TextEquiv>
                    <Unicode>Abonnement d</Unicode>
                </TextEquiv>
            </TextLine>
            <TextLine id="r3l40" custom="readingOrder {index:39;}">
                <Coords points="2282,2074 3034,2083 3124,2056 3228,2088 3280,2083 3281,2033 2929,2023 2855,2051 2778,2019 2283,2020"/>
                <Baseline points="2291,2059 2340,2059 2389,2060 2438,2061 2487,2062 2536,2063 2585,2064 2634,2065 2683,2066 2732,2067 2781,2068 2830,2069 2879,2070 2928,2070 2977,2071 3026,2071 3075,2071 3124,2070 3173,2070 3222,2069 3272,2067"/>
                <TextEquiv>
                    <Unicode>ihres früheren Verhältnisses, welches am Marke</Unicode>
                </TextEquiv>
            </TextLine>
            <TextLine id="r3l41" custom="readingOrder {index:40;}">
                <Coords points="1999,2096 2013,2093 2050,2112 2085,2101 2134,2112 2175,2097 2203,2111 2230,2090 2265,2103 2263,2053 2252,2051 2229,2061 2163,2064 2148,2057 2084,2069 2053,2061 1998,2074"/>
                <Baseline points="2007,2094 2034,2094 2062,2094 2089,2093 2117,2092 2144,2091 2172,2089 2199,2088 2227,2086 2255,2085"/>
                <TextEquiv>
                    <Unicode>Abonnenten f</Unicode>
                </TextEquiv>
            </TextLine>
            <TextLine id="r3l42" custom="readingOrder {index:41;}">
                <Coords points="2284,2107 2892,2105 2975,2133 3289,2110 3289,2082 3114,2060 3031,2087 2284,2058"/>
                <Baseline points="2293,2100 2342,2101 2391,2102 2441,2103 2490,2104 2540,2105 2589,2106 2638,2107 2688,2108 2737,2108 2787,2109 2836,2110 2885,2110 2935,2111 2984,2111 3034,2111 3083,2110 3132,2110 3182,2109 3231,2108 3281,2106"/>
                <TextEquiv>
                    <Unicode>ihres Lebens zehrt und sie zum Beginn des Schau¬</Unicode>
                </TextEquiv>
            </TextLine>
            <TextLine id="r3l43" custom="readingOrder {index:42;}">
                <Coords points="3266,2148 3276,2147 3285,2139 3296,2140 3307,2149 3317,2143 3350,2141 3345,2073 3333,2070 3294,2108 3281,2109 3275,2104 3263,2106"/>
                <Baseline points="3273,2137 3307,2136 3341,2133"/>
                <TextEquiv>
                    <Unicode>end</Unicode>
                </TextEquiv>
            </TextLine>
            <TextLine id="r3l44" custom="readingOrder {index:43;}">
                <Coords points="2284,2149 3361,2179 3361,2143 3218,2115 2285,2109"/>
                <Baseline points="2294,2136 2346,2139 2399,2142 2452,2144 2505,2146 2558,2147 2611,2148 2663,2148 2716,2149 2769,2149 2822,2149 2875,2150 2928,2151 2981,2151 3033,2153 3086,2154 3139,2156 3192,2159 3245,2162 3298,2167 3351,2172"/>
                <TextEquiv>
                    <Unicode>wieles bereits als Todescandidatin erscheinen läßt,rg</Unicode>
                </TextEquiv>
            </TextLine>
            <TextLine id="r3l45" custom="readingOrder {index:44;}">
                <Coords points="2133,2184 2154,2189 2174,2182 2190,2186 2212,2181 2217,2185 2230,2183 2242,2193 2253,2182 2262,2182 2263,2132 2251,2130 2236,2139 2220,2136 2204,2147 2191,2143 2180,2150 2162,2140 2134,2138"/>
                <Baseline points="2141,2174 2169,2173 2197,2174 2225,2175 2253,2176"/>
                <TextEquiv>
                    <Unicode>Der „</Unicode>
                </TextEquiv>
            </TextLine>
            <TextLine id="r3l46" custom="readingOrder {index:45;}">
                <Coords points="2286,2197 3361,2217 3361,2188 3163,2150 2286,2154"/>
                <Baseline points="2294,2183 2346,2186 2399,2189 2452,2190 2505,2192 2558,2193 2611,2194 2663,2194 2716,2195 2769,2195 2822,2195 2875,2195 2928,2196 2981,2196 3033,2197 3086,2199 3139,2201 3192,2203 3245,2206 3298,2209 3351,2214"/>
                <TextEquiv>
                    <Unicode>in ein Sohn Felix. Dieser ist neben seiner legitimen zitun</Unicode>
                </TextEquiv>
            </TextLine>
            <TextLine id="r3l47" custom="readingOrder {index:46;}">
                <Coords points="1999,2211 2044,2230 2094,2222 2217,2229 2234,2218 2284,2214 2283,2187 2247,2178 2235,2187 2032,2180 1998,2190"/>
                <Baseline points="2008,2224 2034,2221 2061,2220 2088,2218 2114,2217 2141,2217 2168,2217 2194,2216 2221,2215 2248,2214 2275,2212"/>
                <TextEquiv>
                    <Unicode>Inhaltsangab</Unicode>
                </TextEquiv>
            </TextLine>
            <TextLine id="r3l48" custom="readingOrder {index:47;}">
                <Coords points="3184,2241 3198,2245 3226,2239 3236,2248 3244,2242 3258,2244 3270,2259 3291,2263 3303,2255 3315,2265 3347,2255 3364,2264 3369,2232 3348,2217 3312,2217 3281,2228 3262,2212 3235,2208 3219,2216 3208,2205 3190,2202"/>
                <Baseline points="3194,2230 3221,2233 3248,2239 3276,2246 3303,2252 3330,2254 3358,2250"/>
                <TextEquiv>
                    <Unicode>— haftlif</Unicode>
                </TextEquiv>
            </TextLine>
            <TextLine id="r3l49" custom="readingOrder {index:48;}">
                <Coords points="2014,2267 2111,2268 2141,2260 2176,2269 2220,2253 2240,2263 2276,2261 2273,2214 2231,2224 2173,2222 2163,2230 2150,2222 2088,2222 2049,2232 2011,2218"/>
                <Baseline points="2022,2264 2049,2262 2076,2259 2103,2258 2130,2256 2157,2254 2184,2253 2211,2251 2238,2250 2266,2248"/>
                <TextEquiv>
                    <Unicode>Slätter (T</Unicode>
                </TextEquiv>
            </TextLine>
            <TextLine id="r3l50" custom="readingOrder {index:49;}">
                <Coords points="2292,2270 3365,2308 3366,2258 3226,2239 2293,2225"/>
                <Baseline points="2302,2261 2354,2264 2407,2267 2460,2270 2512,2271 2565,2272 2618,2273 2670,2273 2723,2273 2776,2273 2829,2273 2881,2273 2934,2273 2987,2274 3039,2274 3092,2276 3145,2277 3197,2279 3250,2282 3303,2286 3356,2291"/>
                <TextEquiv>
                    <Unicode>Schwester Johanna als Sohn Wegrath's zu einen##e </Unicode>
                </TextEquiv>
            </TextLine>
            <TextLine id="r3l51" custom="readingOrder {index:50;}">
                <Coords points="2022,2301 2062,2311 2078,2301 2112,2309 2137,2297 2152,2307 2182,2294 2213,2309 2228,2295 2259,2306 2281,2300 2279,2264 2239,2263 2219,2253 2182,2273 2155,2260 2139,2270 2119,2262 2072,2269 2063,2263 2021,2274"/>
                <Baseline points="2031,2305 2057,2302 2084,2298 2111,2296 2137,2294 2164,2293 2191,2292 2217,2292 2244,2292 2271,2292"/>
                <TextEquiv>
                    <Unicode>wodurch eine</Unicode>
                </TextEquiv>
            </TextLine>
            <TextLine id="r3l52" custom="readingOrder {index:51;}">
                <Coords points="2300,2314 2691,2332 2729,2301 2799,2330 3267,2336 3284,2293 2300,2267"/>
                <Baseline points="2309,2308 2357,2309 2405,2310 2453,2311 2502,2312 2550,2313 2598,2314 2646,2314 2695,2315 2743,2316 2791,2317 2839,2318 2888,2318 2936,2319 2984,2320 3032,2320 3081,2321 3129,2322 3177,2322 3225,2322 3274,2323"/>
                <TextEquiv>
                    <Unicode>blühenden, künstlerisch veranlagten jungen Mann</Unicode>
                </TextEquiv>
            </TextLine>
            <TextLine id="r3l53" custom="readingOrder {index:52;}">
                <Coords points="2017,2347 2146,2337 2193,2346 2216,2332 2241,2341 2281,2334 2279,2302 2259,2306 2237,2295 2213,2309 2185,2298 2150,2307 2137,2296 2125,2308 2094,2309 2083,2301 2062,2311 2033,2302 2015,2308"/>
                <Baseline points="2025,2341 2052,2340 2079,2339 2107,2337 2134,2335 2161,2333 2189,2332 2216,2331 2243,2330 2271,2331"/>
                <TextEquiv>
                    <Unicode>Leben des In¬</Unicode>
                </TextEquiv>
            </TextLine>
            <TextLine id="r3l54" custom="readingOrder {index:53;}">
                <Coords points="2292,2356 3287,2367 3287,2329 3121,2317 2293,2311"/>
                <Baseline points="2301,2348 2349,2350 2398,2351 2447,2352 2496,2354 2545,2355 2593,2356 2642,2357 2691,2357 2740,2358 2789,2359 2837,2359 2886,2360 2935,2360 2984,2361 3033,2362 3081,2362 3130,2363 3179,2364 3228,2365 3277,2366"/>
                <TextEquiv>
                    <Unicode>herangewachsen, der aber vom natürlichen Vater</Unicode>
                </TextEquiv>
            </TextLine>
            <TextLine id="r3l55" custom="readingOrder {index:54;}">
                <Coords points="2020,2394 2062,2404 2076,2394 2121,2402 2211,2375 2257,2390 2280,2385 2277,2340 2216,2333 2197,2345 2156,2348 2099,2339 2073,2348 2017,2347"/>
                <Baseline points="2028,2382 2055,2381 2082,2379 2109,2378 2136,2376 2163,2373 2190,2371 2217,2370 2244,2369 2271,2369"/>
                <TextEquiv>
                    <Unicode>theilungen w</Unicode>
                </TextEquiv>
            </TextLine>
            <TextLine id="r3l56" custom="readingOrder {index:55;}">
                <Coords points="2293,2398 3236,2421 3283,2418 3284,2368 2293,2355"/>
                <Baseline points="2302,2389 2350,2391 2399,2392 2447,2394 2496,2394 2545,2396 2593,2397 2642,2398 2691,2399 2739,2400 2788,2401 2837,2401 2885,2402 2934,2403 2983,2404 3031,2404 3080,2404 3129,2405 3177,2405 3226,2405 3275,2405"/>
                <TextEquiv>
                    <Unicode>dessen unstetes Wesen geerbt hat, aber auch Johann</Unicode>
                </TextEquiv>
            </TextLine>
            <TextLine id="r3l57" custom="readingOrder {index:56;}">
                <Coords points="2287,2444 2978,2441 3285,2477 3286,2420 3221,2409 2288,2403"/>
                <Baseline points="2296,2433 2345,2434 2394,2434 2443,2435 2492,2435 2541,2436 2590,2437 2639,2439 2688,2440 2737,2441 2786,2442 2835,2443 2884,2445 2933,2446 2982,2447 3031,2447 3080,2448 3129,2448 3178,2448 3227,2448 3276,2447"/>
                <TextEquiv>
                    <Unicode>scheint vom Naturell der Mutter gewissermaßen</Unicode>
                </TextEquiv>
            </TextLine>
            <TextLine id="r3l58" custom="readingOrder {index:57;}">
                <Coords points="2268,2469 3172,2505 3257,2500 3276,2459 2269,2441"/>
                <Baseline points="2278,2473 2327,2474 2376,2475 2426,2476 2475,2478 2525,2479 2574,2480 2623,2481 2673,2481 2722,2483 2772,2484 2821,2485 2870,2485 2920,2486 2969,2487 3019,2488 3068,2488 3117,2489 3167,2489 3216,2490 3266,2490"/>
                <TextEquiv>
                    <Unicode>erblich belastet, denn im Laufe der Begebenheiten</Unicode>
                </TextEquiv>
            </TextLine>
            <TextLine id="r3l59" custom="readingOrder {index:58;}">
                <Coords points="2267,2501 2343,2533 3279,2535 3279,2488 2482,2498 2267,2471"/>
                <Baseline points="2276,2514 2325,2516 2375,2517 2424,2518 2474,2520 2524,2521 2573,2522 2623,2523 2673,2524 2722,2526 2772,2526 2822,2527 2871,2528 2921,2529 2971,2529 3020,2530 3070,2530 3120,2531 3169,2531 3219,2531 3269,2531"/>
                <TextEquiv>
                    <Unicode>ersieht man, daß sie zu einem anderen Herzens¬</Unicode>
                </TextEquiv>
            </TextLine>
            <TextLine id="r3l60" custom="readingOrder {index:59;}">
                <Coords points="2268,2569 2474,2578 2504,2551 2555,2579 3131,2591 3275,2581 3276,2538 2269,2517"/>
                <Baseline points="2278,2559 2327,2559 2376,2560 2426,2561 2475,2562 2525,2563 2574,2564 2624,2565 2673,2566 2723,2567 2772,2569 2821,2570 2871,2570 2920,2571 2970,2572 3019,2572 3069,2572 3118,2573 3168,2572 3217,2572 3267,2571"/>
                <TextEquiv>
                    <Unicode>bezwinger, dem Gutsbesitzer v. Salm intime Be¬</Unicode>
                </TextEquiv>
            </TextLine>
            <TextLine id="r3l61" custom="readingOrder {index:60;}">
                <Coords points="2279,2613 3225,2630 3278,2590 2280,2570"/>
                <Baseline points="2288,2601 2337,2602 2386,2602 2435,2603 2484,2603 2533,2604 2582,2605 2631,2605 2680,2606 2729,2607 2778,2608 2827,2609 2876,2610 2925,2611 2974,2612 3023,2612 3072,2613 3121,2614 3170,2615 3219,2615 3269,2616"/>
                <TextEquiv>
                    <Unicode>ziehungen unterhält. Nach dem Tode der Mutter erfährt</Unicode>
                </TextEquiv>
            </TextLine>
            <TextLine id="r3l62" custom="readingOrder {index:61;}">
                <Coords points="2282,2661 2851,2643 3208,2672 3280,2650 3281,2613 2282,2613"/>
                <Baseline points="2290,2641 2339,2642 2388,2643 2437,2644 2486,2645 2535,2646 2584,2647 2633,2648 2682,2649 2731,2650 2780,2651 2829,2652 2878,2653 2927,2654 2976,2654 3025,2655 3074,2656 3123,2656 3172,2657 3221,2657 3270,2657"/>
                <TextEquiv>
                    <Unicode>Felix von Fichtner, zu dem er sich von Kindheit</Unicode>
                </TextEquiv>
            </TextLine>
            <TextLine id="r3l63" custom="readingOrder {index:62;}">
                <Coords points="2265,2701 3224,2715 3292,2708 3293,2669 2266,2651"/>
                <Baseline points="2275,2686 2325,2686 2375,2686 2426,2687 2476,2687 2527,2688 2577,2688 2628,2689 2678,2690 2729,2690 2779,2691 2829,2692 2880,2693 2930,2693 2981,2694 3031,2695 3082,2696 3132,2697 3183,2698 3233,2698 3284,2699"/>
                <TextEquiv>
                    <Unicode>auf hingezogen fühlte und der ihm seinerseits nahezu</Unicode>
                </TextEquiv>
            </TextLine>
            <TextLine id="r3l64" custom="readingOrder {index:63;}">
                <Coords points="2269,2739 3244,2750 3284,2705 2269,2699"/>
                <Baseline points="2278,2730 2327,2730 2377,2729 2427,2729 2477,2730 2527,2730 2576,2730 2626,2731 2676,2732 2726,2733 2776,2734 2825,2735 2875,2736 2925,2737 2975,2738 3025,2738 3074,2739 3124,2739 3174,2739 3224,2740 3274,2739"/>
                <TextEquiv>
                    <Unicode>zärtliche Freundschaft bekundete, den wahren Stand</Unicode>
                </TextEquiv>
            </TextLine>
            <TextLine id="r3l65" custom="readingOrder {index:64;}">
                <Coords points="2269,2774 3279,2809 3291,2748 2269,2738"/>
                <Baseline points="2278,2772 2328,2770 2378,2770 2428,2769 2478,2769 2528,2770 2578,2770 2629,2772 2679,2773 2729,2774 2779,2776 2829,2778 2879,2779 2929,2781 2980,2782 3030,2783 3080,2784 3130,2784 3180,2784 3230,2784 3281,2782"/>
                <TextEquiv>
                    <Unicode>ihrer blutsverwandten Beziehungen. Felix entschließt</Unicode>
                </TextEquiv>
            </TextLine>
            <TextLine id="r3l66" custom="readingOrder {index:65;}">
                <Coords points="2272,2818 2963,2822 3072,2849 3268,2822 3206,2786 2272,2773"/>
                <Baseline points="2281,2814 2332,2813 2384,2812 2435,2812 2487,2813 2538,2813 2590,2814 2641,2815 2693,2816 2744,2817 2796,2818 2847,2819 2899,2820 2950,2821 3002,2821 3053,2821 3105,2821 3156,2821 3208,2820 3260,2818"/>
                <TextEquiv>
                    <Unicode>sich, dem peinlichen Verkehr im vermeintlichen Vater¬</Unicode>
                </TextEquiv>
            </TextLine>
            <TextLine id="r3l67" custom="readingOrder {index:66;}">
                <Coords points="2265,2864 3266,2868 3243,2826 3071,2848 2265,2822"/>
                <Baseline points="2274,2855 2323,2855 2372,2855 2421,2856 2470,2856 2520,2857 2569,2858 2618,2858 2667,2859 2716,2860 2766,2861 2815,2861 2864,2862 2913,2863 2962,2863 3012,2863 3061,2863 3110,2863 3159,2863 3208,2862 3258,2861"/>
                <TextEquiv>
                    <Unicode>hause zu entrinnen, indem er sich Salm als Be¬</Unicode>
                </TextEquiv>
            </TextLine>
            <TextLine id="r3l68" custom="readingOrder {index:67;}">
                <Coords points="2270,2889 3111,2928 3283,2921 3284,2880 2270,2862"/>
                <Baseline points="2278,2900 2327,2899 2377,2898 2427,2898 2477,2898 2527,2899 2576,2900 2626,2900 2676,2901 2726,2902 2776,2903 2825,2904 2875,2905 2925,2906 2975,2907 3025,2907 3074,2908 3124,2908 3174,2908 3224,2907 3274,2906"/>
                <TextEquiv>
                    <Unicode>gleiter bei dessen beabsichtigter Forschungsreise nach</Unicode>
                </TextEquiv>
            </TextLine>
            <TextLine id="r3l69" custom="readingOrder {index:68;}">
                <Coords points="2271,2940 3128,2969 3277,2953 3278,2924 2271,2910"/>
                <Baseline points="2280,2939 2329,2939 2378,2939 2428,2940 2477,2941 2527,2942 2576,2942 2625,2943 2675,2944 2724,2945 2774,2946 2823,2947 2872,2948 2922,2949 2971,2950 3021,2950 3070,2950 3119,2951 3169,2950 3218,2950 3268,2949"/>
                <TextEquiv>
                    <Unicode>Turkestan anschließt. Inzwischen haben er und</Unicode>
                </TextEquiv>
            </TextLine>
            <TextLine id="r3l70" custom="readingOrder {index:69;}">
                <Coords points="2264,3005 2458,2979 2591,3004 3277,2991 3265,2949 3128,2971 2947,2941 2906,2966 2265,2937"/>
                <Baseline points="2273,2982 2322,2982 2372,2982 2422,2982 2472,2982 2521,2982 2571,2983 2621,2984 2671,2984 2720,2985 2770,2986 2820,2987 2870,2988 2919,2989 2969,2990 3019,2990 3069,2991 3118,2992 3168,2993 3218,2994 3268,2994"/>
                <TextEquiv>
                    <Unicode>Johanna vom Hausarzt erfahren, daß Salm wegen</Unicode>
                </TextEquiv>
            </TextLine>
            <TextLine id="r3l71" custom="readingOrder {index:70;}">
                <Coords points="2264,3010 2664,3049 2934,3025 3275,3047 3276,2991 2265,2990"/>
                <Baseline points="2273,3024 2322,3024 2372,3024 2421,3024 2471,3025 2521,3025 2570,3026 2620,3027 2670,3027 2719,3028 2769,3029 2819,3030 2868,3031 2918,3032 2968,3033 3017,3034 3067,3035 3117,3036 3166,3037 3216,3038 3266,3039"/>
                <TextEquiv>
                    <Unicode>eines heimtückischen Leidens das Reiseziel lebend</Unicode>
                </TextEquiv>
            </TextLine>
            <TextLine id="r3l72" custom="readingOrder {index:71;}">
                <Coords points="2258,3069 3256,3094 3280,3044 2662,3050 2259,3014"/>
                <Baseline points="2268,3065 2318,3066 2368,3066 2418,3066 2468,3067 2518,3067 2568,3068 2618,3069 2668,3070 2718,3071 2769,3071 2819,3072 2869,3073 2919,3074 2969,3075 3019,3075 3069,3076 3119,3077 3169,3077 3219,3077 3270,3078"/>
                <TextEquiv>
                    <Unicode>nie erreichen werde. Johanna sucht einen Ausweg</Unicode>
                </TextEquiv>
            </TextLine>
            <TextLine id="r3l73" custom="readingOrder {index:72;}">
                <Coords points="2265,3115 3263,3135 3263,3094 3222,3083 2265,3068"/>
                <Baseline points="2273,3108 2322,3108 2371,3109 2420,3110 2469,3110 2518,3111 2567,3112 2616,3112 2665,3113 2714,3114 2763,3115 2812,3115 2861,3116 2910,3117 2959,3117 3008,3118 3057,3119 3106,3119 3155,3119 3204,3120 3253,3120"/>
                <TextEquiv>
                    <Unicode>aus der hoffnungslosen Liebe durch den Tod in</Unicode>
                </TextEquiv>
            </TextLine>
            <TextLine id="r3l74" custom="readingOrder {index:73;}">
                <Coords points="2269,3152 3158,3181 3267,3172 3268,3138 2270,3119"/>
                <Baseline points="2278,3149 2327,3149 2376,3150 2425,3150 2474,3151 2523,3152 2572,3152 2621,3153 2670,3154 2719,3155 2768,3156 2817,3157 2866,3158 2915,3160 2964,3160 3013,3161 3062,3162 3111,3162 3160,3163 3209,3163 3258,3163"/>
                <TextEquiv>
                    <Unicode>den Wellen. Salm, erschüttert durch das plötzliche</Unicode>
                </TextEquiv>
            </TextLine>
            <TextLine id="r3l75" custom="readingOrder {index:74;}">
                <Coords points="2272,3191 3223,3221 3262,3171 2273,3161"/>
                <Baseline points="2281,3190 2329,3190 2378,3190 2426,3191 2475,3192 2523,3193 2572,3194 2620,3195 2669,3197 2717,3198 2766,3200 2815,3201 2863,3203 2912,3204 2960,3205 3009,3206 3057,3206 3106,3207 3154,3207 3203,3206 3252,3205"/>
                <TextEquiv>
                    <Unicode>Verschwinden Johannas, weiht Felix in seine</Unicode>
                </TextEquiv>
            </TextLine>
            <TextLine id="r3l76" custom="readingOrder {index:75;}">
                <Coords points="2259,3257 3270,3267 3271,3215 2260,3187"/>
                <Baseline points="2268,3234 2317,3234 2367,3234 2417,3234 2466,3235 2516,3235 2566,3237 2615,3238 2665,3239 2715,3240 2765,3241 2814,3243 2864,3244 2914,3245 2963,3246 3013,3247 3063,3247 3112,3247 3162,3247 3212,3246 3262,3245"/>
                <TextEquiv>
                    <Unicode>Herzensbeziehungen zu Johanna ein. Felix, erbittert</Unicode>
                </TextEquiv>
            </TextLine>
            <TextLine id="r3l77" custom="readingOrder {index:76;}">
                <Coords points="2267,3293 3262,3296 3262,3251 2268,3245"/>
                <Baseline points="2276,3277 2324,3277 2373,3278 2422,3278 2471,3279 2520,3279 2569,3280 2617,3281 2666,3282 2715,3283 2764,3284 2813,3285 2862,3287 2911,3287 2959,3288 3008,3290 3057,3291 3106,3292 3155,3292 3204,3293 3253,3294"/>
                <TextEquiv>
                    <Unicode>über das Schicksal seiner Schwester, läßt sich zu</Unicode>
                </TextEquiv>
            </TextLine>
            <TextLine id="r3l78" custom="readingOrder {index:77;}">
                <Coords points="2265,3311 2461,3339 3258,3337 3258,3301 3171,3287 2266,3286"/>
                <Baseline points="2274,3318 2322,3319 2371,3320 2420,3321 2469,3322 2517,3322 2566,3323 2615,3324 2664,3324 2712,3325 2761,3325 2810,3326 2859,3326 2907,3327 2956,3327 3005,3328 3054,3329 3102,3329 3151,3330 3200,3332 3249,3332"/>
                <TextEquiv>
                    <Unicode>einer Andeutung über Salm's unheilbaren Zustand</Unicode>
                </TextEquiv>
            </TextLine>
            <TextLine id="r3l79" custom="readingOrder {index:78;}">
                <Coords points="2258,3371 3211,3386 3257,3383 3258,3345 2259,3312"/>
                <Baseline points="2266,3360 2315,3361 2364,3361 2413,3362 2462,3362 2511,3363 2560,3364 2610,3365 2659,3366 2708,3367 2757,3367 2806,3368 2855,3369 2904,3370 2954,3371 3003,3372 3052,3372 3101,3373 3150,3373 3199,3374 3249,3374"/>
                <TextEquiv>
                    <Unicode>hinreißen. Dieser beschließt, dem unerbittlichen</Unicode>
                </TextEquiv>
            </TextLine>
            <TextLine id="r3l80" custom="readingOrder {index:79;}">
                <Coords points="2264,3409 3264,3420 3264,3378 2264,3363"/>
                <Baseline points="2273,3402 2322,3403 2371,3404 2420,3405 2469,3406 2518,3406 2567,3407 2616,3408 2665,3408 2714,3409 2763,3409 2812,3410 2861,3411 2910,3411 2959,3412 3008,3412 3057,3413 3106,3413 3155,3413 3204,3414 3254,3414"/>
                <TextEquiv>
                    <Unicode>Walten der Natur durch einen freiwilligen Tod</Unicode>
                </TextEquiv>
            </TextLine>
            <TextLine id="r3l81" custom="readingOrder {index:80;}">
                <Coords points="2266,3442 2462,3472 3264,3469 3264,3435 3159,3416 2267,3409"/>
                <Baseline points="2275,3444 2324,3445 2373,3446 2422,3447 2471,3448 2520,3449 2569,3450 2618,3451 2667,3452 2716,3453 2765,3453 2814,3454 2863,3454 2912,3455 2961,3455 3010,3455 3059,3455 3108,3455 3157,3455 3206,3454 3255,3454"/>
                <TextEquiv>
                    <Unicode>vorzugreifen. Wegrath und Felix bleiben als un¬</Unicode>
                </TextEquiv>
            </TextLine>
            <TextLine id="r3l82" custom="readingOrder {index:81;}">
                <Coords points="2257,3497 3259,3505 3229,3460 3098,3485 2935,3449 2588,3473 2543,3447 2462,3473 2258,3437"/>
                <Baseline points="2266,3487 2315,3488 2364,3488 2413,3489 2462,3490 2512,3491 2561,3492 2610,3492 2659,3493 2708,3494 2758,3494 2807,3495 2856,3496 2905,3496 2954,3497 3004,3498 3053,3498 3102,3499 3151,3500 3200,3500 3250,3501"/>
                <TextEquiv>
                    <Unicode>schuldige Opfer der Familien=Tragödie zurück.</Unicode>
                </TextEquiv>
            </TextLine>
            <TextLine id="r3l83" custom="readingOrder {index:82;}">
                <Coords points="2255,3547 3252,3542 3202,3504 2256,3504"/>
                <Baseline points="2265,3528 2313,3528 2362,3529 2411,3529 2460,3530 2509,3531 2558,3532 2607,3533 2656,3534 2705,3536 2754,3537 2802,3538 2851,3539 2900,3540 2949,3541 2998,3541 3047,3541 3096,3541 3145,3540 3194,3538 3243,3537"/>
                <TextEquiv>
                    <Unicode>Durch gemeinsames Leid sind sie zu einem wahr¬</Unicode>
                </TextEquiv>
            </TextLine>
            <TextLine id="r3l84" custom="readingOrder {index:83;}">
                <Coords points="2253,3572 3254,3599 3255,3554 3224,3547 2254,3527"/>
                <Baseline points="2262,3567 2311,3568 2360,3569 2409,3570 2458,3571 2507,3573 2556,3574 2606,3575 2655,3576 2704,3577 2753,3579 2802,3580 2851,3581 2900,3582 2950,3583 2999,3584 3048,3584 3097,3584 3146,3584 3195,3584 3245,3584"/>
                <TextEquiv>
                    <Unicode>haft innigen Bunde aneinander geschlossen, während</Unicode>
                </TextEquiv>
            </TextLine>
            <TextLine id="r3l85" custom="readingOrder {index:84;}">
                <Coords points="2261,3619 3137,3642 3261,3633 3262,3599 2262,3580"/>
                <Baseline points="2270,3613 2319,3614 2368,3615 2417,3615 2466,3616 2515,3617 2564,3618 2613,3619 2662,3620 2711,3621 2761,3622 2810,3623 2859,3624 2908,3625 2957,3625 3006,3626 3055,3627 3104,3628 3153,3628 3202,3629 3252,3629"/>
                <TextEquiv>
                    <Unicode>Fichtner seinen einsamen Weg eines verzettelten</Unicode>
                </TextEquiv>
            </TextLine>
            <TextLine id="r3l86" custom="readingOrder {index:85;}">
                <Coords points="2249,3660 3203,3685 3259,3682 3260,3636 2249,3624"/>
                <Baseline points="2257,3652 2306,3652 2356,3653 2405,3654 2455,3655 2505,3656 2554,3657 2604,3658 2654,3659 2703,3660 2753,3661 2803,3662 2852,3664 2902,3664 2952,3666 3001,3666 3051,3668 3101,3668 3150,3669 3200,3670 3250,3671"/>
                <TextEquiv>
                    <Unicode>und verfehlten Daseins bis an's Ende gehen muß.</Unicode>
                </TextEquiv>
            </TextLine>
            <TextLine id="r3l87" custom="readingOrder {index:86;}">
                <Coords points="2366,3717 2597,3719 2637,3695 2755,3723 3246,3722 3246,3683 3139,3668 2367,3665"/>
                <Baseline points="2376,3699 2419,3700 2462,3701 2505,3702 2548,3703 2591,3704 2634,3706 2677,3707 2720,3708 2763,3709 2806,3711 2849,3712 2892,3714 2935,3714 2978,3715 3021,3716 3064,3717 3107,3717 3150,3717 3193,3717 3237,3716"/>
                <TextEquiv>
                    <Unicode>Die heutige Aufführung erwies, daß die</Unicode>
                </TextEquiv>
            </TextLine>
            <TextLine id="r3l88" custom="readingOrder {index:87;}">
                <Coords points="2252,3753 2713,3770 2886,3741 2937,3774 3004,3747 3079,3777 3255,3769 3256,3719 2630,3699 2437,3730 2253,3703"/>
                <Baseline points="2261,3741 2310,3742 2359,3743 2408,3744 2458,3745 2507,3746 2556,3747 2606,3748 2655,3749 2704,3751 2754,3752 2803,3753 2852,3754 2901,3755 2951,3755 3000,3756 3049,3756 3099,3757 3148,3757 3197,3757 3247,3756"/>
                <TextEquiv>
                    <Unicode>Rüstung der Schicksalsdramen für Schnitzler's</Unicode>
                </TextEquiv>
            </TextLine>
            <TextLine id="r3l89" custom="readingOrder {index:88;}">
                <Coords points="2245,3800 3014,3812 3091,3787 3241,3820 3255,3770 2246,3750"/>
                <Baseline points="2255,3783 2304,3784 2354,3785 2403,3787 2453,3788 2502,3789 2552,3790 2601,3792 2651,3793 2700,3793 2750,3794 2799,3796 2849,3796 2898,3797 2948,3798 2997,3798 3047,3799 3096,3799 3146,3800 3195,3800 3245,3800"/>
                <TextEquiv>
                    <Unicode>Begabung zu schwer sei. Die ernsten Seenen</Unicode>
                </TextEquiv>
            </TextLine>
            <TextLine id="r3l90" custom="readingOrder {index:89;}">
                <Coords points="2236,3839 2449,3850 2507,3829 2661,3858 2773,3825 2810,3849 2879,3849 2880,3804 2851,3799 2745,3815 2718,3791 2553,3789 2493,3813 2390,3789 2237,3796"/>
                <Baseline points="2245,3823 2276,3824 2307,3826 2338,3827 2370,3828 2401,3829 2432,3830 2463,3830 2495,3831 2526,3831 2557,3832 2588,3833 2620,3833 2651,3834 2682,3834 2713,3835 2745,3836 2776,3837 2807,3837 2838,3838 2870,3839"/>
                <TextEquiv>
                    <Unicode>verpufften wirkungslos trotz</Unicode>
                </TextEquiv>
            </TextLine>
            <TextLine id="r3l91" custom="readingOrder {index:90;}">
                <Coords points="3022,3839 3036,3837 3061,3853 3074,3846 3090,3855 3102,3849 3115,3860 3128,3858 3149,3837 3164,3848 3244,3846 3244,3812 3214,3805 3131,3810 3092,3787 3074,3801 3022,3803"/>
                <Baseline points="3030,3840 3055,3838 3081,3838 3106,3838 3132,3838 3158,3839 3183,3839 3209,3839 3235,3837"/>
                <TextEquiv>
                    <Unicode>Fülle der</Unicode>
                </TextEquiv>
            </TextLine>
            <TextLine id="r3l92" custom="readingOrder {index:91;}">
                <Coords points="2243,3871 3037,3903 3249,3887 3250,3843 2243,3851"/>
                <Baseline points="2252,3867 2301,3869 2350,3870 2400,3872 2449,3873 2499,3874 2548,3874 2598,3875 2647,3876 2697,3876 2746,3877 2795,3877 2845,3877 2894,3878 2944,3878 2993,3879 3043,3880 3092,3881 3142,3881 3191,3883 3241,3884"/>
                <TextEquiv>
                    <Unicode>elegant gebrachten geistvollen Gedanken. Die</Unicode>
                </TextEquiv>
            </TextLine>
            <TextLine id="r3l93" custom="readingOrder {index:92;}">
                <Coords points="2243,3890 2339,3928 3251,3943 3252,3896 3143,3880 3022,3908 2243,3876"/>
                <Baseline points="2251,3906 2300,3907 2350,3909 2399,3911 2449,3912 2498,3914 2548,3915 2597,3916 2647,3917 2696,3919 2746,3920 2796,3920 2845,3921 2895,3922 2944,3923 2994,3924 3043,3924 3093,3925 3142,3925 3192,3926 3242,3927"/>
                <TextEquiv>
                    <Unicode>Schlußscene des vierten Actes, wo Johanna</Unicode>
                </TextEquiv>
            </TextLine>
            <TextLine id="r3l94" custom="readingOrder {index:93;}">
                <Coords points="2246,3964 3160,3983 3264,3969 3265,3944 2247,3907"/>
                <Baseline points="2256,3950 2308,3952 2361,3954 2413,3955 2466,3956 2518,3957 2571,3958 2624,3959 2676,3960 2729,3961 2781,3961 2834,3962 2886,3963 2939,3963 2992,3964 3044,3964 3097,3965 3149,3966 3202,3966 3255,3967"/>
                <TextEquiv>
                    <Unicode>sich in den Teich stürzt, wurde geradezu ausgelacht.</Unicode>
                </TextEquiv>
            </TextLine>
            <TextLine id="r3l95" custom="readingOrder {index:94;}">
                <Coords points="2247,4005 3143,4022 3261,4014 3262,3978 2248,3963"/>
                <Baseline points="2257,3996 2306,3996 2356,3996 2406,3996 2456,3996 2506,3997 2555,3998 2605,3999 2655,4000 2705,4001 2755,4002 2804,4003 2854,4005 2904,4006 2954,4007 3004,4008 3053,4009 3103,4009 3153,4010 3203,4010 3253,4010"/>
                <TextEquiv>
                    <Unicode>Nichtsdestoweniger konnte der Dichter, wie nach den</Unicode>
                </TextEquiv>
            </TextLine>
            <TextLine id="r3l96" custom="readingOrder {index:95;}">
                <Coords points="2255,4041 3264,4057 3259,4013 2256,4004"/>
                <Baseline points="2264,4037 2313,4038 2363,4038 2412,4039 2462,4040 2511,4040 2561,4041 2610,4042 2660,4043 2709,4044 2759,4045 2809,4046 2858,4047 2908,4048 2957,4049 3007,4050 3056,4050 3106,4051 3155,4051 3205,4052 3255,4052"/>
                <TextEquiv>
                    <Unicode>anderen Aetschlüssen, auch nach diesem Beifallsrufen</Unicode>
                </TextEquiv>
            </TextLine>
            <TextLine id="r3l97" custom="readingOrder {index:96;}">
                <Coords points="2257,4094 2282,4093 2303,4080 2316,4090 2332,4088 2338,4093 2354,4084 2363,4087 2366,4083 2386,4086 2402,4082 2401,4059 2370,4047 2347,4048 2336,4039 2316,4040 2304,4049 2275,4041 2256,4051"/>
                <Baseline points="2265,4081 2290,4078 2316,4078 2341,4078 2367,4077 2393,4075"/>
                <TextEquiv>
                    <Unicode>folgen.</Unicode>
                </TextEquiv>
            </TextLine>
            <TextLine id="r3l98" custom="readingOrder {index:97;}">
                <Coords points="2435,4083 2465,4102 2487,4085 2539,4080 2582,4096 2620,4084 2643,4099 2686,4091 2702,4104 2713,4095 2740,4105 2767,4098 2767,4064 2732,4049 2603,4044 2493,4058 2465,4041 2435,4058"/>
                <Baseline points="2444,4079 2470,4080 2496,4081 2522,4081 2548,4082 2574,4082 2601,4082 2627,4083 2653,4083 2679,4084 2705,4085 2731,4086 2758,4088"/>
                <TextEquiv>
                    <Unicode>Die Besetzung</Unicode>
                </TextEquiv>
            </TextLine>
            <TextLine id="r3l99" custom="readingOrder {index:98;}">
                <Coords points="2809,4086 2838,4101 2906,4084 3001,4104 3089,4089 3170,4111 3267,4093 3267,4062 3253,4056 3084,4055 3072,4066 2988,4046 2892,4068 2810,4053"/>
                <Baseline points="2818,4085 2843,4085 2869,4086 2895,4086 2921,4088 2947,4088 2973,4089 2999,4090 3025,4090 3050,4091 3076,4092 3102,4092 3128,4092 3154,4093 3180,4093 3206,4092 3232,4092 3258,4091"/>
                <TextEquiv>
                    <Unicode>der Rollen wies</Unicode>
                </TextEquiv>
            </TextLine>
            <TextLine id="r3l100" custom="readingOrder {index:99;}">
                <Coords points="2243,4140 2414,4146 2459,4117 3252,4153 3252,4114 3109,4091 2244,4095"/>
                <Baseline points="2253,4123 2302,4123 2352,4123 2401,4123 2451,4124 2500,4124 2550,4125 2599,4126 2649,4128 2698,4129 2748,4129 2798,4130 2847,4131 2897,4132 2946,4132 2996,4133 3045,4133 3095,4132 3144,4132 3194,4130 3244,4129"/>
                <TextEquiv>
                    <Unicode>gleichfalls Mißgriffe auf. Namentlich Else Leh¬</Unicode>
                </TextEquiv>
            </TextLine>
            <TextLine id="r3l101" custom="readingOrder {index:100;}">
                <Coords points="2253,4162 3252,4208 3253,4147 3188,4139 2253,4133"/>
                <Baseline points="2262,4161 2311,4163 2360,4165 2409,4166 2458,4167 2507,4169 2556,4170 2605,4170 2654,4171 2703,4172 2753,4172 2802,4172 2851,4173 2900,4173 2949,4173 2998,4174 3047,4174 3096,4175 3145,4176 3194,4177 3244,4178"/>
                <TextEquiv>
                    <Unicode>mann als Interpretin der leichtlebigen Wiener</Unicode>
                </TextEquiv>
            </TextLine>
            <TextLine id="r3l102" custom="readingOrder {index:101;}">
                <Coords points="2253,4225 2465,4235 2552,4215 2634,4242 2851,4249 2957,4237 2958,4206 2863,4170 2255,4162"/>
                <Baseline points="2263,4202 2297,4203 2331,4204 2365,4205 2400,4206 2434,4207 2468,4207 2503,4207 2537,4208 2571,4208 2606,4209 2640,4209 2674,4210 2708,4210 2743,4211 2777,4212 2811,4213 2846,4215 2880,4216 2914,4219 2949,4220"/>
                <TextEquiv>
                    <Unicode>Schauspielerin war nicht am Platze.</Unicode>
                </TextEquiv>
            </TextLine>
            <TextLine id="r3l103" custom="readingOrder {index:102;}">
                <Coords points="3201,4281 3216,4280 3221,4274 3239,4281 3259,4280 3267,4274 3287,4271 3309,4272 3307,4232 3276,4230 3256,4235 3245,4232 3238,4234 3226,4247 3199,4245"/>
                <Baseline points="3210,4274 3239,4272 3269,4271 3299,4269"/>
                <TextEquiv>
                    <Unicode>L</Unicode>
                </TextEquiv>
            </TextLine>
            <TextEquiv>
                <Unicode>Telephon 12801.
Alex. Weigl’s Unternehmen für Zeitungs-Ausschnitte
Ausschnitt
Nr. 1
„OBSERVER“
105
I. österr. behördl. conc. Bureau für Zeitungsberichte u. Personalnachrichte
Wien, I., Concondiaplatz 4.
Vertretungen in Berlin, Budapest, Chicago, Genf, London, Newyork, Paris, Rer
Stockholm. Kristiania, St. Petersburg.
Ausschnitt aus:
Iilastzirtes Wiener Entrahlatt
vor. 0
Theaterzeitung.
„Der einsame Weg.“
Ein neues Drama von Schnitzler.
Berlin, 13. Februar. (Privat=Depesche.)
Mit seinem fünfactigen Schauspiel „Der einsame
Weg“, das heute im Deutschen Theater seine
Uraufführung erlebte, wendet sich Schnitzler von
seinen bisherigen dichterischen Pfaden ab und schlägt
die Bahnen Ibsen's, Hauptmann's, theilweise auch
Maeterlinck's ein. Das Drama entwickelt sich fast
ausschließlich aus inneren seelischen Vorgängen,
äußere Geschehnisse werden nur spärlich verwendet, jusiv
Für 50 Zeit
wo sie zur Fortführung der Handlung unumgänglich rto.
100
nothwendig erscheinen.
ilbar
200
Der Akademie=Director Wegrath hat als junger Vora
500
Künstler ein Mädchen geheiratet, das sich bereits seinem
1000
Freunde Julian Fichtner hingegeben hatte und mit ist
Im Ge
den Folgen ihrer Liebe in die Ehe tritt. Die Frucht ###
Abonnement d
ihres früheren Verhältnisses, welches am Marke
Abonnenten f
ihres Lebens zehrt und sie zum Beginn des Schau¬
end
wieles bereits als Todescandidatin erscheinen läßt,rg
Der „
in ein Sohn Felix. Dieser ist neben seiner legitimen zitun
Inhaltsangab
— haftlif
Slätter (T
Schwester Johanna als Sohn Wegrath's zu einen##e 
wodurch eine
blühenden, künstlerisch veranlagten jungen Mann
Leben des In¬
herangewachsen, der aber vom natürlichen Vater
theilungen w
dessen unstetes Wesen geerbt hat, aber auch Johann
scheint vom Naturell der Mutter gewissermaßen
erblich belastet, denn im Laufe der Begebenheiten
ersieht man, daß sie zu einem anderen Herzens¬
bezwinger, dem Gutsbesitzer v. Salm intime Be¬
ziehungen unterhält. Nach dem Tode der Mutter erfährt
Felix von Fichtner, zu dem er sich von Kindheit
auf hingezogen fühlte und der ihm seinerseits nahezu
zärtliche Freundschaft bekundete, den wahren Stand
ihrer blutsverwandten Beziehungen. Felix entschließt
sich, dem peinlichen Verkehr im vermeintlichen Vater¬
hause zu entrinnen, indem er sich Salm als Be¬
gleiter bei dessen beabsichtigter Forschungsreise nach
Turkestan anschließt. Inzwischen haben er und
Johanna vom Hausarzt erfahren, daß Salm wegen
eines heimtückischen Leidens das Reiseziel lebend
nie erreichen werde. Johanna sucht einen Ausweg
aus der hoffnungslosen Liebe durch den Tod in
den Wellen. Salm, erschüttert durch das plötzliche
Verschwinden Johannas, weiht Felix in seine
Herzensbeziehungen zu Johanna ein. Felix, erbittert
über das Schicksal seiner Schwester, läßt sich zu
einer Andeutung über Salm's unheilbaren Zustand
hinreißen. Dieser beschließt, dem unerbittlichen
Walten der Natur durch einen freiwilligen Tod
vorzugreifen. Wegrath und Felix bleiben als un¬
schuldige Opfer der Familien=Tragödie zurück.
Durch gemeinsames Leid sind sie zu einem wahr¬
haft innigen Bunde aneinander geschlossen, während
Fichtner seinen einsamen Weg eines verzettelten
und verfehlten Daseins bis an's Ende gehen muß.
Die heutige Aufführung erwies, daß die
Rüstung der Schicksalsdramen für Schnitzler's
Begabung zu schwer sei. Die ernsten Seenen
verpufften wirkungslos trotz
Fülle der
elegant gebrachten geistvollen Gedanken. Die
Schlußscene des vierten Actes, wo Johanna
sich in den Teich stürzt, wurde geradezu ausgelacht.
Nichtsdestoweniger konnte der Dichter, wie nach den
anderen Aetschlüssen, auch nach diesem Beifallsrufen
folgen.
Die Besetzung
der Rollen wies
gleichfalls Mißgriffe auf. Namentlich Else Leh¬
mann als Interpretin der leichtlebigen Wiener
Schauspielerin war nicht am Platze.
L</Unicode>
            </TextEquiv>
        </TextRegion>
    </Page>
</PcGts>
