3436 4352
1375 325 1823 438 box 23/1
778 339 938 411 S am
223 338 1216 454 18. Der einsade Neg
994 618 1669 714 em Nachrichtendienst durch
879 694 1431 783 eisene Korrespondenten.
1172 748 1609 828 Telephon: III, 3051.
688 765 1080 852 Berlin N. 24.
684 769 1654 903 —
925 859 1383 965 Ausschnitt aus
1755 1103 3042 1193 sie in seine Villa und genießt heimliche Wonnen. Zuweilen steigt
867 1113 1511 1218 Neues Wiener Journal
1756 1179 3052 1240 der Wunsch in ihrer Seele auf, dem geliebten Manne mehr zu
1769 1234 3050 1300 sein als eine „Geliebte“, aber dies nur für einen Augenblick.
1194 1216 1579 1329 TAFEB. 1904
1766 1276 3047 1348 Dann schilt sie sich selbst. Nicht als ein verliebtes Ding will sie
1767 1331 3035 1388 an ihm hängen und ihm, dem hochfliegenden Geiste, Fesseln an¬
1752 1371 3036 1422 legen, die ihm über kurz oder lang lästig werden müßten, wie
1760 1411 3038 1482 ihm die der ersten Ehe lästig geworden waren, und da er ihr,
546 1299 1621 1522 Theater und Kunst.
1773 1472 3054 1529 einer Laune nachgebend, den Antrag stellt, als seine Frau mit
1771 1518 3052 1581 ihm die Reise zu machen, da willigt sie nicht ein und verspricht
762 1487 1293 1634 „Der einsame
1295 1503 1512 1632 Weg.
1764 1567 3049 1645 die Antwort für morgen. Doch diesen Morgen, weiß sie, wird sie
1782 1613 3038 1691 nicht erleben. Sie hat mit dem Leben abgeschlossen. Das kurze
513 1601 1775 1695 Schauspiel in fünf Acten von Dr. Arthur Schnitzler. Erst¬
788 1664 1690 1736 aufführung im Deutschen Theu
1771 1649 3052 1723 Glück, das sie verstohlen genossen, war Alles, was ihr das
876 1712 1477 1777 (Telegramm unseres Correspondenten.)
1756 1717 3049 1787 Leben zu geben vermochte und sie ertränkt sich im Teiche der
1235 1734 1745 1822 Berlin, 13. Februar.
1773 1769 2208 1832 Villa des Geliebten.
624 1785 1782 1863 Wieder mußte Arthur Schnitzler mit seinem jüngsten Werke
1885 1798 3047 1874 Fichtner hat Felir ein volles Geständniß abgelegt. Ohne
509 1841 1775 1930 nach Berlin auswandern, wo sich ihm willig die Bühnen¬
1771 1852 3055 1919 etwas zu beschönigen, ohne sich zu ntschuldigen hat er ihm die
516 1899 845 1971 pforten öffnen.
1768 1903 3055 1973 Geschichte seines Doppelverrathes an dem Freunde und an der
636 1917 1772 2007 Der „einsame Weg“, das ist der Weg hinab, den alle
1778 1947 3059 2006 Geliebten erzählt. Wenn er die Verzeihung des Sohnes erhofft
509 1993 1774 2076 Jene allein gehen, die Niemandem gehört haben. Das Altern,
1766 1996 3051 2069 hatte, sah er sich getäuscht. Alle Sympathien, die Felix für
519 2046 1775 2093 sagt der Dichter, ist nun einmal eine einsame Beschäftigung in¬
1770 2056 3051 2120 Fichtner hatte, ehe er die Wahrheit kannte, sind mit einem Male
512 2087 3048 2163 sonderheit für Menschen, die allezeit nur sich selbst gelebt haben, verflogen. Er muß erkennen, daß er die Liebe seines Sohnes,
508 2144 1786 2191 die nie im Leben ein Stück ihrer Behaglichkeit Anderen geopfert,
1771 2139 3056 2212 an der sich der Alternde aufzurichten gehofft hatte, nie erringen
513 2190 1769 2247 die nie wirklich geliebt, sondern immer nur zu lieben geglaubt
1779 2200 3050 2264 wird, muß die Wahrheit des Satzes erkennen, daß mun verflucht
520 2224 1776 2291 haben, denn lieben heißt, für jemand Anderen auf der Welt sein.
1766 2247 3047 2308 wenig für einen Menschen gethan hat, wenn man nichts that, als
510 2289 1772 2349 Was die Menschen gewöhnlich für Liebe ausgeben, ist allerlei
1784 2294 3052 2357 ihn die Welt zu setzen. Ja er muß Zeuge sein, wie der
521 2329 1776 2403 Lustiges, Verlogenes, Zärtliches, Leidenschaftliches, aber Liebe ist
1772 2332 3059 2409 gemeinsame Schmerz über den Tod Johannas Felix in die Arme
518 2384 731 2456 es nicht.
1764 2389 3052 2477 Wegraths führt, der ihm wohl nicht das Leben geschenkt hat,
636 2405 1772 2494 Um die Handlung zu erzählen, müssen wir dreiundzwanzig
1776 2443 2694 2516 aber ihm trotzdem allezeit ein Vater war.
520 2483 1785 2541 Jahre zurückgreifen. Da kamen eines Tages auf ihrer Künstler¬
1868 2460 3039 2546 Der „Einsame Weg“ stellt sich als ein Abschied des
525 2526 1774 2592 fahrt zwei junge Maler, der allezeit correcte Wegrath (Oskar
1777 2533 3045 2606 Dichters von seinem „Anatol“ dar, als eine Absage an die Ver¬
525 2574 1775 2639 Sauer) und der kraftgenialische Julian Fichtner (Rudolf Rittner)
1781 2578 3047 2660 gangenheit der tändelnden Liebelei und als ein Abschied von
514 2623 1780 2707 in ein Alpendorf und lernten Gabriele, die liebreizende Tochter
1776 2647 3048 2696 seiner Jugend. Der Reiz des Werkes liegt nicht in der Handlung,
519 2679 1775 2737 einfacher Leute kennen. Wegrath verlor sein Herz an das Mädchen
1774 2673 3055 2745 sondern in dem unendlich feinen Dialog und in der Stimmungs¬
515 2730 1781 2786 und ward als Werber von den Eltern gut aufgenommen.
1775 2731 1961 2799 malerei.
515 2769 1784 2834 Gabriele aber fühlte sich mehr zu Fichtner hingezogen,
1875 2752 3055 2847 Die Aufnahme war eine getheilte. Das Publicum ging nicht
519 2809 1778 2881 der alle Eigenschaften besaß, die ein Mädchenherz gewinnen können,
1786 2803 3060 2895 immer mit dem Dichter, schien ihn nicht immer zu verstehen,
520 2869 1773 2924 auch jene Frechheit, die kühn zugreift und sich auch kein Gewissen
1783 2873 3061 2939 Doch überwog der Beifall nach einigen Actschlüssen so sehr, daß
516 2919 1788 2975 daraus macht, die Braut des Freundes zu nehmen. Gabriele
1774 2925 3058 2991 Schnitzler wiederholt dankend erscheinen konnte, und im Ganzen
527 2963 1780 3025 aber dachte über diesen Punkt anders und ließ sich von dem Ge¬
1785 2978 3056 3038 und Großen darf man wohl von einem Erfolg sprechen. Die Auf¬
524 3017 1786 3081 liebten versprechen, sie mit sich zu nehmen, um unangenehmen
1786 3024 3054 3085 führung war eine der besten, die das Dentsche Theater in der
527 3066 1779 3129 Auseinandersetzungen mit dem Bräutigam und den Eltern aus¬
1768 3073 3068 3142 letzten Zeit geboten hat. Bassermann, Sauer, Rittner
522 3102 1777 3167 zuweichen. Julian ist auch willens gewesen, mit dem Mädchen,
1786 3125 2885 3205 und die Triesch boten hervorragende Schauspielkunst.
528 3164 1790 3224 das er auf seine Weise liebte, zu fliehen, aber im letzten Moment
515 3210 1786 3279 scheut er davor zurück, sich eine Last fürs ganze Leben auf¬
525 3261 1787 3328 zubürden, er reist allein ab, das Mädchen, das sich ihm hin¬
529 3309 1794 3369 gegeben hatte, zurücklassend. Der Verrath am Freunde bedrückt
524 3361 1792 3413 ihn nicht. Der Mann ist geradezu geschaffen, um hintergangen zu
527 3411 1792 3477 werden, damit rechtfertigt er seine That bei sich, also ist es nur
526 3438 1806 3516 recht und billig, daß er hintergangen wird. Und Gabriele denkt
519 3485 1810 3570 zwar nicht so niedrig, wie der Geliebte, aber sie wird die Gattin
527 3558 1563 3614 Wegrath's, die Frucht des Geliebten unterm Herzen.
628 3594 1793 3658 Zu Beginn des Stückes thun wir einen Blick in die Familie
522 3623 1793 3709 Wegrath's. Er ist Professor und Director der Akademie der
520 3698 1801 3771 Künste geworden, ein „Kunstbeamter“, wie er sich selbst nennt,
532 3738 1816 3810 der alljährlich sein Bild für die Ausstellung malt, correct ohne
523 3785 1810 3866 nach einer Richtung hin aufzuregen. Frau Gabriele (Hedwig
530 3825 1814 3907 Pauly) hat ihm zwei Kinder geboren, den Reiterofficier Felix
507 3884 1813 3966 (Herr Stieler) und Johanna (Irene Triesch), und hat ihm ein un¬
520 3925 1820 4009 getrübtes Glück bereitet, da sie ihn ahnungslos darüber gelasseni¬
522 3987 1812 4054 hat, daß er nicht der Vater seines Sohnes ist. Die Lüge, mit
534 4034 1799 4095 der Gabriele in die Ehe getreten, hat sich als stark genug er¬
533 4058 1817 4155 wiesen, den Frieden des Hauses zu tragen. Frau Wegrath ist
534 4132 1818 4204 schwer krank, sie fühlt, daß es mit ihr zu Ende geht und es
542 4172 1798 4234 drängt sie, ihrem Sohne zu gestehen, wem er sein Dasein ver¬
537 4220 1803 4279 dankt, aber daran hindert sie ihr kluger Hausarzt, dem sie die
