3436 4384
1371 340 1856 448 box 23/5
1040 355 1124 429 W
872 379 929 433 6
224 362 1246 464 18. Der einsane nen
2270 1537 2414 1640 Rede.
308 1533 2286 1635 burger Presse wird aus Saloniki gemeldet, daß Albamen, einen Teil der agaischen Inseln und ein
1293 1606 2290 1695 Stück Kleinasiens zu gewinnen, in dem Glauben, daß
295 1612 1303 1713 die Not in Albanien ihren Höhepunkt
2281 1710 3277 1787 neulich gehörtes Ende scharf anzuklingen: „Mir
1293 1722 2279 1788 Herms wird — (wohl aus denselben Gründen
301 1735 1295 1816 gab sich ihm hin . .. Als sie fühlte, daß ihr
2266 1760 3152 1847 ist, als säh' ich dich heut' zum erstenmale“
1295 1773 2274 1842 wie im ersten Falle?) — von Fichtner verlassen.
304 1789 1249 1852 Fehlritt — (und es war doch einer, nicht?)-
2360 1784 3279 1873 Anders die zweite Hälfte des Stückes. Sie
304 1821 2275 1908 nicht ohne Folgen bleiben würde, dachte sie wohl Die Jahre fliegen pfeilgeschwind. Allgemach
2271 1859 3271 1925 wird natürlicherweise gleich zu Beginn des
1298 1858 2273 1938 hatte Fichtner wieder den Weg in das Haus
307 1884 1308 1958 zunächst daran, mit dem Manne, dem sie sich
2272 1900 3272 1976 Stückes durch die Einführung von Personen ein¬
1295 1905 2281 1983 seines betrogenen Freundes und dessen Frau,
308 1930 1302 1993 hingegeben, zu fliehen und den gebrochenen
2267 1961 3271 2019 geleitet, um sich mit dem Ganzen organisch ver¬
1295 1972 2278 2031 seiner einstigen Geliebten Gabriele, zurückge¬
314 1978 1300 2046 Bund mit Wegrath zu lösen. Doch dieser Ent¬
2275 2005 3279 2063 einigen zu können. Doch wirken die durch diese
1308 2006 2283 2095 funden. Das Geheimnis ist indessen 23 Jahre
306 2026 1296 2111 schluß scheiterte an Julian Fichtners — Künst¬
2273 2053 3269 2132 Figuren herbeigeführten Geschehnisse durchaus
1299 2066 2270 2120 alt geworden, ein ahnungsloser, gemütvoller
318 2077 1300 2152 lernatur, der — (man kann sich wirklich nicht
2270 2101 3270 2172 episodenhaft, was übrigens auch bei der Figur
1306 2114 2277 2181 Ulanenoffizier. Da wird Gabriele leidend und
308 2128 1308 2215 anders ausdrücken:) — in der Ernüchterung des
2272 2158 3279 2225 der Herms der Fall ist, deren Streichung das
305 2157 2273 2259 anderen Morgens erkannte, nicht fähig oder stirbt und Fichtner — lüftet das Geheimnis.
2271 2193 3271 2274 Stück gewiß um einige schöne Gedanken armer
307 2214 2282 2284 nicht stark genug zu sein, seine Freiheit der Ehe Felix aber, sein Sohn, der die ganze Zeit über
2285 2258 3268 2328 machte, es jedoch als Ganzes keineswegs beein¬
1292 2246 2285 2326 von einer tiefen Verehrung für ihn erfüllt war,
307 2272 1308 2349 mit der verführten — (oder war es keine Ver¬
2278 2302 3270 2367 trächtigte. Da steht z. B. ein Mensch da,
1298 2314 2284 2394 fühlt sich ihm entfremdet. „Sie sind mir fremder
312 2325 1309 2398 führung?) — Braut zu opfern. Er verließ Gab¬
2284 2351 3277 2423 Stephan von Sala, der mit der Geschichte Gab¬
1300 2365 2278 2429 geworden, seit ich es weiß.“ Das ist gar nicht so
314 2370 1326 2455 riele und ließ sie zurück „zu Zweien allein“ und
2282 2399 3279 2462 rielens und Fichtners gar nichts zu tun hat. Er
1307 2406 2288 2486 paradox, als es klingt. Denn Felix erkennt doch
320 2427 1306 2489 mit ihrem Bräutigam. Sie schließt nun — (und
2273 2447 3270 2516 ist Witwer. Er ist krank, sterbenskrank. Er ist
1302 2452 2291 2535 jetzt in Fichtner nicht nur den Vater, sondern
315 2471 1308 2544 das ist natürlich viel mehr oder weniger als eine
1312 2493 3279 2574 auch den Menschen, der seine Mutter wohl in im Begriffe, sich einer wissenschaftlichen Expe¬
311 2523 1312 2609 tragische Schuld!) — die Ehe mit dem Betro¬
2263 2547 3271 2614 dition anzuschließen. Doch ein Arzt erklärt uns,
1303 2562 2234 2642 ihres Lebens schwerster Stunde schnöde, ja, —
319 2573 1302 2653 genen, als dessen Kind das Kind des — Anderen
2337 2596 3268 2662 (dies allerdings wieder mehr durch Andeu¬
1300 2603 2294 2669 man da es wohl sagen: — ruchlos verlassen
318 2618 1304 2712 zur rechten Zeit sich einstellt und mit den Jah¬
2279 2639 3264 2708 tungen, Gedankenstriche und punktierte Text¬
1307 2660 2285 2734 hat, da ihm Fichtner die Art, in der er Gab¬
328 2664 1310 2738 ren eine Lüge wird, „die sich so stark erweist,
2280 2684 3276 2768 stellen als ausdrücklich) — daß es zu dieser
1300 2703 2285 2772 riele verließ, mit einer Offenheit eingesteht, die
312 2698 1313 2794 daß sie den Frieden eines Hauses tragen kann“.
2268 2744 3280 2817 Reise bei ihm nicht kommen werde, weil
1304 2754 2290 2816 den jungen, seiner zärtlich geliebten Mutter ge¬
321 2772 1303 2855 Fichtner indessen ließ sich weiter von seiner
2288 2791 3274 2855 Stephan von Sala früher sterben wrde. Das
1298 2802 2284 2883 genüber ganz gewiß voraussetzungslosen Men¬
325 2813 1314 2877 Künstlernatur tragen, von seiner Kraft, von
2275 2838 3271 2907 leibliche Kind Professor Wegraths, die unwirk¬
1302 2851 2292 2930 schen nicht anders wie Zynismus berühren
327 2862 1309 2943 seinem Genie, vom Leben selbst. Nicht lange,
2285 2882 3267 2958 liche Schwester des Felix, Johanna, eine augen¬
1315 2891 2290 2970 muß. Dieses Geständnis ist es, durch das sich
315 2898 1309 2985 nachdem er Gabriele verlassen hatte, ging er ein
2282 2942 3275 3001 scheinlich exaltierte Mädchennatur, liebt ihn.
1309 2946 2295 3020 Fichtner seinem Sohne entfremden muß! Das
314 2969 1312 3042 Verhältnis mit der Schauspielerin Irene Herms
2282 3000 3271 3054 Auch Johanna weiß, daß Sala sterben muß. Es
1304 3010 2289 3067 ist ebenso natürlich, wie die weitere Folge, daß
328 3020 1310 3086 ein, das diesmal — (ich bedauere außerordent¬
2290 3037 3272 3111 ist anzunehmen, denn #al ausgedrückt wird es
1305 3053 2291 3124 sich Felix nur noch inniger und noch mehr zu
319 3061 1316 3141 lich, mich auch an dieser Stelle nicht geschickter
2274 3082 3271 3169 nicht, daß sich Johanna jenem sterbenskranken
1314 3101 2292 3171 jenem Manne hingezogen fühlt, zu dem er bis¬
317 3114 1314 3193 ausdrücken zu können,) — ohne Folgen blieb.
2275 3138 3279 3212 Herrn von Sala hingibt, — wic sich einst ihre
1304 3149 2239 3221 her sein ganzes Leben lang verehrungsvoll —
324 3166 1307 3226 Es ist nämlich wichtig, dies festzustellen, da
2279 3185 3280 3262 Mutter dem Julian Fichtner hingab. Sala
1308 3201 2294 3272 als zu seinem Vater — aufgesehen hat, zu Weg¬
319 3207 1323 3291 Irene Herms ein mehr harmonischerer, sittlich
2289 3238 3286 3304 macht dem Mädchen den Antrag, seine Frau zu
323 3246 2282 3336 stärkerer, ja, vielleicht tieferer Mensch geworden rath. Damit schließt auch in dem Stücke durch
326 3286 3285 3380 wäre, wenn sie dem Verhältnisse mit Fichtner den dritten Aufzug alles, was an dem Stückewerden, „was sie lebhaft zu erschüttern“ scheint.
326 3321 3294 3424 ein Kind zu verdanken gehabt hätte. Auch Irene klar und sinnreich ist, — nicht, ohne an ein erst Sie weiß doch erstens, daß er bald sterben muß,
