3484 4352
258 2834 392 2900 teiner
233 2890 390 2952 manches
249 2942 393 3013 meinen
244 3015 404 3099 gestellt.
238 3085 396 3152 en keine
221 3126 408 3190 ir auch
249 3228 395 3292 t ja so
242 3279 409 3347 ihrlicher
252 3325 410 3389 meisten
264 3376 404 3447 finden
244 3440 372 3536 stwart
1439 245 1891 355 box 23/2
292 265 1297 370 18. Der einsane Neg
1023 958 2506 1020 Sie nicht? Es gibt pathetische Leute, die solche Beziehungen Freundschaft
215 978 388 1043 frisches
1026 1024 2504 1089 nennen. Uebrigens ist es nicht unmöglich, daß wir uns im vorigen Jahr¬
212 1029 384 1091 r. Wär'
1036 1076 2503 1129 hundert „du“ gesagt, am Eide gar, daß Sie sich an meinem Busen aus¬
222 1081 394 1143 im seine
1043 1130 2500 1182 geweint hätten. Sie haben mir manchmal gefehlt in diesen zwei Jahren, —
210 1129 397 1193 als ihn
1033 1175 2509 1230 wahrhaftig! Wie oft hab' ich auf einsamen Spaziergängen an unsere schönen
245 1179 402 1253 ich es
1046 1217 2493 1277 Plauderstunden im Dornbacher Park gedacht, wo wir (zitierend) „die tiefst'
1035 1267 2446 1313 und höchsten Dinge dieser Welt“ bis auf weiteres zu erledigen pflegten.
1043 1309 2015 1386 Nun, Julian, woher kommen Sie denn eigentlich?
1165 1364 2510 1433 Julian: Aus Tirol. Diesen Sommer hab' ich große Fußwanderungen
1041 1431 2496 1484 unternommen. Bin sogar Bergsteiger geworden auf meine alten Tage. Eine
1040 1474 2497 1540 Woche hab' ich auf einer Alm verlebt ... Ja, ich habe allerlei getrieben.
1038 1529 1873 1584 Was man so versucht, wenn man allein ist.
1160 1580 1828 1631 Sala: Sie waren wirklich allein?
1160 1617 1448 1683 Julian: Ja.
1157 1665 1825 1729 Sala: Die ganzen letzten Jahre?
1165 1709 2514 1779 Julian: Wenn ich von einigen lächerlichen Unterbrechunge absehe
1116 1769 1194 1842 ja.
1157 1804 2104 1883 Sala: Nun, dem hätte sich doch abhelfen lassen.
1158 1858 2512 1920 Julian: Ich weiß. Aber mit dem, was mir in dieser Art noch zu
1047 1925 2513 1973 Gebote steht, ist mir nicht gedient. Ich bin sehr verwöhnt gewesen, Sala.
1037 1952 2511 2018 Mein Leben ist bis zu einer gewissen Epoche wie in einem Rausch von
1048 2010 2518 2070 Zärtlichkeit und Leidenschaft, ja von Macht dahingeflossen. Und damit geht
1043 2064 2511 2121 es zu Ende. Ach Sala, was für erbärmliche Lügen habe ich mir in den
1050 2118 2507 2170 letzten Jahren erschleichen, erbetteln, erkaufen müssen! Es ekelt mich, wenn
1052 2164 2514 2221 ich zurückdenke, und wenn ich nach vorwärts schaue, graut mir. Und ich
1044 2203 2521 2275 frage mich: soll wirklich von aller Glut, mit der ich die Welt umfaßt
1055 2246 2511 2312 habe, nichts übrig bleiben, als eine Art törichter Grimm, daß es vorbei
1044 2297 2517 2358 sein, — daß ich, ich menschlichen Gesetzen so gut unterworfen sein muß
1053 2347 1407 2422 als ein anderer?
1166 2395 2500 2468 Sala: Warum diese Erbitterung, Julian? Es gibt doch noch man¬
1043 2450 2502 2518 cherlei auf Erden, selbst wenn uns etliche Vergnügungen und Genüsse früherer
1051 2516 2515 2583 Zeit abgeschmackt und unwürdig erscheinen. Und gerade Sie sollten das
1050 2556 1568 2628 nicht empfinden, Julian?
1172 2600 2512 2672 Julian: Winden Sie dem Schauspieler seine Rolle aus der Hand
1054 2674 2520 2737 und fragen Sie ihn, ob ihm die schönen Kulissen Spaß machen, zwischen
1053 2715 1488 2777 denen er stehen blieb.
1166 2757 2522 2850 Sala: Aber Sie haben doch auf Ihren Fahrten wieder zu arbeiten
1048 2820 1324 2891 angefangen?
1172 2868 1749 2934 Julian: So gut wie nichts.
1166 2912 2526 2991 Sala: Felix erzählte, daß Sie aus Ihrem Koffer ein paar Skizzen
1049 2968 1766 3023 hervorgeholt und ihm gezeigt hätten.
1175 3026 1738 3076 Julian: Er sprach davon?
1168 3067 1822 3135 Sala: Und alles mögliche Gute.
1173 3115 1643 3188 Julian: Wahrhaftig?
1169 3133 2522 3235 Sala: Und da Sie ihm die Sachen zeigten, werden Sie wohl selbst
1046 3217 1628 3282 etwas davon gehalten haben.
1164 3265 2517 3336 Julian: Es war nicht deshalb, daß ich sie ihn sehen ließ. (Auf
1837 3319 2514 3385 auf die Gefahr hin, daß Sie mich
1050 3322 1811 3386 und ab.) Ich will es Ihnen gestehen -
1064 3374 1818 3442 für einen vollkommenen Narren halten.
2372 3444 2491 3510 341
1081 3448 1447 3534 2. Juliheft 1904
