3392 4256
-19 3089 41 3140 1
1404 253 1887 336 box 23/5
260 262 1287 356 18. Der einsane Neg
2799 1531 2953 1607 Geecnene
1617 1549 2267 1627 iter
2254 1562 3344 1648 Sainte-Laure de Kiev, qui a lieu chaque! sà polit
164 1579 1379 1671 pür et, vers ia i ront habillés comme les preires ordmnar
3129 1623 3357 1691 flance a
2251 1623 3152 1698 annde, vers la fin du mois de juin, a attiré¬
162 1621 1875 1725 ilsé d’Autriche res, mais ils porteront au collet, brodés en Lire en troisième page:
2239 1668 2897 1737 1 les mémes foules qulautrefois.
3180 1659 3358 1740 A son
1629 1653 2002 1738 LES COURSES
489 1678 1352 1754 or, les insignes du Faisceau des licteurs.
3150 1783 3308 1857 # ils d
2266 1781 3140 1850 vantage à l’entrée de Petit Paul, à son
1386 1785 2257 1865 jeune femme à son mari, et la lecture
497 1793 1380 1864 corvees du bord, l'auteur va nous con¬
2251 1839 3149 1894 tour débarqué. IIs assistent, impuissanis
1385 1853 2263 1904 de ces lignes naives et simples redouble
496 1834 1386 1913 ter une émouvante et assez trouble his¬
3135 1862 3348 1936 riche ei
2261 1888 3143 1939 et navrés, au désespoir du pauvre gar¬
1377 1888 2267 1954 l’étrange passion des deux compa¬
492 1896 1382 1955 toire. Ce Petit Paul, jeune recrue, tour
147 1807 496 1990 PALE
3131 1923 3344 1978 antricht
2259 1916 2394 2000 con.
1384 1927 2259 1993 gnons; Jules, celui qui s’empara de
501 1927 1387 1998 à tour brutalisée et caressée par ses an¬
3130 1958 3324 2023 tement
1373 1976 2270 2039 Ja lettre et qui l’a gardée, sans souci du
2295 1957 3098 2035 Tout cela est curieux, étrange e
503 1968 1378 2036 ciens, se laisse arracher de naives con¬
3137 2009 3345 2076 les spec
1378 2014 2264 2086 chagrin de Petit Paul étonné et inquiet
506 2020 1377 2081 fidences qui irritent d’abord, puis
2262 2002 3147 2072 excellemment traduit par un dialogue
3143 2056 3352 2118 plus cer
1376 2064 2262 2123 de ne pas recevoir de nouvelles, concoit
500 2056 1378 2128 émerveillent ses copains par se croyan¬
2261 2067 3143 2130 souvent brutal, mais ennobli d’une se¬
3146 2097 3344 2166 passé d
1381 2092 2259 2169 le projet d’aller, des le débarquement,
493 2103 1379 2169 ce fervente au bonheur. C’est que tout
2268 2104 3134 2160 crête ardeur et d’une poésie dont le con¬
150 2108 500 2189 dans le genre
3138 2130 3338 2201 coins o
1390 2134 2252 2207 faire visite à cefte inconnue qui l’ob¬
2265 2158 3131 2214 traste est d’une singulière beauté. Evi¬
500 2152 1378 2212 nouvellement marié, il a laissé au pays
160 2165 502 2232 nais comme de
3141 2189 3338 2246 facon de
1388 2198 1537 2261 sede.
2259 2201 3137 2248 demment, il s’agit peut étre là de sou¬
490 2191 1388 2263 sa jeune femme qui l’attendra jusqu'à
154 2206 504 2281 aires qui souf¬
3144 2227 3360 2301 ient des
2263 2222 3137 2293 venirs personnels évoqués par un tem¬
500 2226 1382 2306 la fin de son service. La candeur de
1427 2226 2262 2312 Au troisième tableau, en Bretagne.
168 2248 493 2322 reste, c’est-à¬
493 2275 1383 2333 cette äme toute fraiche éveille chez les
2263 2266 3141 2342 pérament de jeune homme vibrant ét
3181 2279 3329 2342 Le pr
1379 2290 2257 2349 dans la chaumière de Petit Paul, un
168 2280 510 2366 que la Bonté
497 2316 1383 2389 loups de mer qui l’écoutent, des réves
2257 2322 3138 2383 sensible, mais il serait dommage que#
3133 2314 3334 2391 femme
1382 2328 2256 2385 vieillard et une jeune fille veillent une
171 2329 498 2408 s qu'ils appel¬
506 2359 1384 2431 inconnus Et en dépit de la hardiesse
2254 2356 3148 2435 ce ne füt qu'un accident, car, dans ces
3130 2372 3322 2426 etres si
1384 2368 2258 2431 agonisante; la femme du petit matelot,
152 2361 498 2461 sonnages igno¬
511 2404 1381 2468 et la verdeur de son dialogue, M. Pierre
2255 2401 3137 2464 trois tableaux on déméle un remarqua¬
3139 2415 3258 2468 pare
1372 2395 2265 2466 Iterrassée par un mal foudroyant. Al’ins¬
167 2423 508 2499 parce que les
2255 2449 3149 2517 ble don d’auteur dramatique. On ne¬
502 2454 1377 2505 Brasseur s'affirme un vrai poete, un
3137 2455 3252 2514 trop
1375 2456 2254 2516 tant ou ces braves gens viennent de rece¬
2261 2490 3146 2561 verra tout à fait clair dans les qualités
514 2499 1380 2564 peintre subtil et délicat des plus légeres
3141 2497 3241 2556 ign
1382 2493 2257 2556 voir son dernier soupir, un marin se
154 2497 499 2584 lous mène au
2257 2514 3139 2592 de M. Pierre Brasseur qu’à son pro¬
3135 2540 3228 2598 ir
508 2549 755 2619 émotions.
1379 2541 2265 2612 présente. C’est Jules débarqué, qui a pris
152 2557 510 2629 avire, avec les
2268 2578 3146 2639 chain ouvrage; il jouera là une fameuse
3135 2582 3217 2641 le
1383 2587 2265 2651 de l'avance sur ses camarades avec l’in¬
530 2577 1377 2658 Nous retrouvons les trois mémes per¬
150 2610 516 2676 ge, réduit som¬
2263 2612 3146 2690 partie; car, si l’impression produite par
3133 2634 3206 2693 f
1387 2624 2265 2690 conscient désir de voir le premier cette
491 2632 1382 2716 sonnage au second tableau dans la
153 2651 506 2719 ent les bruits
3138 2678 3212 2734 re
2249 2671 3147 2745 Hommes du Monde s’y confirme, nous
1374 2667 2265 2734 femme, à laquelle il atant pensé; comme
499 2685 1381 2746 chambre des machines, autre prison
147 2695 506 2767 ans une atmo¬
2264 2711 3100 2785 aurons un dramaturge de belle classe.
1375 2708 2265 2779 la petite voisine, Marie-Berthe, nel'a ja¬
504 2724 1389 2791 aussi obscure que le cachot au con¬
146 2732 520 2805 de tristesse et
1379 2752 2261 2832 mais vu, elle le prend tout bonnement
504 2772 1382 2836 tart du Petit Paul et à la suite de ses con¬
152 2775 507 2848 nnages seule¬
2637 2768 2754 2850 #
1374 2791 2260 2876 pour le mari, et alors se déroule une au¬
504 2806 1394 2885 fidences ingénues, les compagnons ré¬
140 2814 502 2889 niers tableaux,
2303 2831 3149 2921 La troupe allemande de M. Eugen
1383 2849 2261 2913 tre scène singulière, ou la paysanne,
516 2862 1387 2919 vent de cette jeune paysanne pure,
164 2862 518 2939 aussi dans les
2279 2881 3138 2955 Robert nous a donné cette semaine, au
3147 2899 3210 2952 pl
1380 2904 2270 2952 moitié par curiosité, moitié par un senti¬
496 2900 1387 2966 robuste et fraiche qu’évoque sans cesse
153 2905 512 2977 bres des machi¬
3127 2936 3249 2996 Joht
2271 2919 3145 2996 Symnase, apres le Démon de la Terre,
1383 2933 2269 2996 ment assez mystérieux, consent un ins¬
503 2944 1381 3015 T’amoureux. IIyalà une gamme obs¬
142 2950 503 3019 e. Deux mate¬
2260 2963 3134 3047 une magnifique représentation d’une
3139 2981 3260 3034 proft
1386 2971 2261 3040 tant à passer pour la morte. Sa première
503 2987 1381 3056 cure de sentiments équivoques et
169 2992 507 3064 subissent la
2257 3007 3143 3072 cuvré. CArthur Schhitzler, 1e Chemin
3137 3023 3301 3078 tresse
1377 3023 2260 3092 inquiétude dissipée, elle se montre mé¬
502 3025 1388 3098 d’échappées vers le bleu, d’une qualité
158 3046 508 3101 leur fut in¬
2268 3048 3139 3116 Solitaire, écoutée par une salle encore,
1375 3065 2262 3124 me indulgente aux entreprises de Jules,
503 3076 1378 3141 bien rare. Un instant on ne distingue
147 3077 508 3158 blement deux
2260 3089 3275 3179 hélas, trop peu garnie, mais avec la plus.j. lix.
1375 3108 2265 3177 jusqu'à ce que la venue de l’autre com¬
509 3114 1384 3184 pas nettement de quelle nature est T’in¬
163 3120 504 3194 grossiers, qui
2260 3146 3145 3216 fervente attention. Plus que jamais, j’ai
3178 3133 3353 3205 Au trd
1378 3149 2261 3215 pagnion Martin, poussé lui auss par la
519 3159 1389 3228 térêt porté à ce jeune garcen par ces
207 3172 502 3230 avec leurs
3143 3171 3357 3251 plier so
2255 3184 3149 3248 regreité de e pouvoir suivre un texte
1378 3190 2260 3249 méme vague et perverse curiosité, obli¬
507 3201 1385 3272 ämes troubles; mais, peu à peu, Tidée
216 3201 511 3282 vecabulaire
2261 3216 3131 3285 dont les péripéties extérieures ne suffi¬
3131 3225 3335 3292 mener,
1386 3237 2260 3300 ge la jeune fille à leur montrer dans le#
515 3233 1393 3314 se dégage; les deux hommes sont va¬
218 3259 521 3315 souvre et
2265 3262 3143 3338 sent pas à traduire lidée maitresse qui
3140 3263 3344 3338 rée, la
1381 3279 2271 3342 lit breton clos la morte devant laquelle
509 3285 1387 3366 guement amoureux de cette fille incon¬
151 3298 513 3366 t un troisième
2269 3318 3139 3383 est fört belle: & Les étres vivant dans
3131 3310 3351 3388 le secre
1381 3322 2263 3391 les deux hommes restent incertains, en¬
508 3328 1390 3398 nue dont parle avec fant de ferveur
152 3341 517 3403 sägé que les
2262 3357 3144 3435 & l’intimité la plus compléte, restent
3174 3366 3356 3431 Enfin,
1383 3366 2265 3434 vahis par la souffrance d’une vague espé¬
508 3382 1387 3448 leur jeune camarade. Une jalous“
144 3376 505 3454 Abandonner un
2293 3398 3132 3473 toujours enfermés en eux-ménes,
3125 3408 3341 3471 chant à
1269 3405 2269 3484 #ierance trompée et la douleur des deux
507 3432 1244 3500 consciente s’empare d’eux au po¬
155 3416 508 3501 de ces lascars
163 3443 3338 3545 e et les dures I l’un. Jules, escamote une lettree la pauvres bougres va se creuser encore da-## ignorant ceux qu'ils coudoient. dont 1 de son
