3436 4224
21 1608 71 1670 dif
-15 1659 73 1717 Jol
-14 2112 70 2169 ngt
1437 219 1913 320 box 23/4
283 221 1302 343 18. Der einsane Neg
1129 1569 3233 1658 bis zum freiwilligen Scheiden aus dem Leben, Julian] nennen. Die Akte brechen ab, ehe es zu äußeren
2178 1613 3240 1700 Handlungsmomenten kommt. Im ersten Zwischenalt
208 1617 1113 1744 IDAak. Nachdruck nur mit Quellenaugabe gestattet.
1142 1659 2187 1716 Fichtner schwelgt in sentimentalen Regungen. Ein
2190 1669 3235 1745 ist die Mutter dahingeschieden, im letzten Johanna.
1137 1691 2184 1757 letztes Glück vor dem Scheiden von dieser Erde suchen
2183 1720 3241 1791 Zwischen dem zweiten und dritten Akt vollzieht sich
1146 1741 2178 1812 beide, so wie es der junge Medardus in den Armen
204 1682 1039 1868 u Feuilleton. 4%
2187 1775 3235 1846 die Entwicklung der Beziehungen Johannas zu Sala,
1146 1791 2173 1859 der Fürstin genießt, wie es mit dem lockenden Ruse
2188 1824 3230 1891 die die Bühne nicht vorführt. Weder ihre Liebe noch
1142 1844 2190 1911 des Lebens die heiße Marie in die Umschlingung des
2187 1879 3240 1955 ihr Tod wirkt völlig überzeugend. Darin liegt die
362 1837 1014 1956 Hofburgtheater. 7“7
1147 1897 2173 1970 todgeweihten Offiziers zieht. Dem einen bringt Johanna
2181 1915 3242 1989 theatralische Schwäche, aber auch der bestrickende Zauber
1134 1941 2177 2029 Wegraty die Abschiedsgabe hingebender Frauenliebe,
207 1938 1143 2035 19. Februar 1914 zum ersten Male: „Der einsame
2191 1967 3245 2042 des Werkes, das einem lieb werden kann, wie nicht
242 1991 1133 2061 Schauspiel in fünf Akten von Artur Schnitzler.)
1138 1991 2178 2076 der andere klammert sich an den Sohn, der bis dahin
2188 2013 3246 2106 leicht ein anderes Stück Schnitzlers. Man lauscht dem
1144 2041 2186 2121 nur Begriff war und zur Realität ihm werden soll.
226 2039 1138 2130 r einem Dezennium ist Schnitzler seinen ein¬
2189 2068 3239 2137 traurigen Sange der Elegie, die wie des Vogelweiders
1144 2094 2181 2160 Beiden aber bleibt die Sühne für ein nur egoistischem
213 2104 1141 2183 n Weg gewandelt, dem erst heute Bahn im weiten
2185 2110 3241 2189 Klagen um seine entschwundenen Jahre klingt. Und
1147 2146 2187 2210 Genusse geweihtes Dasein nicht erspart. Im Wasser
222 2158 1134 2234 e des Burgtheaters gebrochen worden. Uns, wie
2194 2166 3245 2239 diese eintönig sanfte und doch so eindringliche Weise
1146 2190 2188 2259 des Teiches geht die Geliebte dem einsamen Sala
204 2209 1142 2290 Dichter, ist das Werk bereits historisch. Wenn er
2188 2219 3235 2302 hilft über den Grundton von Härte, kalter Mitleid¬
1154 2237 2178 2322 voran, die Aufklärung, die Felix über seine Geburt
205 2250 1144 2334 tt wieder vornähme, seine gereifte Kunst würde
2186 2263 3251 2335 losigkeit hinweg, der in dem Schicksal aller dieser
1151 2294 2185 2366 wird, trennt ihn für immer von dem, der seine Vater¬
209 2308 1150 2380 isch konzentrieren in dem Überfluß an Motiven
2193 2319 3246 2387 armen Menschen liegt, wie sie vom Leben betrogen
1144 2345 2182 2428 rechte geltend machen will. „Besitzen kann man nur
209 2356 1148 2443 Ideen, er würde die andeutenden Vorgeschichten
2197 2372 3239 2449 sind, wie sie sich ums Leben betrügen. In all ihren
1148 2393 2193 2468 dort, wo man sich ein Recht erwarb“, muß Säla ein¬
216 2416 1149 2482 sicherer erfassen, der Szene mehr Raum geben
2192 2431 3244 2488 Kämpfen zum Schutz ihrer Persönlichkeit werden die
1144 2445 2192 2527 sehen. Sie gehen ihren letzten Weg allein, sie haben
202 2467 1151 2541 dem Gefühle, die Dichtung wäre energischer, lebens¬
2192 2470 3242 2534 Gestalten uns verklärt durch den mild schimmernden
1154 2498 2116 2569 nicht Gegenwart, nicht Zukunft, nur Erinnerung.
214 2515 768 2598 , vor allem — jugendlicher.
2202 2516 3245 2591 Reif der Todesweihe, die sich um ihre Stirnen zieht.
1186 2543 2171 2613 Das Trauerspiel des Erinnerns — das Leitmotiv —
190 2541 1146 2648 Enn es liegt etwas merkwürdig Greisenhaftes,
2200 2573 3250 2639 Keine Frage ums unentdeckte Land, aus dem kein
1152 2598 2182 2666 schimmert durch all die vielästigen Verschlingungen des
190 2624 1154 2698 es in diesem leisen, feinfühligen Seufzer. Weisheit
2204 2605 3251 2697 Wanderer wiederkehrt — metaphysische Zweifel sind
1149 2647 2195 2713 Dramas hindurch. Gerne erzählen diese Männer von
192 2667 1144 2755 Alters redet in den Sentenzen und wohlgeprägten
2204 2678 3247 2735 Schnitzler fremd; ihm starrt als Schreckbild nur das
1155 2695 2192 2767 Vergangenheiten, selbst die Phantasie des jungen Mäd¬
199 2719 1144 2803 pprismen. Ein blutjunger Bursche, wie dieser Felix,
2202 2716 3245 2787 Aufhören dieser irdischen Existenz entgegen, gerade aus
1161 2753 2190 2825 chens flüchtet sich in Träume früherer Existenzen, in
192 2769 1152 2854 keht bereits, daß auch Mütter und Schwestern
2196 2770 3252 2857 der entschwindenden Jugend rückt ihm der schreckhafte
1159 2800 2191 2861 denen sie als orientalische Sklavin vor dem Gebieter
209 2829 1147 2892 hen sind, kaum eine Figur ist in dem Drama, die
2209 2827 3249 2892 Gedanke nahe, das Wissen um den Tod, wie es Sala
1163 2850 2190 2910 tanzte. Sie nimmt es ruhig hin, daß die Bestimmung
205 2864 1151 2944 fnicht von ihrer Umgebung loslöst und kein Ver¬
2199 2876 3246 2945 vom Arzte gebieterisch fordert, vertieft letzte Lust und
1161 2900 2191 2980 vieler Menschen sei, „einander gar nichts zu bedeuten
219 2913 1153 3001 is zu ihr erreichen kann, vom Vater Wegrath
2192 2924 3257 2997 letztes Leid. Je weiter Schnitzler in Jahren vorschritt,
1153 2959 1512 3037 als Erinnerung“.
239 2965 1149 3037 bis zum resignierenden Arzte Dr. Reumann.
2199 2996 3248 3061 desto bitterer, schmerzvoller ward sein Ruf um die ver¬
1195 2983 2188 3069 Und der Virtuose im Auskosten des Vergangenen,
212 3037 1155 3086 ein Dichter, gerade in den Jahren voller Mannes¬
2202 3033 3249 3109 lorene Jugend, sein Neid gegen ein frisch aufblühendes
1160 3052 2202 3132 Sala, fragt, was Gegenwart eigentlich heiße? „Ist
218 3075 1156 3141 stellt in den Mittelpunkt seines Werkes den vom
2208 3074 3247 3148 Geschlecht, das, wie Sala hier schon meint, es besser
1166 3102 2195 3171 das Wort, das eben verklang, nicht schon Erinnerung?
203 3115 1162 3202 stgefühle durchschauerten Mann, und zwar gleich
2196 3133 3239 3218 haben werde als seine Vorläufer, in „mehr Haltung“
1165 3164 2202 3233 Der Ton, mit dem eine Melodie begann, nicht Erinne¬
204 3163 1160 3251 zwei Parallelgestalten, die sich nur in der Form
2203 3179 3250 3265 und „weniger Geist". Und in seiner letzten, an Kunst
1158 3204 2200 3289 rung, da das Lied geendet?" Und fast möchte man
204 3216 1163 3288 Ausdruckes ihrer wehmutsvollen Empfindungen
2201 3240 3262 3336 des Vortrages kaum zu übertreffenden Erzählung von
222 3259 2194 3355 rscheiden: Herr von Sala bewahrt seine Haltung das ganze Werk einen Ton, ehe die Melodie begann,
