3436 4256
1416 244 1875 340 box 23/1
1083 254 1159 325 W
906 260 981 326 6
262 263 1276 359 18. Der einsenenen
2067 719 2194 806 K
443 741 1118 841 Nr. 39. 16. Februar 1904
1578 807 2745 893 alles nichts. Das Telegramm brachte dem schwanken Kahn
402 834 1594 908 lüge bis zu Ende getragen, ohne daß der strafende Richter
402 863 2735 963 in ihr aufgestanden wäre. So oft uns Schnitzlers Kunst das erste Leck bei, es kamen dann von Akt zu Akt
397 904 2732 988 an die Ibsens erinnert, hier zeigt sich der ganze Unter= neue Stöße hin: Er versank schließlich lautlos in Tränen,
1581 953 2745 1020 ohne den gerincsen Strudel zu hinterlassen. Von den Spielern
404 973 1571 1039 schied zwischen germanischem Wahrheitsernst und jüdisch¬
1571 1000 2749 1056 bot vor allem Kuhnert im ersten Akte einen vortrefflichen,
399 1014 1571 1100 wienerischer Empfindsamkeit. Doch was sie selbst nicht bü¬
1572 1020 2741 1112 von treuer Biederkeit förmlich triefenden Oberbootsmannsmaat.
406 1061 1570 1130 ßen sollte, büßt ihre Tochter. In ihr wiederholt sich das
1581 1070 2742 1161 Sonst wären noch Herr Walden, Herr Rohland und Fräuleins
408 1107 1577 1179 Schickjal der Mutter. Was ist Gegenwart, was ist Ver¬
2535 1121 2709 1196 E. B.
1593 1140 2013 1221 Ceriglioni zu nennen.
409 1137 1578 1219 gangenheit? Die von Ahnungen und Träumen umsponnen
409 1183 1576 1257 wird wie Beatrice Nardi, der sich Traum und Wirklichkeit
411 1235 1581 1301 unkeusch verschlingen, die mit sich und den Menschen spielt,
1787 1214 2539 1310 Zeitungsstimmen.
406 1267 1592 1341 der nicht das Frauenglück vergönnt, sich einem andern ganz
1660 1279 2749 1361 Zu dem Anwachsen der Sozialdemokratie bei den
410 1324 1573 1379 zu geben, sie, der vor Leid und Krankheit feige graut —
1580 1329 2747 1407 Hamburger Bürgerschaftswahlen bemerkt der „Ham¬
413 1360 1571 1430 sie verliert sich an einen Todeskandidaten, einen unsteten,
1595 1396 2271 1459 burger Korrespondent“
414 1409 1586 1466 wurzellosen, trüben Gast auf dieser dunklen Erde, dem aller
1706 1409 2743 1488 „Die Ueberraschung, die man von den heutigen Bürger¬
405 1452 1586 1535 Schmerz und alles Glück nur eine Sensation. Dieser schön¬
1628 1470 2757 1533 schaftswahlen befürchten mußte, ist leder nicht ausge blieben,
405 1497 1595 1557 geistige Herr von Sala ist ein Partner Fichtners, nur daß
1627 1499 2762 1573 und zwar ist sie sehr kräftig geworden. Nicht weniger
421 1537 1588 1597 er sich über sich selbst klar ist, nur daß er sich weniger weh¬
1635 1539 2763 1611 als zwölf Sozialdemokraten ziehen neugewählt in unsere Bür¬
1646 1577 2761 1650 gerschaft ein: vorausgesetzt also, daß das halbe Dutzend Stich¬
411 1572 1599 1644 leidig betrachtet als dieser. Die er vielleicht im Abendrot
1644 1615 2755 1681 mahlen dank dem Zusammenhalten der bürgerlichen Parteien
407 1632 1596 1687 seiner verlorenen Tage doch noch lieben gelernt hätte, Ga¬
1645 1656 2763 1725 der Sozia demokratie keinen weiteren Zuwachs bringen wird,
414 1663 1586 1726 brielens Tochter, weiß, daß es zu spät ist: so stürzt sie sich
1645 1677 2769 1758 wie ja wohl zu hoffen steht, werden wir in der Bürger¬
410 1705 1603 1785 in den Teich in seinem Garten und macht sich ihm zu einer
1639 1735 2769 1799 schaft einschließlich des darin verbliebenen Stolten eine „rote
421 1759 1588 1826 „Erinnerung“ wie die andern, die vor ihm und für ihn da¬
1645 1779 2774 1837 Fraktion“ von 13 Mann haben. Und — auch das läßt sich
418 1786 1604 1866 hingegangen sind. „Und wenn uns ein Zug von Bacchanten
1640 1807 2764 1878 sast mit Sicherheit voraussagen — in drei
426 1843 1599 1898 begleitet hätte, den Weg hinab gehen wir alle allein — wir,
1651 1833 2781 1911 Jahren wird diese Zahl reichlich auf das Doppelte
410 1868 1606 1940 die selbst niemandem gehört haben.“ Wie Fichtner, dem
1648 1882 2763 1952 steigen. Wir müssen also mit der Sozialdemokratie künf¬
1652 1912 2775 1990 tig als mit einem Faktor rechnen, der sich in unserer Bür¬
422 1938 1606 1991 der Sohn die Hand verweigert, schreitet auch Sala einsam
1643 1953 2772 2038 gerschaft breit machen wird, wie er sich im Reichstage breit
417 1971 1606 2041 den Pfad gen Abend, in die Nacht. Man denkt
1655 1999 2778 2062 macht, wenn er auch hier so wenig wie dort unmittel¬
421 2018 1596 2080 an Rückerts Wort: „Ein Mensch, der zu Sterben
1653 2036 2785 2105 baren politischen Einfluß auf den Gang der
1487 2059 1603 2111 der
409 2058 1495 2134 geht und keinem Liebe geschenkt hat; ein Krug,
1653 2093 2139 2165 Dinge zu üben vermag.“
408 2104 1595 2164 zzu Scherben geht und keinen Durst'gen getränkt hat.“
1683 2094 2786 2182 Die „Hamburger Nachrichten“ geben einen
411 2136 1604 2211 Ueber sie hinweg aber reichen sich die die Hände, die durch
1589 2158 2776 2248 Teil der Schuld an dem Ausfall der Wahlen den sozia¬
416 2180 1598 2267 gleiche Lebensauffassung, durch gleiches Opfer= und Pflicht¬
1604 2202 1846 2292 listelnden#
426 2233 1604 2310 gefühl sich verwandier fühlen dürfen, als Bande des Blutes?
424 2266 1602 2347 allein uns machen können: der alte Wegrath und Felir#
430 2315 1591 2387 sein wahlverwandter Sohn. Mit dem Ruf aus Herzens
431 2362 1606 2432 Tiefe stürzt der Junge dem Alten in die Arme: „Vater.
440 2409 1604 2482 Mein Vater!“ Und diesem klingt es, als hört er es zum
432 2469 710 2535 ersten Male.
511 2474 1617 2549 Auch sonst wird das Leitmotiv des Stückes, wie wir
440 2529 1609 2603 Menschen alle nichts von einander wissen, wie wir kaum
425 2569 1623 2657 unsere Beziehungen zu einander kennen, an unserem Glück
426 2620 1624 2693 vorüberrennen und dazu bestimmt scheinen, auseinanderzu¬
436 2663 1629 2750 slattern, weiß Gott wohin, von Schnitzler noch mannigfach
440 2716 1632 2779 vartiert. Aber auch die es positiv vertreten wie die Schau¬
437 2744 1618 2832 spielerin Irene Herms, die sich aus dem unfruchtbaren Reich
446 2794 1621 2876 der Kunst zur Natur zurückgeflüchtet hat und die das Wort
439 2840 1631 2909 spricht: „Eine Frau, die kein Kind hat, ist gar nie eine
442 2876 1625 2963 gewesen,“ auch diese Gestalten werden unter seinen verzär¬
446 2924 1636 2992 telten Händen keine rechten vollsaftigen Menschen von Fleisch
447 2989 1634 3043 und Blut. Sie bleiben Schemen, Transparente, durch die
441 3009 1642 3090 wir hindurchblicken, die aber nicht auf uns zukommen, die
451 3057 1629 3129 uns nichts zu sagen haben, das uns aufrichten, tüch¬
442 3099 1638 3176 #tiger, lerensfroher und stärker machen könnte. Es fehlt die
453 3143 1628 3209 Kraft, der Wille und der Glaube — darum bleibt am Ende
457 3186 1642 3259 alles so müde, so elegisch, so fern und trübe. Erinnerung
444 3245 1080 3317 und Ahnung, keine Gegenwart.
529 3252 1638 3348 Ungleich reicher als von der Bühne erschließen sich uns
452 3324 1641 3406 deshalb aus dem Buche (Berlin, S. Fischer) die vielen
463 3367 1621 3440 Einzelschönheiten, die das in sich reife Werk des ernst an
465 3400 1643 3488 sich arbeitenden Dichters bringt. Trotzdem ist und bleibt
462 3449 1652 3532 es ein künstlerischer Genuß, Schauspieler wie Basser¬
454 3489 1648 3561 mann (Sala), Ritiner (Fichtner) und Else Leh¬
461 3532 1638 3613 mann (Irene Herms) mit Aufgaben, die eigentlich ihrer
460 3583 1635 3672 realistischen Begabung widerstreben, klug, fein und geschmack¬
452 3618 1648 3722 voll ringen zu sehen. Irene Trieschs sensitioe Kunst
464 3668 1652 3752 hätte dem Stücke und seinem innersten Wesen mehr geben
474 3718 1638 3792 können, wenn der Dichter ihrer Johanna mehr gegeben hätte,
470 3761 1645 3850 Nur ein paar Mal, und auch dann nicht ohne Widerspruch,
469 3808 1643 3891 durfte Schnitzler vor dem Vorhang erscheinen. Für den
469 3841 1645 3942 schwachen Dramatiker war es genug, übergenug; der Dichter
1436 3892 1619 3967 F. D.
477 3915 1035 3988 hätte öfter kommen dürfen.
551 3994 1261 4106 ### Mert:—
3003 1586 3165 1636 —
2815 1594 3364 1678 wird dieselbe Schwierigkeit i
2811 1655 3377 1721 tionen im Abgeordnetenhause
2820 1692 3369 1759 im Reichstage seit der Wahl
2819 1730 3362 1797 reits besteht. Wir glauben
2820 1764 3369 1837 Abgeorductenhause sich dadur
2820 1806 3367 1865 lassen wird, wie das Zentruf
2824 1849 3353 1915 gezwungen sein, die Kons
2825 1881 3374 1947 Vorgehen zu ziehen. Selbsti
2828 1922 3369 1992 Zentrum mit demselben Nach
2825 1966 3372 2025 die berechtigten Beschwerden
2830 2008 3324 2071 wird sich dabei auf eine
2827 2033 3321 2104 ser Beschwerden und auf
2828 2077 3374 2146 und ungerechten Polenpoliti
2811 2121 3368 2170 müssen, ohne Rücklicht
2839 2157 3373 2254 W
