3392 4256
1426 231 1896 319 box 23/5
282 228 1280 334 18. Der einsane Nen
1343 1394 1499 1489 417
765 1498 1498 1649 Der Bund, Bern
1820 1686 2812 1777 Grundstimmung sozusagen in eine düstere Luft¬
1045 1705 1603 1803 Berner Stadttheater
1817 1757 2126 1820 schicht emnpor.
1343 1764 2814 1854 der einsame Diese seltsame Mischung von weltmännischet
815 1763 1426 1906 frthur Shnl#
1813 1836 2825 1891 Leichtigkeit und tieferTragik kam auch im Ton der
877 1896 2832 1938 Rz. Arthur Schnitzler ist Dichter der Herbst= von Weiß geleiteten Aufführung schön zur Gel¬
834 1935 2811 1982 stimmung. Wie etwa in seinem Roman „Dr. tung. Tempo und Rhythmus der Wiedergabe wa¬
832 1946 2823 2023 Gräsler, Badearzt“ (1917), so klingt auch schon ren sein abgestuft. Carl Weiß schuf überdies
830 2007 2821 2079 durch dieses viel ältere Stück (1914) jene eigen= in der Gestalt des genialen, heimatlosen Malers
833 2042 2812 2133 Artige Herbstmelodie, in welcher Töne verhal= Fichtner, der einen Sohn hat (Felix) und ihn
829 2087 2806 2160 Ctenen Uebermuts, der schweren Neife, der Trauer nicht sein eigen nennen darf, der um sein Kind
836 2133 2822 2204 und der herben Einsamkeit mitschwingen. Doch kämpft und es schließlich nur noch mehr verliert,
1855 2190 1920 2242 —
1896 2171 2805 2243 Carl Weiß schuf in dieser Gestalt einen le¬
839 2185 1829 2244 einsam, einsam ist jeder dieser Menschen, ob
1830 2209 2820 2285 benswahr empfundenen, erleonisreichen Men¬
834 2237 1823 2287 jung oder alt. Keiner weiß vom andern. Der
1828 2255 2816 2321 schen, der tragisch wirkte. Ihm gegenüber ver¬
834 2275 1826 2327 Vater nicht vom Sohn und nicht von der Toch¬
826 2327 2823 2383 ter, die Schwester nicht vom Bruder, der Freund körperte Fritz Forberg im Schriftsteller
1829 2351 2807 2401 Stephan von Sala den geistreichen, überlegenen.
833 2364 1822 2411 nicht vom Freund. Trotzdem aber lastet in
843 2388 2817 2459 Schnitzlers Schauspiel nicht die fast erdrückende allesverstehenden Weltmann in höchst sympa¬
1820 2434 2810 2496 thischer Weise, während Grete Wittels mit
842 2446 1829 2523 Atmosphäre von Hauptmanns „Einsamen Men¬
837 2469 2811 2537 schea“; ob „Der einsame Weg“ auch unnötig ihrer Johanna durch den müden, gebrochenen
832 2522 2803 2590 lang gestreckt ist, was durch Schnitzlers Art der Ton der jugendlichen Stimme und den eigen¬
834 2563 2806 2646 Schilderung jedoch bedingt wird, so liegt doch artig starren, sehnsüchtigen Gesichtsausdruck, so¬
836 2604 2806 2682 auch über diesem Drama eine besondere Luft; wie durch ihr stark verhaltenes und ooch nervö¬
1825 2647 2815 2706 ses Spiel geradezu ein Symbol der Einsamkeit
823 2661 1826 2720 man wäre fast versucht zu sagen, daß nicht
829 2674 2825 2773 das, was die Menschen sprechen, sondern das, darstellte, besonders dann auch im Trauerge¬
837 2733 2816 2802 was verschwiegen und geschwiegen wird, demwand. Sie und Richard Saldern (Felix)
839 2803 2816 2837 Stück seinen eigenartigen Reiz, seine fesselnde dürften bisweilen übrigens klarer und vernehm¬
840 2820 2836 2897 Stimmung verleiht. Und doch werden sehr viele licher sprechen. Ekkehard Kohlund war ein
843 2870 2819 2937 geistreiche und gedankenvolle Dinge gesprochen, würdiger Professor Wegrath; Cornelia Bruhn
835 2897 2822 2983 wie immer bei Schnitzler, der ja auch aus der gab die einstige Schauspielerin Irene Herms
829 2976 2816 3023 Zeit der geistreichen Wiener Causerie heraus=frecht frisch, Hermann Greid trat als Dr. Reu¬
831 2993 2827 3073 gewachsen ist. Eine gewisse Eleganz und Leich= mann sehr unbedeutend auf; Clothilde Barth
836 3038 2483 3104 tigkeit hebt das Schauspiel aus aller tragischen spielte die kranke Mutter gut.
