3392 4352
1053 246 1125 318 W
1402 255 1850 336 box 23/1
243 249 1248 345 13. Derne
2637 765 2742 824 868
1490 768 2012 822 Echo der Bühnen: Berlin.
744 773 838 833 867
1778 886 2775 942 einem reichen und tiefen Drama ausarbeiten lassen.
721 886 1715 953 Carnegie=Lyceum“ wo nun an mehreren Nachmittagen
1779 932 2789 976 Schnitzler aber hat neben die drei genannten Gestalten
712 942 1721 990 in der Woche „Candida“ und das Napoleonstück Shaws,
1766 981 2786 1020 noch eine Anzahl von Vertretern derselben beiden Typen
708 974 1725 1021 „The Man of Destiny“, gegeben werden. Arnold Daly,
1777 1003 2797 1064 gestellt, um sie dadurch vielleicht in schärfere Beleuchtung
714 1017 1726 1058 der sich um die Einstut erung dieser Sachen verdient ge¬
1770 1050 2780 1097 zu rücken, er hat jedoch durch diese Maßregel nur den
714 1056 1723 1108 macht und durch seine Interpretation der Rolle des jungen
1775 1100 2783 1136 Ueberblick gestört, und eine seiner Hilfsgestalten — wenn
715 1095 1722 1137 Dichters in die erste Reihe amerikanischer Schauspieler
2523 1118 2781 1176 ist ihm an¬
1781 1128 2456 1172 man den Ausdruck gebrauchen darf
708 1135 1725 1182 getreten ist, hat neulich seinen Ansichten über Schauspiel
1769 1162 2783 1211 scheinend während der Arbeit so sehr ans Herz ge¬
702 1177 1718 1221 und Schauspielkunst Ausdruck gegeben und u. a. gegen die
1769 1211 2786 1256 wachsen, daß er die anderen Personen darüber fast ver¬
713 1211 1725 1253 traditionelle Einteilung in Charakter= und andere Rollen
1782 1244 2785 1293 nachlässigt und insbesondere den eigentlichen Träger der
715 1251 1728 1300 protestiert. Jede Rolle sei ein Charakter, und ihr
1778 1282 2785 1329 Tragödie viel weniger bestimmt und lebensvoll aus¬
717 1296 1723 1338 Träger sei verpflichtet, sich in sie zu vertiefen und Geist
1774 1335 2792 1374 geführt hat, als zum Verständnis und zur unmittel¬
712 1327 1722 1370 und Wesen des verkörperten Typus wiederzuspiegeln.
1776 1378 2786 1412 baren Wirkung des Werkes erforderlich wäre. Diese
712 1370 1725 1420 Der hübsche Liebhaber im Melodrama, der jüdische
1781 1403 2780 1449 somit zur Hauptgestalt gewordene Persönlichkeit ist der
716 1415 1718 1458 Geldwechsler und der irische Stalljunge seien alle
1781 1444 2772 1491 Lebenskünstler Sephan von Sala. Um dieser Figur
709 1452 1719 1495 Charaktere. Was Shaw betrifft, so stehe er dem Mimen
1772 1479 2773 1526 willen wird man, wo ein vornehm und diskret
710 1495 1721 1540 hülfreich zur Seite; die Winke, die er den Darstellern
1772 1519 2788 1567 charakterisierender Darsteller vorhanden ist, das Stück
697 1523 1717 1569 gebe, hätten die Klarheit von Federzeichnungen. — Im
1773 1561 2778 1608 spielen. Sala ist ein Genießer wie sein Freund Julian
712 1564 1718 1615 „Lyrie Theatre“ geht eine Dramatisation von Frank
1767 1603 2787 1650 Fichtner, aber er ist ein Dilettant in der ursprünglichen
718 1609 1714 1660 Norris Börsenroman „The Pit“ in Szene; im
1777 1639 2789 1683 Bedeutung des Wortes, ein Mant der mit dem Leben
719 1659 1716 1700 „Manhattan“ Owen Wisters „Virginian“ im „Hudson
1779 1679 2780 1728 spielt und überall Genuß sucht, ohne jemals Menschen
720 1679 1725 1735 Theatre“ Richard Harding Davis „Ranson’s Folly“.
1769 1723 2791 1770 und Dinge zu nahe an sich herankommen zu lassen.
714 1738 1722 1780 Im „Garrick“ spielt Annie Russell eine Bearbeitung von
1780 1762 2782 1814 Daher ihm denn auch echter Schmerz fremd ist,
719 1762 1729 1809 Henri Bernsteins „Le Detour“ unter dem Titel „The
1771 1793 2794 1844 wie er sich auch nie mit Reue beschwert hat. Das ist
715 1801 1730 1865 Younger Mrs. Parling“; im „Knickerbocker“ spielt
1777 1832 2781 1882 ein gefährlicher Menschentyp für den Dichter, denn gar
712 1843 1504 1904 Viola Allen die Viola in „Was ihr wollt“.
1775 1877 2789 1925 zu leicht übersieht er bei seiner Ausgestaltung die feinen
1394 1876 1673 1956 A. von Ende.
765 1889 1006 1963 Nem Vork.
1779 1923 2781 1959 Wurzeln, die doch auch ihn mit dem Mutterboden des
1779 1961 2784 2004 Menschlichen verbinden, und es kommt eine Gestalt zu
1776 1992 2777 2039 Tage, die sich im Wesen nicht von dem Typus des
1774 2038 2782 2089 geistreichen Raisonneurs aus jener Epoche der Litteratur
1768 2072 2789 2121 unterscheidet, gegen deren innere Unwahrheit sich die
900 2080 1446 2168 = Echo der Bühnen
1782 2093 2787 2158 moderne Bewegung in erster Linie richtete. Dieser Ge¬
1780 2148 2789 2204 fahr ist auch Schnitzler nicht entgangen. Sein Stephan
719 2115 858 2239 1.—
1027 2177 1140 2238 S en. D4
1778 2196 2787 2241 von Sala ist bei aller Feinheit der Farben und Linien
1772 2236 2778 2277 doch nur ein Verwandter der Salon=Raisonneure des
1118 2238 1313 2315 Berlin.
1775 2268 2791 2322 Salon=Dramas. Ueberhaupt herrscht in diesem Schau¬
784 2298 1651 2360 „Der einsame Weg.“ Schauspiel in fünf Akten von
1779 2307 2777 2364 spiel eine gefährliche Neigung zum geistreichen Gespräch,
790 2348 1648 2388 Arthur Schnitzler (Deutsches Theater, 13. Februar).
1771 2350 2787 2396 und dem Dichter kommt es anscheinend oft mehr auf
827 2378 1664 2434 erkauk“ Schauspiel in drei Aufzügen
1769 2387 2783 2432 geistvolle Wendungen des Dialogs als auf innerlich
791 2416 1659 2459 von Richard Skowronnek (Berliner Theater,
1775 2431 2782 2474 wahre Entwickung der Charakiere an. Die Handlung,
797 2459 1657 2492 13. Februar). — „Medea.“ Drama in zwei Akten von
1779 2469 2781 2512 in der Stephan von Sala mitwirkt, ist stark romantisch
797 2482 1648 2535 Euripides, deutsch von Ulrich von Wilamowitz¬
1771 2507 2781 2555 gefärbt. Seine Liebelei mit der Tochter des Professors
834 2527 1630 2580 Moellendorff (Neues Theater, 20. Februar).
1771 2542 2786 2590 Wegrath, einem hysterischen Mädchen aus dem Geschlecht.
780 2558 1726 2643 ie „Tragödie des einsamen Weges“ ist die Tragödie
1771 2584 2774 2624 dem auch die „Frau mit dem Dolche“ entstanimt, ist
718 2626 1728 2658 — eines Menschen, der Zeit seines Lebens nur bestrebt
1779 2622 2798 2667 wenig überzeugend durchgejöhrt und weder ihn, noch
720 2654 1723 2706 war, allein seinen Weg zu gehen, ohne sich um die anderen
1772 2659 2782 2702 sie vermögen wir plastisch zu sehen. Beiden Gestalten
711 2692 1729 2739 zu kümmern und den am Ende dieses Weges die
1775 2694 2788 2747 haftet etwas Schemenhaftes an. Schnitzler reizte
711 2747 1729 2785 Sehnsucht nach Gefährten überkommt, die an sich zu
1772 2738 2787 2795 jenes Paradoxon der Natur, daß das echte Kind
720 2773 1729 2815 fesseln er aber nie gelernt hat. So straft das Leben.
1777 2775 2780 2825 aus der Ehe des Altruisten Professor Wegrath ein
724 2807 1728 2854 Julian Fichtner, der ein unbekümmerter Genießer war,
1771 2818 2792 2874 Wesen mit rein ausgeprägt egoistischen Trieben ist,
715 2844 1725 2902 so lange ihn sein Wesen zum Genuß drängte, der immer
1768 2859 2778 2898 während der Sohn, der in Wahrheit das Kind des
718 2889 1731 2941 nur Leidenschaft begehrte und gab, — auch ihn ergreift
1779 2891 2785 2951 Egoisten Fichtner ist, die altzuistische Lebensauf¬
710 2924 1722 2961 endlich beim Nahen des Alters die Sehnsucht nach
1775 2937 2782 2984 fassung des Mannes geerbt hat. der nicht von
712 2959 1736 3007 Liebe, nach einer Liebe, die im Glück des anderen ihr
1776 2975 2792 3028 Natur sein Vater ist. Der Bildner inserer Lebensauf¬
718 3000 1722 3053 Höchstes findet und deren Wesen Aufopferung ist.
1773 3015 2783 3064 fassung ist also nicht die Natur, sondern die Erziehung;
710 3043 1722 3086 Aber er kann nicht ernten, wo er nicht gesät hat, und
722 3078 1727 3126 in schmerzlichen Erfahrungen muß er es lernen, seinen
1780 3099 2785 3141 Sala ihr Ideal gesehen und von ihm ihre bestim#enden
710 3125 1727 3172 Weg als ein Einsamer weiter zu gehen. Aus einer
1775 3135 2777 3181 Einflüsse empfangen, so sehr auch ihr Vater um ihr
723 3157 1726 3220 flüchtigen Verbindung mit einer Frau, die die Braut
1780 3173 2776 3219 Vertrauen und ihre Neigung geworben hat. Dieses
717 3203 1732 3249 eines anderen war, die er verlassen hat, und die
1775 3212 2786 3266 Paar also gehört auch zusammen, und als Johanna
717 3238 1730 3290 dann das Weib jenes anderen geworden ist, hat er
1772 3245 2786 3297 die Gewißheit hat, daß Stephans Herzleiden ihn binnen
719 3286 1720 3328 einen Sohn, der vor aller Welt als der Sohn
1770 3297 2789 3341 kurzem überwältigen wird, scheidet sie freiwillig aus
712 3324 1717 3367 jenes anderen gilt und von dessen Existenz auch
1767 3338 2777 3382 dem Leben, das sie nicht allein zu tragen willens ist.
708 3369 1722 3408 er erst nach vielen Jahren erfahren hat. Der Jüngling
1779 3368 2787 3413 Stephan selbst hätte sich nicht vor dem einsamen Wege
706 3402 1720 3446 hängt an ihm, und so kann er denn hoffen, wenn
1765 3418 2781 3459 des Alters gescheut, dennoch aber kommt er der Natur
712 3435 1726 3487 er ihm das Geheimnis seiner Geburt enthüllt hat,
1774 3448 2783 3497 zuvor und scheidet freiwillig aus dem Leben. Außer diesen
716 3486 1730 3526 ihn ganz für sich zu gewinnen. Aber das gerade
1773 3496 2782 3536 Personen hat Schnitzler noch zwei weitere eingefügt, die
711 3517 1733 3573 Gegenteil ereignet sich, als Fichtner gesprochen hat: sein
1778 3527 2789 3575 wiederum Variationen der beiden Typen darstellen: den
710 3551 1734 3599 Sohn wendet sich von ihm ab und nun erst mit ganzem
1778 3567 2785 3614 Doktor Reumann, der um Johanna wirbt, aber mit seiner,
718 3599 1723 3648 Herzen dem Manne zu, in dem er bisher seinen Vater
1778 3613 2781 3655 derjenigen Salas diametral entgegengesetzten Lebensauf¬
710 3634 1720 3685 gesehen hatte und dessen große, schlichte Herzensgüte er
1780 3636 2775 3691 fassung sie nicht gewinnen kann, und die frühere Schau¬
704 3677 1340 3740 jetzt erst voll zu begreifen beginnt.
1777 3687 2775 3736 spielerin Irene Herms, ein naives Geschöpf mit gutem
792 3691 1720 3771 Dieser Stoff hätte sich wohl, auch ohne die Neben¬
1772 3726 2785 3772 Herzen, die ihr Leben genossen hat, ohne aber je den
716 3764 1730 3815 handlungen, die Schnitzler*) mit ihm verknüpft, zu
1784 3761 2782 3802 Zusammenhang mit den Menschen zu verlieren. Auch
1848 3800 2783 3848 war einst Fichtners Geliebte, aber das Kind, das
1778 3797 1839 3857 sie
792 3811 1726 3886 *) Die Buchausgabe des Dramas erschien bei S. Fischer,
1783 3842 2788 3899 diesem Bunde hätte entsprießen sollen, ist nicht zum
714 3843 862 3919 Berlin.
