3436 4352
1398 324 1824 423 box 23/1
229 330 1236 423 18. Der einsane Nen
779 543 1228 622 Telephon 12801.
401 637 1623 700 Alex. Weigl’s Unternehmen für Zeitungs-Ausschnitte
1282 692 1572 781 e. Ausschnitt
657 730 1285 845 „OBSERYE
1303 774 1354 834 80
1404 752 1681 852 Nr. 24
296 814 1743 909 I. östels beberäl. oono. Bureau für Zeitungsberichte u. Personalnachrichten
566 906 1483 962 Wien, I., Concondiaplatz 4.
308 961 1744 1027 Vertretungen in Berlin, Budapest, Chicago, Genf, London, Newyork, Paris, Rom,
664 1019 1367 1081 Stockholm, Kristiania, St. Petersburg.
283 1138 826 1222 Ausschnitt aus:
844 1159 1753 1281 Neues Wiener Tagblatt
299 1291 495 1355 vom:
610 1288 1024 1409 5X7 0y
2144 1415 2601 1495 Telephon 12801.
609 1399 1468 1538 Und schließlich ist gestern (Samslag) ein
419 1478 1460 1611 neues Schauspiel von Arthur Schnitzter „Der einsame
1775 1500 2984 1580 Alex. Weigl’s Unternehmen für Zeitungs-Ausschnitte
426 1527 1462 1651 Weg“ leise an den Zuschauern des Deutschen Theaters
2609 1556 2928 1665 Dee Ausschnitt
1760 1572 2011 1672 N 195
429 1578 1471 1718 vorbeigegangen. Ein feines, zartes, wehmütiges und
2020 1616 2687 1720 „OBSEHVEN
2762 1614 3054 1716 Nr. 62
435 1621 1478 1752 tief=innerliches Drama, aber kein gutes Theaterstück.
1662 1698 3117 1780 I. österr. behördl. cono. Bureau für Zeitungsberichte u. Persenalnachrichten
432 1693 1483 1801 Und die verletzte unerfüllte Kunstform rächt sich, indem
430 1731 1480 1860 sie die große Wirkung auf die Masse ausbleiben läßt.
1925 1764 2845 1836 Wien, I., Concondiaplatz 4.
439 1779 1488 1908 Das macht nun allerdings blutwenig für den, der das
1660 1832 3116 1898 Vertretungen in Berlin, Budapest, Chicago, Genf, London, Newyork, P’aris, Rom.
439 1835 1490 1945 Theater wenig liebt und in den Kunstwerken statt
2024 1881 2736 1955 Stockholm, Kristiania, St. Petersburg.
456 1880 1480 2005 kluger Berechnungen die Offenbarung von Menschen¬
449 1933 1482 2064 schicksalen und den Leiden einer Persönlichkeit sucht.
2323 1966 3156 2065 Tagesbote aus Mähren u. Schlester
409 1991 1490 2128 10 Erlebt, durchzittert vom Gefühle ist diese Dichtung
1532 2005 2185 2102 ineinsin Ausschnitt aus:
312 2022 424 2107 Far
412 2051 1496 2161 20 Schnitzlers, wie jedes seiner dramatischen Werke. Wir
2571 2052 2921 2145 BRUNH
1538 2088 1684 2135 Porto.
1529 2126 1691 2176 Zahlbar
409 2089 1498 2199 50 alle, die wir auf unsere Seelen achtgeben, erleben das
1522 2158 2243 2253 im Vore vom: 2/277%
387 2134 1506 2262 100 nämliche Schicksal der Verlassenheit, sagt der Dichter.
477 2186 1503 2311 Wir gehen den einsamen Weg, sobald wir über die Höhe
1501 2217 1666 2283 tte ist
1505 2271 1710 2327 steht es d
320 2264 507 2338 Abonnen
315 2241 1502 2390 Abonnen des Lebens hinaus sind sobald wir nicht den rechten
1793 2266 2254 2359 Aufnahme gesunden.
475 2291 1635 2409 Platz gesunden haben. Pir bleiben alleine, weil wir dern.
1908 2290 3001 2383 Berliner Schnitzlerpremiere: Der einsame Weg.
1824 2369 2998 2420 Artur Schnitzlers neues Schauspiel „Der einsame Weg“ ging am
473 2339 1514 2453 uns selbst auch nie ganz verschenkt haben. Wir sparen
1810 2399 2988 2453 13. d. im Deutschen Theater in Berlin zum ersten Male in Sze¬
321 2376 1697 2492 Inhaltsa mit uns, und da wir nicht Liebe verschwenden, bleiben zaltend
1817 2456 2989 2506 ne. Der Dichter, der sonst mit Vorliebe und größtem Erfolge
1530 2474 1703 2530 r Zeitung
328 2442 1704 2575 wodurch wir die Armen im Herzen . .. Ob einer nun Kinder Morge
335 2490 507 2540 blätte
1829 2484 2985 2538 Wiener Lust und Leid in seinen Stücken schildert, wobei die hei¬
1821 2527 2994 2578 tere Note die tragische meist übertönt, kommt diesmal mit einem
317 2494 1698 2616 Leben d. bat, ob nicht, Frauen bezwirgen kann bis zum letzten gschnftlie
1524 2554 1715 2628 Diese M
1831 2564 2994 2615 schweren, ernsten, psychologischen Problem, wie man es eher in
496 2564 1535 2661 dünnen Atemzuge, oder vom steten Verlangen verzehrt
328 2607 490 2673 theilung
1825 2611 2995 2661 den Werken Ibsens und Hauptmanns zu finden gewohnt ist. Er
493 2634 1544 2700 wird — einsam bleibt, wer nicht in Liebe ohne Selbst¬
1826 2645 2991 2708 zeigt die furchtbaren Folgen der „Lebenslüge“, mit der die Gat¬
1821 2678 3002 2737 tin des Professors Wegrath in die Ehe getreten war. Sie hatte
504 2677 1544 2767 sucht sich hingegeben hat. Das sieht aus wie eine Moral,
1823 2729 2997 2780 ihm verschwiegen, daß sie mit seinem besten Freunde zuvor ein
500 2744 1560 2812 ist aber eine Weisheit. Sieht aus wie Tolstoj, ist aber
1823 2765 2992 2826 intimes Liebesverhältnis gehabt hatte und daß sie, während sie
499 2786 1551 2859 das sichere und feine Gefühl eines kultivierten Menschen,
1830 2809 3008 2853 ihm Treue fürs Leben gelobte, bereits die Frucht dieser sündigen
1816 2848 3006 2911 Liebe unter dem Herzen trug. Nun ist dieser Sohn der Sünde
513 2844 1551 2933 der in mancherlei gestaltetem Schicksale immer die eine
1815 2897 3002 2958 neben einer legitimen Tochter des Professors herangewachsen und
511 2889 1557 2969 Begier sieht, einem Menschen wenigstens aufs engste
1684 2895 1790 2976 Far
1819 2917 3095 2983 sterbend offenbart ihm die Mutter, daß nicht der Professor, son=###
515 2934 1538 3030 und straffste verbunden zu sein — Sehnsucht, die un¬
1820 2957 3057 3028 dern dessen bester Freund Fichtner sein Vater ist. Der Leichtsinn#.
2983 2993 3065 3048 Jar
500 2990 1559 3074 erfüllt im Letzten die meisten zum Grabe geleitet. Die
1809 3008 3125 3075 der Mutter ist auf deren Tochter Johanna übergegangen, die auch zrans.
1709 3053 2993 3125 * 1 mit einem Freunde des Bruders ein intimes Verhältnis eingeht.
513 3053 1552 3142 Handlung des Stückes wandelt dieses Schicksal in
1820 3093 3021 3145 Als sie erfährt, daß der Geliebte an einer unheilbaren Krank¬;
508 3100 1566 3173 einigen Wendungen ab. Ein Mann hat einen unehelichen
1820 3136 3139 3197 heit leidet und ihr niemals angehören könnte, sucht sie den Tod ##de
514 3140 1561 3233 Sohn im Freundeshause, und als er einsam, die
1693 3159 2990 3225 Abens in den Wellen, und auch ihr Liebhaber nimmt sich das Leben
1693 3208 2997 3271 Abend Erschüttert durch diese Karastrophen schließt sich Felix an den Pro¬
512 3196 1558 3284 Mutter tot ist, offenbart sich sein Vaterherz — aber
1816 3257 2985 3306 fessor, den er verehrt und lieben gelernt hat, desto inniger an.
506 3242 1558 3328 der Sohn wendet sich ab, der wirkliche Vater ist ihm durch
1818 3302 2979 3351 während Fichtner, sein natürlicher Vater, von allen verlassen und
2994 3304 3138 3355 gen¬
522 3303 1558 3363 das Bekenntnis nur fremder geworden. Ein guter
1697 3320 3105 3394 Inhalt gemieden, seinen einsamen Weg bis aus Lebensende fortsetzensung")
522 3351 1559 3437 Mensch, der vermeintliche Vater jenes Sohnes, bleibt am
1701 3369 2984 3424 blät wird. Dies ist in kurzen Zügen der Inhalt des neuen Stückes.
2985 3383 3126 3442 Stliche
519 3399 1561 3484 Lebensabend allein — doch er hat wenigstens eine
1698 3411 2990 3471 wodur Man sieht, es ist ein düsteres Familienbild, das der Verfasser,
2992 3421 3121 3486 Mis¬
1699 3432 2993 3500 Loben der zu der Uraufführung seines Werkes nach Berlin gekommen
516 3445 1556 3537 Stütze, jenen Sohn, der ihm jahrelange Sorge dankt,
1700 3494 2982 3545 theill war, entrollt. Leider zeigte der Erfolg der Aufführung, daß der
527 3504 1561 3587 trotzdem er nicht Blut von seinem Blute ist. Man sieht:
1825 3538 2989 3591 Dichter solch schweren Aufgaben nicht gewachsen war, die ernsten
527 3552 1572 3629 das nämliche Schicksal erlebt ein jeder immer wieder,
1823 3578 3002 3619 Szenen wirkten wegen der allzu großen Breite ermüdend, die
1811 3615 2994 3675 stumme Szene am Schlusse des vierten Aktes, wo Johanna sich er¬
513 3601 1570 3682 das nämliche sie alle, Enttäuschte, betrogene Betrüger,
1815 3658 3000 3712 tränkt, wurde ausgelacht. Trotzdem konnte Schnitzler auch nach
529 3657 1568 3729 arme Menschen. Sie fordern und haben kein Recht;
1812 3699 3002 3745 diesem wie nach den übrigen Akten Hervorrufen Folg##eisten.
529 3707 1572 3795 es sei denn, daß sie leiden. Und fast unausgesprochen,
1817 3741 2773 3814 Am Mißerfolge war aber dadurch nichts geändert.
524 3758 1576 3832 dennoch aber laut tönt als letzte Meinung: Das Wirkliche
524 3799 1569 3879 ist: Kinder einer geliebten Frau haben, sich ihnen in
525 3850 1552 3952 Liebe und ohne Forderungen geben und bange hoffen ...
627 3911 1573 3994 Dieses Stück rührt an viel Schmerzliches, gibt
538 3952 1573 4046 manche teure Stimmung, und man bedauert nur, daß
534 4016 1573 4087 seine Form die Bühne verlangt, die das Beste tötet und
544 4048 1583 4153 das Geringste in den Vordergrund zerrt. Daß sie doch
536 4134 1003 4203 alle dahindrängen...
1308 4180 1565 4239 W. Fred.
656 4191 1093 4266 Berlin, 14. Februar.
