3436 4352
1050 248 1135 314 W
1397 216 1856 341 box 23/1
239 257 1267 334 18. Der einsane neg
561 835 1412 1046 Dr. Max Goldschmidt
724 1031 1257 1117 „ . Bureau für
715 1101 1247 1191 Zeitungsausschnitte
466 1159 1487 1238 verbunden mit direktem Nachrichtendienst durch
708 1225 1256 1298 eigene Korrespondenten.
997 1269 1438 1352 Telephon: III, 3051.
518 1285 896 1355 Berlin N. 24.
479 1313 1496 1396 —
741 1396 1214 1479 Ausschnitt aus
616 1504 1308 1629 Vessische Zeitung, Berie
803 1655 1169 1805 15 FER I904
2617 1781 2795 1859 W
1518 1822 3356 1930 ihres Geistes im voraus pariert, weshalb wir niemals ihr Leiden; seine Pflichten erfüllt hat, und die W
1530 1866 3360 1952 als Hauptsache nehmen, sondern das, was sie selbst darüber deckt wird, hat für ihn gar keine Kr#
764 1886 1146 1968 Feuilleton.
2682 1896 3360 1969 er verehrte und liebte, ihm ganz fremch
1526 1924 2707 1987 Treffendes zu sagen haben. Je einfacher Schnitzlers Erfindungen
2698 1950 3353 2005 der Mutter, die von dem zgaler so
726 1945 1182 2022 Deutsches Theater.
1536 1958 2694 2035 sind, wie in der „Liebelei“, desto mehr vergißt man den Mangel
2684 1976 3361 2048 Bräutigam und späterem Manne mit
398 1971 1526 2043 Sonnabend, 13. Februar. Zum 1. Male: „Der einsame Weg“.
1532 2001 2694 2070 einer architektonischen Fähigkeit über den Verführungskünsten seiner
2697 2016 3360 2088 teuer wie zuvor, was immerhin, da ##
360 2024 1537 2097 Schauspiel in 5 Akten von Arthur Schnitzler. (Buchausgabe,
1534 2041 2699 2112 Grazie und Liebenswürdigkeit. Wenn aber wie hier von zeitlich
2686 2052 3352 2122 umkehren können, möglich, aber nicht
357 2076 750 2151 S. Fischer, Berlin.)
1535 2079 2697 2150 weit zurückgehenden Voraussetzungen ausgegangen wird, die sich
2686 2091 3338 2168 junge Mann seinen Instinkten nicht
385 2097 1532 2160 Wenn ich in meinem Vorbericht von einer Aufnahme gesprochen
1539 2119 2696 2195 zur Klarheit entschleiern sollen, so sehen wir den Dramatiker in
2695 2145 3351 2206 stehen dürfte. Und auch in dem an
359 2143 1533 2230 habe, die zum Teil einem Erfolge und zum Teil einem Mißerfolge
1530 2152 2703 2224 einiger Verlegenheit, der die Masse des konkreten Stoffes nicht
2701 2164 3353 2239 der Natur ganz stumm. Der alte
360 2180 1526 2245 glich, so habe ich damit andenten wollen, daß sich das Schickfal
1532 2190 2709 2265 ordentlich klein bekommen kann, der, um nicht mit theatralischen Coups
2694 2210 3361 2280 der ihm nicht gehört, dafür verliert
361 2209 1534 2285 des Schnitzlerschen Stückes nicht gleich in der Première entschieden
1534 2234 2699 2301 darauf los zu hauen, mit Zogerungen und Wiederholungen sehr
354 2250 1535 2323 hat, und daß man auf seine Eigenart so äußerliche Wertbestimmungen
1543 2248 3347 2341 ungleiche Brocken abgibt, wodurch manchmal zu viel und manch= deren Wesen er nie einen Schlüssel
2700 2285 3363 2358 es so dunkel, daß sie uns ebensowen
353 2284 1533 2374 überhaupt nicht einwenden kann. Man muß mit ihm längeren
1541 2319 2049 2390 mal zu wenig erklärt wird.
2691 2333 3357 2392 ein Verhältnis mit Herrn von Sala.
350 2333 1541 2403 Umgang gepflegt haben um mit seiner vom Leben selbst genährten
1572 2334 2700 2416 An dieser Unentschlossenheit leidet namenllich der erste Akt und
2695 2362 3362 2439 sie mit seiner verstorbenen Tochter bei
366 2362 1549 2454 Klugheit und Nachdenklichkeit vertraut zu werden, ein Resultat,
1544 2389 2709 2456 Herr Schnitzler mochte sich hier besonders unsicher fühlen, weil sein
2694 2406 3357 2474 sie sich tötet, bleibt uns ziemlich uner
366 2400 1546 2484 das ebenso sehr für den Dichter spricht wie gegen den
1538 2422 2707 2493 leichter Kreuzer im Fahrwasser des gewaltigen Orlogschiffes Heurik
2695 2453 3354 2514 im Fall Fichtner und Sohn viel zu
360 2456 1544 2525 Dramatiker dem eben die starke Hand fehlt, um die
1538 2467 2711 2528 Ibsen schwimmt. Aus verschleierten Andeutungen erfahren wir,
2703 2487 3358 2558 eine so dicht verschleiernde Diskretios
368 2488 1545 2554 schwere Maschine des Dramas in geläufiger Bewegung zu
1530 2494 2714 2573 daß das Leben der kranken Frau Wegrath, das bald beendet sein
2696 2524 3359 2585 am Ende des vierten Aktes fast kon
367 2523 1540 2595 halten. Wie alle Schriftsteller, bei denen die Gabe feiner pfycho¬
1546 2545 2711 2611 wird, ein Geheimnis birgt, zu dem der etwas absichtlich und auf¬
2695 2570 3358 2636 richt begreifen, was die sonderbaren
367 2565 1536 2632 logischer Auseinanderlegung die der nairen Schöpferkraft über¬
1545 2580 2707 2651 fällig genannte Maler Julian Fichtner in Beziehung stehen muß.
365 2615 1546 2688 wiegt, fühlt sich Herr Schnitzler am wohlsten, und wir mit ihm,
1547 2598 3377 2689 Dagegen wird das wirkliche Verhältnis ihrer Tochter Johanna zu Teiche besagen wollen. Herr v. Sall
365 2645 1542 2716 wenn er die Handlung bei Seite schieben kann und seine Menschen
1543 2640 3363 2725 dem alternden Lebemann Stephan von Sala ganz flüchtig ge= des Hauses, der nach dieser Katastrok
2698 2679 3368 2750 wird, ist der beste Sprecher im S
363 2674 1547 2754 sich niedersetzen, um als genaue Selbstbeobachter ihre eigenen
1538 2683 2718 2766 streift, so daß es vorläufig im Dunkeln bleibt. Frau Wegrath
367 2707 1551 2795 Schicksale mit den bunten Fäden immer feiner und anregender
1549 2724 3350 2802 wird ihrem Manne, dem braven Akademiedirektor entrissen, und der von ähnlichen Bauernfeldschen #
2708 2757 3356 2820 geerbt, aber an Geist noch zugenom
364 2762 1545 2838 Einfalle zu überspinnen. In solchen Augenblicken, die auch halbe
1540 2774 2717 2849 ihr Sohn, Leutnant Felix erfährt von Fichtner, daß er
363 2805 1554 2879 Stunden werden setzt allerdings der Gang der dramatischen
1550 2784 3374 2880 ihm sein Dasein verdankt, allerdings in einer halben Er= Fichtner der verzweifelt um die Liel
2703 2824 3359 2902 hin, daß Leute wie sie keinen Auf
360 2837 1552 2920 Maschine aus, dafür gewinnen unsere Ohren die Freiheit, seinem
1551 2844 2720 2924 klärung, der noch eine halbe und dann eine ganze
373 2866 1556 2950 reizvollen zwischen ironischen Härten und weichen Empfinde¬
1551 2859 3367 2960 nachfolgt. Diese Auseinandersetzungen sind recht peinlich, liche Anhänglichkeit haben. Sie ha
2701 2903 3356 2977 braucht, nie verzichtet nie geopfert:
374 2916 1554 2989 leien wechselnden Dialog zu folgen, mit dem er heute in
1541 2918 2717 3001 und man sollte selbst einem tlugen Schnitzlerschen Leutnant nicht
2704 2946 3356 3020 unsere Niederträchtigkeiten verborg
668 2949 1549 3031 gut wie allein steht und mit dem er sich
1554 2967 2720 3040 zumuten, daß er die Geschichte der Mutter die damals sogar
368 2975 646 3043 Dentschland
2711 2982 3370 3060 In unser tiefsten Seele wissen wir in
365 3007 1556 3067 zu einem Gesellschafter von verbindlichsten Umgangsformen
1549 2999 2718 3080 Braut war mit einer meuschlichen Unparteilichkeit anhören kann,
2720 3027 3362 3092 erfahrene Genußmensch hat den hellste
368 3039 1552 3108 macht, wie ihn Deutschland oder vielmehr Österreich nur einmal in
1541 3026 2724 3107 als ob es sich um ein fremdes Wesen handelte. So alt kann
2715 3062 3367 3134 nur schade, daß seine Figur von hin
378 3070 1547 3148 dem ihm wesensverwandten Bauernfeld hervorgebracht hat. Von
1545 3084 2724 3137 Jugend nicht sein und das Alter auch nicht. Sehr fein ist die
2713 3096 3368 3168 Herzkrankheit, mit der von ihm wie
373 3095 1557 3188 technischen Unzulänglichkeiten abgesehen, unter denen sich namentlich
1543 3125 2723 3186 Erklärnag des Malers, der die Braut des Freundes nur im Stich
2711 3142 3374 3211 nisvolles, irreführendes Spiel getrief
370 3138 1564 3233 der Mangel einer soliden, nur auf das Notwendige bedachten
373 3163 2716 3260 Konstruktion bemerkbar macht, entbehren seine Stücke schon deshalb ließ, um ein damals großes Leben mit allen Träumen der Macht
2712 3183 3364 3249 Schnitzlersche Figur hat er einen eb
1552 3193 2725 3268 und Frecheit für sich allein zu retten. Aber man denkt nur
2718 3220 3329 3291 Zug von D'Anunzio empfangen,
2610 3226 2722 3289 und
2400 3231 2629 3298 es nicht.
374 3218 1558 3306 der dramatischen Energie, weil die Leute in ihnen zu wissend sind,
1627 3247 2397 3327 vor dem Entschlusse, man tut
2719 3265 3326 3334 grabungen in Baktrien schwärmt,
378 3249 1561 3344 weil sie nichts erfahren oder leiden können, was sie nicht in Ge¬
1545 3265 2718 3350 wenn man es getan hat, verzichtet man durch Schweigen
2722 3302 3329 3363 Toten Stadt“. Am klarsten istj
1996 3305 2729 3389 einem immerhin nach dem Ge¬
374 3297 1565 3388 danken bereits vorweggenommen haben. Sie sind alle, auch die
1552 3324 2004 3399 auf den Sohn, der
2724 3335 3361 3404 Aufklärung über Willen und Gesinn
380 3332 1576 3425 Jungen, von Lebenskenntnis so gesättigt, daß sie uns auch über
373 3341 2722 3474 das Stück hinaus mit ihren geistreichen Bemerkungen für eigene! ständnis an die Kehle springen könnte. Aber die Schnitzlerschen
2710 3377 3373 3435 gerade noch im letzten Augenblick, in
381 3390 2724 3500 Reflerionen tatig machen, daß sie aber während desselben uns fast Figuren sind geistig zu fein destilliert, um sich ein elementares
2717 3415 3365 3478 stimmten menschlichen Verhältnis geg
1554 3426 2723 3503 Aufbrausen zu gestatten. Logisch ist es jedenfalls und in Über¬
2727 3463 3368 3519 Die Egoisten haben alle verloren, i
870 3459 1562 3539 schnellste Verständigung auf dem
1546 3467 2730 3547 einstimmung mit einer durch keine Theaterkonvention gefälschten
365 3480 876 3551 erhindern, durch die
2727 3493 3330 3555 Akademiedirektor hat gewonnen, i
868 3495 1561 3562 rein menschlich und brüderlich
380 3514 893 3589 Wege des Mitgefühls
382 3500 2719 3614 nit ihnen zu leben. Ob sie vom Leben gedemütigt Erfahrung, daß die sogenannte Stimme der Natur sich hier
379 3545 3373 3663 verden oder ob sie sich, die Richter in eigener Sache, selbst aus= durchaus nicht zum Worte meldet. Felir ist gewohnt, den guteneinfachen Güte an sich bindet, währ
393 3631 3244 3718 cheiden, sie haben diese Schicksalsschläge mit den scharfen Waffen Akademiedirektor für seinen Vater zu halten, der in Selbstlosigkeit Weg gehen müssen. A. E.
