3436 4384
262 404 439 492 18.
920 409 995 461 1m
445 398 1267 506 Der einse Neg
683 1281 1191 1369 (Quellenangabe „ohne Gewähr.)
424 1281 1477 1477 men Wast 1eacg.
418 1457 802 1556 47. 7
558 1524 1535 1650 —
420 1628 979 1743 W at on
549 1725 1280 1811 Friedfertiger ließen sich die Tempel der
511 1779 1278 1860 Kunst und Wissenschaft an. Der berühmte
518 1839 1271 1896 amerikanische Austauschprofessor G. St.
526 1859 1281 1939 Fullerton hielt unter großen Ehren seine
523 1906 1272 1976 Abschiedsvorlesung und schied von der
520 1949 1265 2029 Wiener Universität als vom Kaiser er¬
529 1987 1273 2073 nannter Honorarprofessor dieser Hoch¬
533 2032 1264 2108 schule, im Theater in der Josefstadt er¬
534 2073 1279 2164 zielte die amerikanische lustige Komödie
540 2116 1275 2204 James Montgomery's „Was glänzt ist
544 2158 1271 2241 Gold“ einen sehr lebhaften Heiterkeitser¬
530 2191 1282 2283 folg, und ein eigener erfolgreicher Huneker¬
543 2239 1299 2316 Abend machte das Wiener Publikum mit
537 2284 1284 2376 der interessanten Persönlichkeit des ame¬
539 2304 1295 2396 rikanischen Publizisten Jam Huneler
627 2353 1302 2434 innt. Das Burgtheater gab Arthur
764 2402 1291 2494 „Dereinsame Weg“, ein von
630 2444 1289 2520 schland aus schon bekanntes Schau¬
603 2492 1297 2563 iel: Düster und grau wie ein Spät¬
546 2528 1293 2613 herbstabend, wann einem ein kalter Reif¬
551 2562 1299 2650 wind fröstelnd macht und gleichfarbiger
550 2608 1309 2683 Nebel wesenlos an uns herabzugleiten
556 2657 1309 2725 scheint. Das Stück, das kein rechtes Thea¬
562 2703 1300 2786 tertemperament hat, wird ziemlich stim¬
564 2731 1312 2813 mungslos gespielt. (HerWälde und
558 2775 1320 2858 Frau Bleibtreu verhleyen an erster Stelle
562 2840 948 2933 genannt zu werdey
1419 376 1879 469 box 23/4
2257 1911 2311 2000 1800
1573 1999 2004 2086 Ausschnitt aus
1996 2002 2695 2114 Bühne und Welt, Berlin
1584 2115 1756 2177 vom:
2840 2249 3101 2328 anenaickue
1820 2230 2400 2351 nunbe Gnnc
1543 2293 3120 2409 Das Burgtheater scheint sich zu einer „intimen Bühne“ enttwickeln zu wolten.
1470 2379 3129 2469 Seine Leitung wirft wunderliche Blasen auf. Wedekind, Czoutteline und
1473 2411 3125 2537 (Schnitzler an einem Abend aufzuführen, hat sogar die unbeditigten Burgtheater¬
1471 2481 3097 2590 freunde stutzig gemacht. Der Kammersänger, Boubourouche und Literathir — der Speise¬
1474 2521 3102 2623 zettel paßt weder für ein „Restaurant allerersten Ranges“, noch verspricht er besondere
1482 2579 3106 2672 Genüsse. Daran ändert übrigens auch die Neuheit nichts, die in allerleitzter Minute auf¬
1471 2612 3096 2733 getischt wurde. Es ist Schnitzlers Schauspiel: „Der einsame Weg“, das seine
1473 2650 3097 2750 Uraufführung in Wien bereits bei Gelegenheit des Brahmschen Gastspieles erlebt hat.
1475 2707 3101 2794 Das mühsam ausgeheckte, zusammengesetzte, gequälte und quälende Stück schleppt sich
1472 2754 3106 2844 durch fünf lange, bange Akte hin und befriedigt weder inhaltlich, noch auch formell, ob
1483 2793 3106 2885 auch die Darstellung sich alle erdenkliche Mühe gab. Aber aus nichts lvermag auch der
1483 2842 3109 2948 „beste Schauspieler nichts zu machen, ausgenommen natürlich gewisse Kritiker. Freilich, ob
1489 2882 3148 2985 das ein Grund ist, daß Schnitzler, dessen übrigens recht mäßige dramatische Ader schon
1485 2930 2893 3030 längst vertrocknet ist, noch immer aufgeführt wird, lasse ich dahingestellt sein.
