3392 4352
1410 288 1863 382 box 23/2
257 296 1254 403 18. Der einsane Neg
1143 1007 2493 1096 Julian: Für einige Zeit. Auch um Felix' willen. Sein frisches
1023 1080 2486 1150 Wesen berührt mich so angenehm, macht mich geradezu selbst jünger. Wär'
1026 1122 2488 1198 er mein Sohn nicht, ich würd' ihn vielleicht beneiden — und nicht um seine
1033 1189 2496 1272 Jugend allein. (Lächelnd.) So bleibt mir nichts anderes übrig, als ihn
1030 1229 2511 1300 zu lieben. Es hat wahrhaftig etwas Beschämendes für mich, daß ich es
1033 1297 1625 1353 sozusagen inkognito tun muß.
1162 1312 2389 1402 Sala: Kommen alle diese Empfindungen nicht ein wenig spät?
1156 1367 2497 1438 Julian: Sie existieren wohl schon länger, als ich selbst weiß. Und
1025 1439 2497 1487 dann, Sie wissen ja: ich sah den Jungen zum ersten Mal, als er schon
1029 1489 2500 1554 zehn oder elf Jahre alt war, und erfuhr erst damals, daß er mein Sohn sei.
1150 1519 2504 1596 Sala: Das muß ein seltsames Wiedersehen gewesen sein zwischen
1039 1575 2498 1647 Ihnen und Frau Gabriele, zehn Jahre nachdem Sie den schnöden Verrat
1038 1624 1951 1692 begangen — wie unsere Ahnen gesagt hätten.
1159 1668 2506 1751 Julian: Es war nicht einmal so seltsam. Es fügte sich ungezwungen.
1047 1711 2504 1789 Kurz nachdem ich aus Paris zurückgekehrt war, begegnete ich Wegrath zu¬
1048 1763 2503 1839 fällig auf der Straße. Wir hatten ja gelegentlich voneinander gehört und
1050 1818 2516 1885 traten einander als alte Freunde entgegen. Es gibt Menschen, die zu derlei
1053 1862 2273 1932 Schicksalen geboren sind . . . Und was Gabriele anbelangt — —
1165 1921 1997 1995 Sala: Die hat Ihnen natürlich verziehen.
1161 1941 2509 2028 Julian: Verziehen? ... Es war mehr und weniger. Nur einmal
1050 1995 2519 2096 sprachen wir von der Vergangenheit — sie ohne Vorwurf, ich ohne Reue;
1053 2052 2520 2137 als wäre jene Geschichte andern begegnet. Und dann nie wieder. Ich hätte
1055 2100 2521 2188 glauben können, jene Zeit wäre durch ein Wunder aus ihrem Gedächtnis
1048 2147 2523 2237 verschwunden. Und eigentlich bestand für mich zwischen dieser stillen Frau
1048 2202 2512 2281 und dem Wesen, das ich einmal geliebt hatte, gar kein wirklicher Zusam¬
1051 2233 2526 2319 menhang. Und den Jungen — das wissen Sie ja — hatt' ich anfangs
1055 2293 2513 2385 gewiß nicht lieber, als ich irgendein anderes hübsches und begabtes Kind
1060 2344 2520 2433 lieb gehabt hätte. — Nun ja, vor zehn Jahren sah es in meinem Leben
1068 2392 2519 2483 anders aus als heute. Damals hielt ich noch so vieles fest, was mir seither
1053 2456 2527 2518 entglitten ist. Erst im Laufe der folgenden Jahre zog es mich immer stärker
1060 2512 2223 2584 in das Haus, bis ich begann, mich dort heimisch zu fühlen.
1177 2557 2530 2621 Sala: Daß ich damals den Zusammenhang zu verstehen anfing, haben
1055 2608 1878 2664 Sie mir hoffentlich nicht übel genommen.
1175 2628 2404 2714 Julian: Immerhin, Sie fanden mich nicht sehr vernünftig ...
1192 2678 2531 2768 Sala: Warum? Ich finde ja auch, daß das Familienleben an sich
1073 2741 2531 2811 etwas sehr Hübsches ist. Aber es sollte sich doch wenigstens in der eigenen
1075 2813 1277 2880 abspielen.
1178 2824 2526 2909 Julian: Sie wissen ja, daß ich mich selbst des Widersinnigen in
1068 2892 2528 2955 diesen Beziehungen manchmal geradezu schämte. Das war sogar mit einer
1061 2926 2525 3003 der Gründe, der mich davontrieb. Natürlich kam damals noch manches
1078 2980 2535 3053 andere dazu, was mich verstimmte. Insbesondere, daß ich mit meinen
1069 3049 1748 3102 Arbeiten kein rechtes Glück hatte.
1187 3063 2534 3142 Sala: Sie hatten doch schon lange vorher nichts mehr ausgestellt.
1185 3128 2536 3198 Julian: Ich meine es auch nicht äußerlich. Es wollte eben keine
1077 3175 2538 3257 gute Stimmung mehr kommen, und ich hoffte, das Reisen würde mir auch
1069 3238 1991 3321 diesmal helfen, wie schon oft in früherer Zeit.
1195 3265 2531 3350 Sala: Und wie ist es Ihnen denn nun ergangen? Man hat ja so
1079 3331 2534 3401 selten von Ihnen gehört! Sie hätten mir wirklich öfter und ausführlicher
1083 3368 2538 3461 schreiben können. Sie wissen ja, daß Sie mir viel lieber sind als die meisten
1071 3425 2545 3495 andern Menschen. Wir bringen einander die Stichworte so geschickt — finden
2265 3492 2516 3565 Kunstwart
1106 3531 1239 3592 340
