3436 4384
678 204 997 277 r
711 266 1006 309 restauratie van
680 291 1006 346 silhouet van den
662 333 1020 378 reerst dezo wilde
656 365 1018 409 hetz monument tot
676 399 1008 441 over tweo of drio
652 431 1015 478 ichtte de heer Van
658 462 1027 514 n. Hij meende, dat
685 498 1013 551 bepaald gedeeite,
662 537 1014 584 volledige gegevens
665 568 1016 621 t mogelijke nanw¬
666 605 1011 651 ongerept te laten.
674 640 1014 698 ziin jongste voor¬
659 677 758 723 ht.
654 695 1006 753 are verdiensten op
664 745 1020 792 ab er gerestaureerd
666 775 1014 818 stie van hoe en
660 808 1024 859 juist aan de korn
674 845 1019 894 deze laatste voor¬
676 868 1027 928 zag, kwam bij mij
652 912 1029 970 et hier inderdaad
668 948 1018 997 aan die Hindoe¬
658 978 1016 1035 reerd worden, zon¬
666 1018 1017 1068 maar bovenal cul¬
660 1051 1016 1128 geschaad worden!
690 1086 1022 1136 zijne restauratie¬
683 1124 1032 1168 het wel laat ver¬
676 1155 1034 1205 dat het z.g. her¬
658 1190 1026 1240 n oorspronkelijken
653 1227 1030 1278 ren, omdat het zijn
648 1258 1026 1308 iet bovendien toch
662 1296 1020 1348 eenmaal nict meer
678 1324 1026 1379 bouwers bezitten,
653 1363 1020 1411 rd. Uit zulke over¬
654 1397 1036 1446 ile voort, die sinds
660 1430 1028 1483 vóör vernienwen“.
658 1468 1030 1519 lierin verschilt hij
653 1505 1029 1551 tellig de hier aan¬
666 1544 1025 1588 r even stellig ver¬
659 1571 1034 1634 orwaardelijk tegen
654 1628 1026 1691 vooral bis de Indi¬
647 1675 1033 1735 meen glibberige en
664 1721 1037 1795 in die de heer Van
658 1780 1028 1831 reeks dikwijls aan¬
664 1818 1034 1872 jjgaan, heb ik toch
654 1850 1029 1900 traan durfde begin¬
654 1884 1030 1928 I het gevoel, alsof
660 1921 1034 1968 n Brederode of de
666 1954 1031 2004 1t maar weer eens
663 1993 853 2040 st was!
658 2011 1040 2073 en stellen: ziin wij,
656 2062 1034 2116 #t die kunstwerken
667 2095 1041 2144 geest, die ons zoo
659 2130 1041 2179 is! Wij staan toch
654 2165 1046 2215 rin deze monumen¬
699 2199 1032 2249 ons heen gezion,
668 2231 1034 2286 v. een modern, dik¬
670 2268 1032 2316 chitect een middel¬
668 2297 1038 2357 en'? En wanneer
750 2337 1032 2388 maar toch nog
668 2373 1040 2428 e benaderen bleek,
670 2406 1048 2459 en van Westersch
676 2441 1042 2492 gen te geraken tot
663 2476 1040 2527 iste wezen van het
668 2510 1047 2562 in wij zeif nu nög
674 2543 1041 2597 che geleerdheid, al
674 2588 1048 2630 ische Literatuur, en
690 2616 1048 2662 Brahmaansche en
678 2649 1048 2700 illen we nog geen
677 2684 1036 2740 g noodige, van den
663 2718 1042 2784 zze geweldige wer¬
671 2753 1042 2837 voor, als wanneer
671 2819 1040 2872 naar het dan ver¬
682 2860 1047 2910 zouden komen om
677 2892 1047 2957 om van Keulen to
667 2942 1042 3008 chtbeelden. van de
668 2997 1046 3043 rnenien, ben ik er
675 3033 1045 3081 er absoluut op den
714 3064 1055 3115 ontroerend-mooie
674 3103 1041 3154 n, Tjandi Kalasan,
676 3134 1052 3186 in het beeld nà de
681 3169 1057 3220 e grof, en dwaas
679 3202 1054 3253 dhouwde zuidgevel
674 3235 1052 3292 uten steunbeer. Een
664 3271 1052 3322 er Van Erp. Maar
670 3304 1056 3359 50 duurzaam is als
659 3342 1046 3397 s eigenlisk m.i. nög
661 3378 1060 3431 ik te mogen maken
674 3413 1060 3459 onder de bezonnen
671 3445 1057 3502 1 werkelijk zooveel
672 3483 1055 3532 alle merkbare ver¬
670 3515 1061 3570 venswaardige resul¬
687 3554 979 3603 overigens
659 3584 1058 3641 rdracht de nitspraak
677 3620 1062 3670 de schoonheid van
661 3648 1060 3707 e schilderachtigheid,
651 3689 1065 3740 aar bovenal op dien
658 3725 1058 3777 de natuur, waardoor
666 3758 1057 3813 gen Kosmos en de
659 3821 1061 3881 n wij niet in kort¬
664 3864 1064 3917 eid, de hand slaan
658 3896 1060 3954 jk. bovenmenschelijk
659 3934 1070 3987 l#nsche bouwwerken
657 3970 1074 4031 rgang in ofngrepte,
657 4015 1047 4092 INS VERMTEULN.
662 4090 1044 4160 en voor het behofg.
660 4140 1042 4190 n onde bouwwerkei
661 4159 1056 4232 tgeg. door deu Jedh
1030 218 1831 280 ## J S
1990 247 2032 282 1
1031 249 2016 318 naam voor bestaat, en dat men nimmer bereikt?“
1058 301 2066 387 Het verlangen dat blifft verlangen en ann het slot
1037 366 2071 432 slechts den weemoed houdt, cok over verkregens louter
1041 402 2072 465 weemoed, waar immers te dikwijls slechts schifn meo
1037 444 2075 504 behaald werd, teleurstelling, vaak met zoo iets als
1033 488 2077 535 wreeging — hoe stüät het in De Eenzame Weg:
1029 515 2067 577 sthät, hoewel in den stifl van Schnitzler. Ach, dat
1026 554 2076 627 jonge verlangen wéér in Johanna, tegenover de
1036 595 2074 654 schrifning in beide onden, von Sala zoowel als
1031 630 1971 691 Julian Fichtner, cok von Sala, zeifs von Sala!
1062 683 2075 728 Der Einsame Weg is twintig jaar oud,
1039 704 2083 767 Sehnitzler was over de veertig heen, toen hij de
1038 745 2083 815 vanlbeid der vereenzaming onder wroeging en teleur¬
1041 794 1550 859 gesieldbeid, neerschrecf.
1085 814 2083 877 Voor een vrij goed gevulde Tivoli-zaal hebben de
1036 862 2071 926 „Haghespelers' het gistcravond gespeeld en ze heb¬
1047 915 2076 966 ben succes gehad. Het scherm moest telkent, meer¬
1037 937 2082 997 malen cmhoog. Wel cen bewijs, hoo boeiend het werk
1035 981 2085 1040 is, hoo krachtig dezo zoo fiino stijl. Want er kwam
1038 1022 2096 1080 „aimesfcer', het voctlicht over, hoewel neen,
1045 1056 2075 1127 goed ,was dit spel geenszins. Eén vol kregen we
1044 1101 2090 1156 uitmuntend, Stephan von Sala door Verkade. Zelfs
1043 1135 2086 1195 in do slankheid, naar den tekst; jonger uitziend, ook,
1044 1185 1276 1240 dan hij 1s.
1078 1197 2087 1274 In het eersto onderhoud, na langen tijd, van Sala
1045 1244 2079 1308 en Fichtner, vernemen we, bij scherp luisteren, zon¬
1038 1286 2086 1354 der nadruk gedaan en toch hoeischerp, de kern van
1041 1330 2084 1382 het stuk in de karakteristiek, door het tweetal van
1048 1367 2084 1428 zichzelven en van Professor Wegrat gegeven. Weg¬
1047 1413 2093 1460 rat’s vrouw is pas gestorven, Fichtner vraagt, hoo
1049 1440 2092 1499 Wegrat dat draagt, en Sala antwoordt: „Lieber
1044 1476 2101 1542 Julian, der Mann hat einen Beruf. Ich glaube, wir
1047 1513 2098 1575 können das gar nicht fassen, die wir von Gnaden
1045 1553 2089 1625 des Augenblicks Götter — und zuweilen etwas weni¬
1047 1609 1532 1678 ger als Menschen sind.?
1086 1617 2103 1691 Juist — do twee die zich alles veroorloofd hebben
1049 1665 2105 1727 en die nu daarvoor worden gestraft. Maar die ook
1054 1703 2098 1782 goden wisten te zijn, al moet Fichtner weldra er¬
1048 1748 2106 1814 varen, dat hif met zijn „Arbeiten kein rechtes Glück
1057 1784 2109 1849 hatte“. „Ich bin sehr verwöhnt gewesen, Sala. Mein
1044 1826 2100 1892 Leben ist bis zu einer gewissen Epoche wie in einem
1054 1868 2099 1935 Rausch von Zärtlichkeit und Leidenschaft, ja von
1043 1912 2104 1967 Macht dahingeflossen. Und damit geht es zu Ende'.
1078 1940 2101 2004 — Geht, doch er was het verleden. Zooals het ook
1054 1981 2102 2044 wät „gaat“ met Julian's materieele omstandigheden
1058 2022 2102 2096 hij zal het een en ander van de hand moeten doen,
1052 2074 2111 2127 voor het oogenblik heeft hij het ook daarin iets min¬
1062 2116 1260 2172 der goed.
1092 2125 2092 2202 We zien dus een kunstenaar, die don juan kon spe¬
1052 2176 2114 2240 len zonder inspanning, die makkelijk mooie dingen
1054 2214 2114 2278 maakte, die weelde had — en nu, verouderd, het in
1054 2258 2114 2320 alles iets minder kreeg. Zagen we er zo0 ech aan en
1049 2296 2106 2351 in den heer Van Dalsum? Ook het „behagliches, pecht
1059 2336 2105 2387 vornehmes Zimmer'’, waarin, we hem in „einiger
1054 2378 2106 2429 Unordung' moeten aantreffen, gaf van dien kunste¬
1058 2412 2114 2481 naar-Lebemann geen idee. Doch (Sala’s huis- en- tuin
1064 2454 2111 2513 was wel rijk) hier kregen we Tivoli-decor. Wat ons
1052 2505 2123 2542 schelen kon, was de mensch Fichtner en al dadeljjk
1059 2533 2116 2591 in de kleedij, in alles van het uiterlijk, in houding en
1055 2569 2107 2629 beweging begrepen we Van Dalsum-Fichtner niet.
1061 2609 2119 2674 Doch erger was de stijl van heel zijn spel. Hoor
1068 2657 2113 2707 Julian in het tweede tooneel van het 4e bedrijf aan.
1060 2696 2114 2754 Sala vertellen van het onderhoud met Felix, hoor nu
1069 2734 2122 2797 hem het woord „beroep'’ op Wegrat toepassen — zou
1058 2761 2123 2830 200 één spreken zooals Van Dalsum sprak, lar¬
1060 2799 2114 2873 moyeerend en pathetisch? „Waar anderen zonden
1065 2843 2115 2909 schreien of de vuist ballen, heeft Schnitzler nach Wie¬
1062 2880 2119 2937 ner Art den glimlach van den weemoed“, schreaf
1059 2920 2115 2970 Mijuesen verleden jaar terecht: de les is langs dem
1058 2963 2113 3020 heer Van Dalsum heengegaan: zoo speelt men drama¬
1071 3006 1726 3066 tisch, d. i. niet-Schnitzleriaansch.
1116 3032 2124 3097 Von Sala is de man, die „altijd veel voor behoor¬
1074 3081 2111 3141 lijke efstanden heeft gevoeld' Dus nog minder braaf
1063 3116 2118 3172 dan Julian Fichtner. Doch, die nu den ouderdom ook
1069 3157 2114 3220 voelt knellen. Deze twee ziin mannen geweest, die
1068 3218 2122 3252 elkander „Stichworte'’ brachten en ze verstonden. Sala
1072 3239 2126 3296 ziet alles zéér wel in! „Es scheint mir überhaupt,
1074 3284 2116 3340 dass jetzt wieder ein besseres Geschlecht heranwächst,
1074 3313 2116 3383 mehr Haltung und weniger Geist.? Hoeveel „Geist'
1068 3354 2107 3416 was er altijd in hem en toch zeker ook wel „Haltung“,
1066 3391 2125 3455 al was die van bijzonderen aard. Deze „Haltung' van
1072 3442 2118 3492 bijzonderen aard had Verkade. Na het enerpende
1071 3474 2114 3526 woord van Felix, zijn zoon: „Herr von Sala.. wir
1073 3508 2122 3574 werden nicht unter einem Zelte schlafen' erkent hif
1081 3565 2122 3609 dat dit „nicht Uebel'' was en nög houdt zijn hersen¬
1079 3588 2114 3649 ijdelheid stand: „Das hätte mir einfallen können.“
1075 3635 2129 3686 Hlij heeft ook geglimlacht — al was het pijulijk: hij,
1073 3681 2118 3725 we bedoelen nu Verkade, we vereenzelvigen de twee:
1076 3721 2130 3775 het beschaafd-demonische in von Sala, het altijd „voor
1080 3746 2122 3820 behoorlijke afstanden voclen'’ in allen omgang: ook
1079 3793 2133 3851 met Johanna, ook in de langere gespreksfragmenten,
1073 3826 2132 3904 hei was er en werd er tot eenheid; het was fiine
1084 3880 1386 3946 gealistiek.
1108 3886 2120 3962 Een te prijzen poging naar natuurlijkheid, die bij
1082 3939 2130 4010 Schnitzler fiine gewoonheid en soberheid is, deed Dick
1076 3982 2130 4043 van Veen in de mocilijke rol van Felix, waarvan de
1078 4017 2118 4083 gevoelsuiting boven zij. macht ging. Gilhuys had
1083 4059 2127 4123 van den dokter wel een type gemaakt, doch kwam te
1084 4095 2126 4164 weinig uit met wat Reumann persoonlijk kwelt. Over
1086 4146 1736 4219 bet verdere spel zij er zwijgen.
2095 245 2547 292 genot cek maar ccn;
2090 282 2535 335 mate heeft ons Muc
2092 313 2546 373 symphonie geinterosse
2082 351 2542 406 n.I. zijne opratting cc
2085 387 2554 453 dirigenten ann, hoofd.
2090 427 2554 475 derde en vierde gede¬
2097 468 2523 517 gevallen aanzienlijk
2098 505 2550 564 van het derde gedeei
2101 541 2545 598 temeer daar de comip¬
2087 582 2529 632 „tempo di menuetto“
2086 615 2546 670 cischt o.i. het slot-ge#
2098 659 2551 714 vlugger tempo. Deze
2101 687 2545 749 peil van de uitvoerin
2094 730 2553 799 schouwd mocht de uit
2107 777 2266 830 heeten.
2124 794 2531 866 Met de uitvoering
2099 847 2540 903 kroon op zijn werkza
2094 884 2552 932 zielde leiding wedijve
2099 934 2540 978 dit titanische werk in
2096 967 2538 1015 der over te brengen.
2140 993 2551 1053 Het solo-kwartet, d.
2106 1026 2537 1097 Meta Reidel en de 1
2102 1072 2558 1129 Denys bestond, vorme
2108 1110 2560 1168 naar buiten te trede
2097 1152 2550 1214 zingend koor afteeke
2104 1199 2556 1247 ook ditmaal weer hei
2134 1233 2554 1284 Aan het slot heeft
2099 1264 2563 1327 baat genomen om Mi
2105 1301 2563 1365 huldigen. Voor Dr. M
2097 1340 2562 1401 lauwerkrans en een pr
2102 1380 2562 1440 gebracht en ook de so
2105 1429 2444 1487 stukken verrast.
2452 1490 2575 1551 Ch
2150 1555 2578 1637 Christiaan P. W. Kr
2112 1615 2577 1674 in de stad Haarlem, w.
2114 1653 2588 1709 zcoveel gedaan heeft,
2112 1696 2578 1760 opgemerkt voorbij gat
2115 1738 2584 1793 in geheel ons land hee
2114 1772 2580 1834 vergeten zullen. Re¬
2118 1809 2579 1870 nettist mede aan het P
2121 1854 2574 1911 volgdo zijn aanstellin,
2119 1893 2567 1950 mermusiker' tot eers
2115 1929 2570 1991 vermaarde orkest v
2115 1954 2586 2026 semble kreeg Kriens e
2125 2017 2573 2069 klarinetspeler. In 1884
2114 2048 2587 2107 aan het hoofd van het
2115 2086 2562 2146 jaar heeft hij met de
2122 2129 2582 2187 ten dienste gesteld w.
2135 2166 2588 2223 want vooral het H
2131 2210 2565 2260 overal goeden naam.
2159 2247 2581 2302 Sedert 1901 is Krien
2118 2285 2591 2346 servatorium voor Muzi¬
2132 2324 2589 2379 zijn post als orkestdire.
2130 2371 2590 2427 leden overgedragen as
2367 2432 2589 2495 Concer
2158 2498 2611 2578 Reeds hebben wij ge#
2120 2552 2608 2610 zoen het Condertgebi
2145 2590 2585 2648 — Breda, Dordrecht -
2141 2622 2599 2682 Leiden krijgt dit keer
2133 2671 2586 2728 Amsterdamsche ensem
2134 2720 2595 2766 October), éen onder I
2124 2745 2602 2804 Voor de overige abon“
2125 2785 2587 2846 geerd het „Lener-kw#
2128 2825 2602 2893 Dirk Schäfer en Carl F
2409 2896 2596 2966 Erna
2159 2971 2605 3029 Erna Rubinstein b#
2125 3023 2589 3078 Amerika geéindigd en
2140 3059 2601 3128 lendam' naar Nederlar
2449 3126 2604 3189 Zan
2215 3129 2398 3207 R
2162 3232 2608 3306 Men schrifft ons uit
2169 3293 2610 3342 In de hierboven ge“
2136 3330 2609 3377 kunstzaal, waar een 2#
2142 3359 2605 3418 ber het weer ook mo#
2144 3400 2607 3455 Boelaers ets- en scht
2134 3440 2611 3501 jong overleden echtge“
2133 3481 2601 3531 staat er op een ezel
2143 3513 2601 3576 van vrouw en kinder
2146 3559 2616 3616 landschappen, bloemen
2133 3595 2621 3651 bewijst dat het dezen
2134 3629 2610 3689 brak, dat hij nog nie“
2139 3671 2599 3724 dingen waar hij zich:
2177 3711 2604 3767 Een aantal etsen ge
2138 3750 2612 3800 kunnen. Wel is er i:
2142 3789 2611 3842 straatje van Vermeer
2148 3823 2586 3881 innigheid, noch de
2140 3860 2613 3917 kunstwerk weergegeve
2142 3899 2613 3952 en stadsindrukken hee
2143 3941 2626 3994 tcekenaar getoond, mei
2146 3983 2610 4030 natuur, gevoel ook voc
2140 4017 2609 4072 stadsbrok. Aardig ty
2146 4061 2615 4112 boomen, ook het volzo
2158 4091 2618 4141 weet hij in zijn platen
2148 4133 2622 4187 stadsimpressie's van d.
2134 4167 2625 4222 Leiln fiin getcekend, vor.
2145 4203 2613 4267 eengesloten zeilen der
2138 4246 2618 4297 de spits toeloopende,
