3392 4256
1302 248 1844 354 box 23/1
220 263 1223 356 18. Der einsane Nen
475 879 1152 969 Deutsche Zeitung, Berlin
866 953 1147 1041 16. 2. 04
1956 979 2096 1063 1
1474 1072 2632 1155 sich denn überhaupt um die anderen?“ Das sagt ein Bruder
481 1075 1295 1182 Theater und Musik.
1470 1138 2630 1197 von seiner Schwester, die plötzlich — niemand weiß, warum
339 1156 1459 1235 * Es sind ihm und uns wohlvertraute Gedanken und
1467 1186 2642 1238 und wohin — aus diesem Leben verschwunden ist. Wort
273 1188 1462 1282 Stimmungen, die in Schnitzlers neuestem fünsaktigen
1466 1230 2652 1283 und Situation erscheinen wie ein Echo aus Schnitzlers Re¬
280 1246 1450 1323 (Schauspiel „Der einsame Weg“ ihre müden Blüten¬
1461 1267 2644 1337 naissancedichtung „Der Schleier der Beatrice", von Anklängen
286 1303 1452 1368 häupter wieget und ihren schweren, herbstlich kranken Duft
1460 1321 2625 1375 an die „Lebendigen Stunden“ und den „Puppenspieler“
279 1332 1459 1412 verbreiten: Schleier gleiten über die Dinge, und Schleier
1467 1344 2632 1413 ganz abgesehen. Die Wegraths in Wien sind wie die Nardi
279 1378 1448 1445 heben sich von den Dingen; Erinnerungen werden lebendig,
1455 1394 2641 1456 in Bologna. Sie scheinen nicht dazu geschaffen, wirklich zu
274 1416 1460 1487 und der lebendige Augenblick wird Erinnerung; alles ist
1456 1442 2630 1510 besitzen — weder Frau noch Kinder. Sie mögen Zuflucht,
278 1474 1461 1530 gegenwärtig, und das Gegenwärtige ist vergangen. Gegen¬
1466 1479 2626 1538 Aufenthalt bedeuten — Heimat nie. Es ist ihr Beruf,
284 1515 544 1569 war:
529 1527 1452 1581 was heißt das eigentlich? Stehen wir denn
1467 1526 2633 1579 Wesen in ihren Armen aufzunehmen, die von irgend einer
280 1551 1449 1621 mit dem Augenblick Brust an Brust, wie mit einem Freund,
1478 1574 2635 1617 Leidenschaft müde oder zerbrochen sind. Aber sie ahnen
277 1603 1463 1671 den wir umarmen, — oder wie mit einem Feind, der ans
1462 1597 2634 1666 nicht, woher sie kommen. Es ist ihnen gegönnt, Wesen
282 1646 1454 1709 bedrängt? Ist das Wort, das ehen verklang, nicht schon
1460 1652 2628 1712 heranzuziehen und zu betreuen, aber sie verstehen nicht, wo¬
278 1687 1455 1744 Erinnerung? Der Ton, mit dem eine Melodie begann,
1467 1685 2639 1746 hin sie gehen. Sie sind da, um sich unbewußt aufzuopfern
277 1727 1455 1800 nicht Erinnerung, ehe das Lied geendet? Gerade in
1463 1745 2641 1797 und in diesen Opfern ein Glück zu finden, das anderen
276 1766 1451 1826 erhöhten Stunden unseres Daseins wissen wir, daß wir
1471 1787 2640 1853 vielleicht recht armselig vorkame. So weint der, der die
278 1824 1449 1877 nichts verloren haben und eigentlich nichts verlieren können.
1474 1831 2639 1874 Melodie ihres Glückes im Entstehen zerbrochen hat. Der
284 1849 1456 1910 Dieses Ineinanderfließen von Erinnerung und Gegenwart,
1471 1868 2643 1917 Sohn, den die zarte Gabriele ihrem Gatten im ersten Jahr
279 1895 1460 1967 von Gegenwart und Ahnung macht es, daß in dem ganzen
1466 1908 2638 1969 ihrer Ehe geschenkt hat und der nun 23 Jahre als ist, ist
282 1946 1460 2008 Stück eigentlich nichts zu pulsendem, kraftvoll atmendem
1476 1958 2636 2011 sein Sohn, Julian Fichiners Kind der, kurz vor der
279 1983 1459 2052 Leben erwacht, daß alle Gestalten nur wie Schatten ihrer
1464 1987 2639 2049 Hochzeit, mit dem Bräutigam, seinem Freunde, in Gabrieles
288 2030 1451 2095 selbst an uns vorübergleiten, keine sich ins Weiße des Auges
1457 2047 2640 2109 Gesichtskreis trat und mit seiner genialen Unwiderstehlichkeit!
285 2069 1456 2139 sehen läßt und jede, auch die scheinbar nächste und ver¬
1471 2082 2631 2148 im Fluge des bangen Mädchens Seele und Leib gewann.
290 2126 1450 2168 trauteste, uns die Hand sofort entzieht, wenn wir in auf¬
1467 2132 2632 2204 Alles war bereit zur Flucht, der Wagen wartete; aber
287 2163 1462 2244 keimendem Mitempfinden ihr die unserige entgegenstrecken
1455 2167 2638 2228 im letzten Augenblick sank dem großen Lebenskünstler
290 2207 462 2269 wollen.
1457 2208 2637 2269 der Mut vor den Folgen und Fesseln, die er damit
370 2233 1463 2297 Aber verstehen, kennen wir Menschen einander denn
1462 2263 2636 2324 auf sich laden würde. Ihm graut vor den Pflichten
277 2288 1449 2358 überhaupt? Gehen wir nicht vielmehr trotz all der Worte,
1465 2305 2631 2353 und vor den Riegeln, die sich damit vor die offenen Türen
285 2342 1462 2385 die wir tauschen, stumm und stumpf an einander vorüber?
1474 2347 2634 2390 seiner schimmernden Zukunft schieben würden. Die Unbe¬
294 2388 2637 2455 „Wer hat sie denn gekannt von uns allen? Wer kümmertI kümmertheit seiner Jugend, die Fülle des Daseins ist ihm
2642 1074 3296 1160 nicht feil auch für den schönsten
2640 1140 3306 1201 Erlebnis wird ihm alsbald zur ∆#
2649 1176 3303 1231 schmerzt noch drückt, die nur ein
2638 1232 3318 1296 ist in seinem von Genüssen durchst
2639 1267 3308 1320 aber das Alter ihn überschattet, al
2641 1314 3318 1375 ihm weicht, als er sich einsam zu
2647 1350 3327 1411 er, der nie bisher dauerndes Gli
2647 1400 3330 1464 pfangen vermochte, doch einen Me
2646 1436 3320 1499 und für den weiter auf der Welt
2639 1478 3322 1548 er glaubt in seiner naiven Art, da
2642 1528 3310 1584 bedarf, er auch schon ein Anrecht
2644 1561 3327 1633 auch wenn er ihn so lange verleug
2654 1605 3328 1680 nicht entziehen, sobald er ihm nur
2654 1648 3314 1717 bart! Aber er täuscht sich. In
2642 1685 3325 1761 meint, hat Felix den Zug zum „A
2639 1737 3331 1800 ner sein Vater, ist ihm eine Wah
2647 1779 3327 1852 ihm nur fremder geworden, seit er es
2639 1811 3328 1893 in dessen Haus er geboren und au
2649 1869 3294 1934 heit und Jugend mit Sorgfalt
2636 1908 3327 1982 der seine Mutter geliebt hat, gilt
2648 1956 3282 2017 als er ihm bisher gegolten.
2651 1981 3328 2054 Ulanenoffizier ist wirklich einer von
2638 2034 3332 2106 das Schnitzler, mit dem Blick des
2635 2080 3338 2141 kommen sieht: „Weniger Geist und
2720 2120 3334 2196 Als der Kampf des Blutes i
2643 2153 3329 2230 Pflichten anhebt — in zwei zarten
2642 2217 3336 2289 er ausgefochten —, ist Gabriele sch
2649 2249 2945 2330 geschlummert.
2718 2278 3328 2374 Nicht von ungefähr hat die we
2643 2333 3326 2408 Dichters ihr Bild, mit Schleiern
2644 2391 3333 2439 flüchtig an uns verüberhuschen lasse
2594 2626 2763 2699 2e
2612 2695 2835 2788 BREN
2633 2761 2835 2847 Sr0
3119 3163 3345 3266 Smy
2721 3261 2819 3319 Deg
3142 3306 3274 3368 Tepp
3122 3352 3354 3415 Specialhau
3112 3402 3338 3481 Oranien
3127 3466 3275 3513 Selten
3119 3498 3310 3556 günstige
2580 3511 2927 3586 lerschiedenen hoch¬
2587 3569 2938 3647 à 334 Stück (½ Mille)
3209 3615 3347 3699 Privi
2582 3632 2962 3735 Aigarren
3084 3682 3353 3740 nicht unter 3
3077 3722 3223 3771 u. diskre
3253 3729 3313 3781 ege:
2580 3723 2939 3815 9 Bremer Fabrl¬
3094 3761 3346 3801 Buchholz, Ma
3092 3790 3189 3839 jährlic
3250 3795 3314 3840 Spre
2577 3729 2943 3895 Mkr. 20.
2576 3881 2943 3928 ir auf unsere Kosten
2579 3918 2932 3974 ontnommene Proben
2577 3952 2937 4024 ig reelle Bedienung
3101 3986 3168 4050 B
2578 4005 2946 4099 igen b. Bremen.
3166 4070 3346 4153 Westfl.
