3436 4320
1372 210 1849 307 box 23/3
231 223 1367 321 18. Der einsane Weg
553 960 1266 1075 „OBSERVEh
384 1063 1317 1120 I. österr. behördl. konz. Unternehmen für Zeitungs-A
571 1125 1303 1200 Wien, I., Concordiaplatz 4.
787 1192 1082 1252 Vertretungen
384 1236 1428 1306 in Berlin, Budapest, Chicago, Christiania, Genf, Kopenhag
385 1285 1448 1348 London, Madrid, Mailand, Minneapolis, New-York, Paris, Ron
549 1332 1316 1376 San Francisco, Stockholm, St. Petersburg.
733 1366 1150 1425 (Quellenangabe ohne Gewähr)
395 1426 798 1500 Ausschnitt aus:
765 1505 1283 1587 Das Reich, Berlin
390 1528 549 1588 vom:
757 1577 1079 1677 06
830 1662 1087 1752 Theater.
423 1712 1573 1776 Wenn Dr. Blahm gemeint hat, mit der neu einstudierten
877 1772 1560 1828 nitzlers Schauspiel „Der einsame Weg“
363 1777 798 1832 Aufführung von Artinm
372 1790 1571 1879 das stark abgeblaßtenommé des dekadenten Wiener
368 1855 1570 1897 Schriftstellers wieder etwas auffrischen zu können, so hat er sich
383 1894 1560 1945 sehr geirrt. Denn dieses schon bei der Lektüre unsäglich lang¬
376 1937 1557 1992 weilige und albein wirkende Stück wurde durch eine zweijährige
376 1972 1570 2019 Lagerzeit wahrlich nicht besser, und es wird sicher auch das
382 2011 1569 2057 Repertoiré des hLessing=Theaiers“ nicht bereichern. Da das
367 2046 1559 2093 Werk gelegentlich sseiner Première im Deutschen Theater ausführlich
378 2090 1564 2146 besprochen wurde, so erübrigt sich wohl ein nochmaliges Eingehen
381 2137 1559 2185 auf seinen Inhalt. Als charatteristisch für die Eigenart des Autors
374 2167 1549 2217 soll nur darauf hingewiesen werden, daß sich im „einsamen Weg“
372 2202 1572 2255 ein ebenso moralisches Lumpengesindel zusammenfindet, wie im
378 2240 1575 2299 „Ruf des Lebens“. Insbesondere in sexueller Beziehung sind die
384 2293 1571 2341 Gestalten Schnitzlerscher Phantasie von einer Skrupellosigkeit, die
388 2320 1575 2368 förmlich nach dem Staatsanwalte schreit! So kommt im „ein¬
376 2368 1572 2412 samen Wege“ eine Schauspielerin Irene Herms vor, welche die
388 2395 1572 2450 natürlichen Folgen eines Fehltrittes mit Hilfe einer weisen Frau
382 2441 1574 2486 beseitigtel; Frau Gabriele dagegen hat ihren Mann, den Direktor
377 2477 1572 2522 der Akademie der bildenden Künste, nur geheiratet, um der Schande
369 2509 1579 2572 zu entgehen, mit einem unehelichen Kinde niederzukommen, und ihr
366 2553 1572 2606 eheliches Kind wieder, die Johanna, wächst sich zu einem pervers
372 2589 1560 2644 verrückten Geschöpfe aus, das in der Wirklichkeit unbedingt auf
373 2625 1565 2671 seinen Geisteszustand ärztlich geprüft werden müßte. So geht das
376 2668 1569 2724 fort, aber nicht mit Grazie, Witz und Geist, sondern schwerfällig
384 2711 1578 2765 wie erkaltende Lava wälzen sich Handlung und Dialog dahin.
383 2751 1579 2801 „Ich weiß es ja; — für alle, ja auch für Sie bin ich ein Her¬
372 2785 1568 2838 untergekommener“ läßt Schnitzler den Maler Julian Fichtner im
382 2815 1566 2873 „einsamen Weg“ sagen, „einer, der fertig ist, einer, dessen ganzes
380 2871 1567 2916 Talent seine Jugend war!“ Wie zutreffend sich Herr Schnitzler
384 2910 1574 2954 mit diesem Ausspruche selbst charakterisiert hat! Sein bischen
386 2937 1573 2993 Jugend ist bei der „Liebelei“ mit „süßen Mädchen“ flöten gegangen,
387 2976 1570 3028 und trotzdem er erst im Anfange der vierziger Jahre steht, zahlt
383 3012 1581 3071 er bereits zu jenen literarischen Mumien, welche Herr Direktor
390 3067 1576 3113 Brahm in seinem Musentempel so sorgfältig konserviert! Die Auf¬
380 3096 1576 3149 nahme des Stückes im Lessing=Theater war eine auffallend kühle,
371 3142 1572 3194 trotzdem die vortreffliche Künstlerschar ihr bestes Können ein¬
385 3185 1576 3229 setzte. Das Lebemännerpaar mit den genußüberreizten Nerven
375 3215 1566 3260 und dem vereinsamten, nach reiner Liebe lechzenden Herzen
381 3256 1565 3303 gaben Emanuel Reicher und Albert Bassermann so lebenswahr
384 3296 1562 3341 und packend in jedem Zuge, daß man darüber ganz die ver¬
381 3327 1573 3395 schrobene Charakteristik vergaß, die der Autor seinen Gestalten
386 3366 1576 3419 gab. Insbesondere in der Schlußszene, wo Herr von Sala aus
384 3403 1566 3452 dem Munde des Bruders des von ihm verführten Mädchens
385 3453 1570 3499 hört, daß er ein todgeweihter Mann ist, den ein Herzschlag
381 3486 1579 3531 jeden Moment wegraffen kann, da bot Herr Bassermann eine
391 3523 1569 3571 hinreißend geniale Leistung. Ein Kabinettstück schauspielerischer
385 3562 1565 3613 Kunst) konnte man auch in der Irene Herms des Frl. Else
391 3603 1566 3649 Lehmann bewundern, die ihre Rolle mit glitzernden humoristi¬
511 3642 1571 3698 chtern ausstattete. Schade, ewig schade, daß Direktor
385 3675 1576 3737 Brahm seinem ausgezeichneten Ensemble keine würdigeren Auf¬
1347 3715 1552 3776 J. St—g.
386 3730 838 3778 gaben zu stellen weiß!
456 3799 1581 3869 Prichtigung. Im letzten Abendblatt muß die Spitzmarke im
390 3849 1587 3915 zweiten Artikel unter der Rubrik „Deutsches Reich“ richtig heißen“
393 3897 1117 3970 „Die Geschäfte des Bahnhofsdienstes“.
2441 957 2803 1055 Telephon 12801.
1909 1066 2628 1212 „OBSERVER“
1737 1165 2824 1283 I. Esterr. behördl. konz. Unternehmen für Zeitungs-Ausschnitte
1936 1232 2667 1332 Wien, I., Concordiaplatz 4.
2152 1313 2455 1373 Vertretungen
1759 1334 2844 1441 In Berlin, Budapest, Chicago, Christiania, Genf, Kopenhagen,
1754 1396 2836 1481 London, Madrid, Mailand, Minneapolis, New-York. Paris, Rom,
1925 1439 2700 1519 San Francisco, Stockholm, St. Petersburg.
2099 1478 2527 1542 (Quellenangabe ohne Gewähr.)
1768 1542 2863 1653 Ausschnitt ans: tdenluhe emen
1785 1676 2227 1770 vom:
2284 1681 2764 1766 — N
2071 1824 2624 1911 Theater und Musik.
1836 1909 2962 1973 * Der einsame Weg, Schauspiel in fünf Akten von
1770 1943 2959 2012 Arthur Schnitzler, erlebte bei seiner ersten Berliner Auf¬
1778 1990 2951 2059 führung am 13. Februar 1904 eine sanfte Ablehnung.
1771 2025 2963 2094 Wenn das Lessing=Theater das Schnitzlersche Drama
1758 2079 2956 2137 dennoch wieder hervorholte und am Donnerstag in einer
1760 2130 2962 2179 neuen Einstudierung aufführte, so geschah es wohl mehr, um
1759 2166 2958 2223 dem ausgezeichneten Ensemble der Bühne Gelegenheit zu
1767 2208 2966 2291 seiner Kunstentfaltung zu geben, als um den Stamm¬
1925 2245 2953 2313 des Hauses eine interessante Neuheit vor¬
1758 2267 1922 2333 gästen
1754 2289 2963 2377 zusetzen. Wir haben uns in Nummer 39 unseres Blattes
1797 2401 2998 2485 vom 16. Februar 1904 ausführlich über das (auch längst als
1792 2468 3004 2535 Buch erschienene) Stück geäußert und dem damals Gesagten
1797 2507 3000 2575 nichts hinzuzufügen, da Der einsame Weg in derselben Gestalt
1795 2552 2997 2595 wie vor zwei Jahren über die Bühne schlich. Vom drama¬
1795 2595 2996 2647 tischen Wesen ist in dem Schausviel nichts zu spüren. Daß
1790 2629 2986 2674 etliche Menschen darimallein #nsinsamihres Wegeo durche Eeben
1835 2671 2992 2738 #### wollen; wird keils umständlich, teils unklar gezeigt.
1794 2675 2988 2767 Der Autor ist gänzlich in Ibsen eingesponnen. Und wir
1800 2727 2990 2828 dürfen wiederholen, was wir vor zwei Jahren schrieben: „Als
1794 2768 2986 2859 bühnenkundiger Dichter wird es Schnitzler ohne Zweifel an
1789 2810 2984 2899 diesem Versuche, Ibsen zu überklügeln, bewenden lassen. Er
1783 2860 2972 2954 hat das weder nötig, noch beherrscht er die Gefahren des ein¬
1784 2904 2973 2998 samen Weges, den der Norweger gegangen ist.“ Diese Er¬
1790 2952 2724 3035 wartung hat sich inzwischen nur teilweise erfüllt.
2760 2982 2980 3041 Die Be¬
1783 2992 2980 3087 setzung des Dramas war in den Hauptrollen dieselbe geblieben
1777 3042 2971 3133 wie bei der Erstaufführung. Nur daß an Rudolf Rittners
1779 3085 2967 3161 Stelle Herr Emanuel Reicher den Maler Julian Fichtner
1777 3118 2973 3215 spielte. Das geschah nicht zum Vorteil der Rolle. Wo Herr Rittner
1775 3163 2962 3262 dem Kraftmenschen festes Leben gab, da war Herr Reichernur allzu
1771 3207 2970 3294 weichlich und sänftiglich und auf jenen Sonntagnachmittags¬
1772 3249 2968 3350 predigtton gestimmt, in den dieser Schauspieler gern verfällt.
1769 3292 2962 3390 Den lebensklugen und interessanten Stefan von Sala stattete
1774 3336 2951 3435 Herr Bassermann mit geistreichen und vornehmen Zügen
1765 3395 2970 3482 aus, während Frau Irene Triesch aus der unglücklichen
1767 3433 2962 3528 Johanna so viel machte, wie ihre feine Kunst nur vermochte.
1754 3464 2953 3566 Diskret war Herr Sauer als Professor Wegrath, liebens¬
1756 3517 2944 3604 würdig, wie stets, Herr Stieler als Leutnant Felix, er¬
1754 3555 2956 3652 greifend Frl. Pauly als Wegraths sterbende Gattin, frisch
1763 3607 2952 3691 zugreifend Frau Lehmann als Irene Herms, charakteristisch
1759 3655 2961 3748 Herr Marr als Arzt Reumann. — Wie im Jahre 1904
1752 3687 2960 3789 wurde auch diesmal das Schnitzlersche Werk nur lau auf¬
1744 3717 2005 3806 genommen.
