3484 4352
305 302 1312 416 18. Der einsane Neg
1451 292 1917 382 box 23/2
1345 312 1427 403 805
1343 1054 2147 1126 Und sah empor am eingeschlaf'nen Haus —
1337 1121 2183 1189 Da kam ein Mann und löscht' Laternen aus.
1358 1173 2178 1261 Zum Himmel lenkt' ich meinen Blick empor:
1356 1238 2181 1312 Den ewigen Reigen schritt der Sterne Chor.
1346 1293 2207 1377 Und weiter ging ich meinen nächtigen Gang,
1348 1358 2109 1431 Aus ferner Schenke tönte noch Gesang.
1352 1425 2133 1492 Der wallte festlich an der Gärten Rand:
1362 1477 2227 1550 Es war Herrn Gottfrieds Lied vom Daterland.
1536 1568 2167 1661 Wenn ich Abschied nehme.
1355 1653 2207 1714 Wenn ich Abschied nehme, will ich leise gehn,
1354 1707 2292 1773 Keine Hand mehr drücken, nimmer rückwärts sehn.
1353 1768 2193 1841 In dem lauten Saale denkt mir keiner nach,
1366 1811 2212 1903 Dankt mir keine Seele, was die meine sprach.
1354 1893 2357 1947 Morgendämm'rung weht mir draußen um das Haupt,
1355 1945 2258 2017 Und sie kommt, die Sonne, der ich doch geglaubt.
1361 2010 2302 2077 Lärmt bei euren Lampen und vergeßt mich schnell!
1353 2061 2176 2127 Lösche, meine Lampe! — Bald ist alles hell.
1398 2154 2290 2245 Hus Artbur Schnitzlers „Einsamer Weg“.
1244 2236 2579 2304 Vorbemerkung. Ueber Schnitzlers neues Schauspiel „Der ein¬
1132 2298 2582 2346 same Weg“ hat gelegentlich der Berliner Erstaufführung Detleff im Kunst¬
1137 2333 2582 2407 wart (XVII. 11 eingehend gesprochen — wir möchten unsere Leser freund¬
1128 2382 2596 2452 lichst bitten, das dort Gesagte noch einmal recht aufmerksam durchzugehn,
1132 2432 2590 2489 bevor sie das Folgende auf sich wirken lassen, denn es ist zum Verständnis
1129 2494 2598 2550 dieser Proben kaum entbehrlich. Heute wollen wir auf das Werk nicht
1138 2529 2601 2591 als auf ein Schauspiel hinweisen, sondern als auf ein Buch zum Lesen.
1140 2586 2596 2643 Es ist bei S. Fischer in Berlin erschienen. Wir haben unter unsern neuen
1130 2627 2600 2692 Romanen und Novellen durchaus nicht viele, die dem Leser so manches
1140 2687 2596 2758 mitgeben, wie dieses Stück mit seiner Müdigkeit, aber auch mit seinem
1129 2735 1470 2806 sittlichen Ernste.
1257 2770 2596 2836 Die kleine Gesprächs= und Gedankenharmonie, die wir hier zusammen¬
1134 2823 2597 2897 stellen, gruppiert sich um drei Hauptpersonen des Stücks, Julian, den einst so
1140 2873 2599 2949 „vielversprechenden“ „genialen“ Maler, der sein inneres Leben im egoisti¬
1134 2914 2602 2981 schen Genießen aufgebraucht hat, seinen Sohn Felix, der anfangs noch nicht
1131 2981 2603 3038 weiß, daß er Julians Sohn ist und sich für den des schlichten und tüchtigen
1130 3023 2602 3083 Maler=Professors Wegradt hält, und den Schriftsteller Sala, den Freund
1141 3075 2604 3138 und Wesensgenossen Julians von immerhin stärkerer und klarerer Männlich¬
1134 3119 2604 3179 keit. Wegradts Frau Gabriele, des Felix von Julian einst verlassene Mutter,
1145 3179 2601 3235 ist eben gestorben, Julian, alternd und einsam, ist in dem Verlangen nach
1134 3216 2604 3278 der Liebe seines Sohnes hergereist. Felix, ein frischer junger Offizier, wird
1147 3261 2610 3335 aber auch von Sala umworben, der ihn als Begleiter auf einer Expedition
1134 3323 2604 3374 in den Orient zu seiner Seite haben möchte. „Finden Sie nicht, daß er
1135 3365 2613 3425 sich brav gehalten hat?“ sagt Sala am Schlusse des Stücks zu Julian. „Es
1145 3412 2565 3488 scheint mir überhaupt, daß jetzt wieder ein besseres Geschlecht heranwächst, —
1138 3477 2611 3536 mehr Haltung und weniger Geist.“ Alles, was wir hier abdrucken, beleuchtet
2330 3530 2582 3615 Kunstwart
1178 3558 1288 3619 558
