3484 4256
-1 4010 187 4095 2
1416 131 1897 243 box 23/3
262 166 1292 296 18. Der einsane Neg
564 632 732 741 S
2029 702 2859 823 1 13
1184 710 2005 916 N
2069 799 2249 899 des
2910 948 3167 1138 —7
1384 854 2791 1126 Cagesbote
736 1067 938 1250 □
3285 1178 3378 1276 38
772 1208 3300 1325 Daus Nählen und Schlesien.
2026 1299 2257 1396 Sener u
1747 1391 2646 1456 Samstag den 26. Mai 1906.
524 1395 874 1487 Nr. 245.
1591 1450 1966 1520 B
513 1443 1071 1539 —
1580 1491 3382 1559 Wartturmzimmer geschleppt, wo sie mit Oginski ihre das „zwar leinen Abglanz d
1589 1564 3387 1629 Liedesfeste feierte. Ein Bett, dessen schwarzer Vorhang zu= ernsten Schatten volt der Pfor
490 1557 1543 1649 Otto Brahm und sein Ensemble.
1594 1593 3381 1657 gezogen ist und vor dem zwei kerzenbesteckte Kandelaber gibt. Die blütenfeinen Stim
428 1616 1595 1703 (Ein Berliner Gastspiel mit den Stücken: Elga, Der Puppen¬
1591 1638 3396 1708 stehen. Langsam läßt Starschenski Kerze um Kerze ent= alles Irdischen werden von d
434 1679 1601 1751 spieler, Der einsame Weg, Rosmersholm, Der Biberpelz, Trau¬
2488 1695 3376 1766 und — mit und entblättert. Überdies ist zu
1584 1705 2476 1772 zünden, dann wird der Vorhang zurückgez
798 1722 1231 1797 mulus, Die Weber.)
1588 1738 3386 1806 einem wilden Aufschrei wirft sich Elga nner die Leiche artisten Sala und Frau Trie
540 1764 1491 1852 Wiener Theaterbrief von Wilhelm v. Wymetal.
1589 1786 3391 1862 Oginskis. So erfährt der Graf, daß Elga nicht, wie sie eben kongenial, allein dem warmb
506 1816 1596 1896 Ohne viel Klang und Sang ist das Ensemble Otto
1590 1846 3388 1913 zitternd beteuert hat, ihn, sondern noch immer den Vetter Lehmann lag die Rolle der eh
2762 1883 3390 1951 wenig wie dem schwerfälligen
1600 1895 2774 1965 liebe; eine grausige Probe und ein ungeheurer Bühnen¬
417 1883 1596 1948 Brahms — einst hieß es Deutsches, jetzt heißt es Lessing¬
2764 1930 3391 1999 mann Fichtner. Trotzdem erra
419 1932 1604 2004 theater — zu einem längeren Gastspiele im Theater an der
1599 1951 1764 2017 effekt
1678 1975 3392 2057 Von der heimlichen Sehnsucht, die Kerr einmal als stürmischen Demonstrationser
414 1981 1614 2070 Wien eingezogen. Es war auch gar nicht anders möglich:
1599 2041 3390 2107 den Grundzug aller Dramen seines Lieblingspoeten be= Werke und seinen Trägern di
417 2021 1599 2100 nach der überschwenglichen Begeisterung, die voriges Jahr
417 2080 1603 2169 dem kleinen und neuen Theater aus Berlin und die vor
1594 2078 3392 2155 zeichnet hat, ist in „Elga“ nichts zu verspüren. Es ist eine Man hatte den Eindruck, das
2770 2129 3394 2195 Entladung eine lang aufges
420 2128 1598 2203 wenigen Wochen den Moskauer Schauspielern entgegen¬
1596 2125 2786 2198 recht gute Dramatisierung, die sich von ähnlichen Arbeiten
1600 2164 3391 2242 anderer Nutzdramatiker nur durch eine eblere Sprache, kundgeben und den Dichter d
421 2164 1603 2259 gebracht worden war, konnte man nicht gleich wieder die
1601 2221 3399 2306 durch gelegentlich aufleuchtende schönere Bilder und durch der „Einsame Weg“, noch „De
421 2229 1607 2307 Fackeln des Enthusiasmus anzünden und in die Fanfaren
2765 2276 3396 2361 „Der Ruf des Lebens“ bishe
432 2275 1614 2342 des lautesten Lobes stoßen. Ein Augenblick der Erschöpfung
1600 2287 2790 2348 Ansätze zu psychologischer Vertiefung unterscheidet. Der
2772 2329 2952 2392 waren.
419 2330 1611 2401 und Abspannung mußte naturnotwendig dem übertriebenen
1607 2329 2796 2396 Schluß bei Grillparzer (Oginski entspringt, Starschenski
2850 2353 3396 2441 Den stärksten, sogar zum
1602 2387 2791 2454 töket Elgan) scheint mir abschließender und stilgemäßer
420 2380 1606 2461 Jubel folgen, eine Ruhepause unvermeidlich eintreten. Be¬
1601 2407 3392 2495 als Hauptmanns Lösung, in der Elga mit einem: „Ich und zur Verdrängung von
423 2421 1606 2498 dauerlich wäre es gewesen, wenn das Lessingtheater unter
2767 2466 3398 2546 die hier bekannte und drauß
1603 2483 2671 2567 hasse dich! Ich speie dich an!“ das letzte Wort behält.
426 2479 1605 2535 dieser Reaktion zu leiden gehabt hätte. Denn das zugunsten
1677 2512 3402 2597 Elga war Irene Triesch; klug und fesselnd, wie hol m=Aufführung des Lessi
421 2526 1611 2601 Reinhardts so oft totgesagte Theater Brahms zeigt dies¬
1605 2564 3396 2634 immer, aber nicht so einheitlich, wie sonst. Den Grafen gab Fortschritt Otto Brahms über
418 2572 1600 2645 mal von neuem alle die Vorzüge, die ihm einst seinen
2775 2625 3392 2681 mus hinaus, daß er Ibsen
1603 2630 2788 2687 [Rittner mit seinem ziemlich unverändert durch die Jahre
424 2620 1610 2702 Weltruf eingetragen haben. Ihm gehören große Schau¬
2778 2673 3402 2736 fürs nächste Jahr statt der üb
1595 2671 2791 2757 gehenden Naturburschentum, dessen urwüchsige Naivität bei
431 2674 1609 2745 spielerindividualitäten, wie Bassermann, Sauer, Rittner,
2777 2705 3394 2787 einen ganzen Ibsenzyklus ank
424 2725 1606 2800 Irene Triesch und Else Lehmann, an, was man bei Rein¬
1600 2725 2786 2795 dem leichtgläubigen polnischen Edelmanne gut am Platze
2774 2769 3383 2843 1886 geschrieben, heuer sein
1605 2776 2787 2840 war. Auch Reichers trockene Art paßte trefflich zu dem wort¬
434 2771 1605 2837 hardt so sehr vermißt; seine Regie ist der Reinhardts ziem¬
2781 2811 3390 2881 kann, ergreift mit seinem
427 2812 1609 2891 lich gleichwertig; nur in der Ausstattung bleibt Brahm
1608 2825 2786 2889 kargen, treuen Hausverwalter. Wenn der starke Erfolg der
2772 2867 3401 2942 freiem Individualismus und
417 2869 1617 2941 hinter seinem jüngeren Rivalen zurück, da ihm, wie er
1611 2866 2793 2944 ersten Aufführung gleichwohl nicht anhielt, so lag das zu¬
2781 2907 3402 2979 tum die Gemüter wie am erste
421 2912 1621 2991 kürzlich wieder erklärt hat, das Wort des Dichters und das
1615 2922 2786 2988 meist an den langen Pausen, die sich, des Dekorations¬
2785 2966 3398 3044 Bassermann oder Irene Trie
424 2960 1616 3024 Wort des Schauspielers wichtiger seien. Nochmals: es wäre
1606 2980 2787 3041 wechsels halber, zwischen die kurzen, heißatmigen Szenen
2777 3019 3394 3085 geweihten Ton leidenschaftli
437 3016 1611 3090 schade gewesen, wenn Brahm und seine Künstler durch den
1601 3021 2787 3091 einschoben. Schlag=auf=Schlag=Stücke wie Elga kann man
2778 3067 3387 3128 höheren Dasein anzuschlagen.
436 3062 1612 3146 ratzenjammer der öffentlichen Meinung gelitten hätten.
1605 3068 2790 3132 nur auf der Drehbühne spielen. Und den Dramaturgen der
2791 3118 3393 3178 völlig unbegreiflich, wie der
443 3114 1607 3176 Dem war aber nicht so. Die große Menge der Theater¬
1613 3117 2791 3185 Zukunft bleibt es überhaupt vorbehalten, als wichtigste
1605 3156 3396 3217 Bedingung so manches Erfolges die möglichste Abkürzung Rosmer wie den Solneß kal
423 3162 1609 3232 besucher läßt sich durch das Urteil der Presse viel weniger
2791 3211 3400 3270 eines „fast voll befriedigenden
1603 3214 2785 3304 der Pausen miltels Geschwindigkeit und Drehbühne durch¬
424 3211 1621 3293 beeinflussen, als gemeiniglich angenommen wird. Während
2779 3256 3395 3327 haupt „des eigentlichen natur
1602 3262 1823 3343 zusetzen.
439 3243 1625 3335 die gefeierten Lussen vor leeren Stühlen spielten, erziesen
1701 3286 3393 3372 Zur Einleitung wurde vor Elga das erste der drei Epoche“ erlangen konnte. S
443 3306 1628 3382 die vernachlässigten Deutschen einen Tag wie den anderen
1614 3350 3401 3423 Schnitzlerschen Marionettenspiele, der nachdenkliche „Pup= Sprachrohr Deutschlands Ma
439 3358 1617 3432 volle Häuser, so daß das Gastspiel bereits verlängert werden
1611 3405 3391 3479 spenspieler“ gegeben, ein Einalier, der für Wien fast umfangreichen Theatergeschich
429 3406 1618 3474 konnte. Allerdings hat Brahm aus seinem letzten mißglück¬
1618 3460 3401 3526 als Novität in Betracht kommen konnte, da er nur ein tastisch=bizarre Elemente“ kon
441 3457 1613 3521 ten Besuche (im Frühjahr 1904) die richtigen Lehren abge¬
2788 3494 3397 3586 dings leicht entflammte Lilien
1612 3500 2808 3586 einzigesmal — vor zwei Jahren in einer Wohltätigkeits¬
443 3506 1618 3572 leitet. Damals hatte er nur drei Stücke mitgebracht, die bis
2944 3550 3395 3624 „Lieber Meister, gro
1608 3552 2797 3616 Torstellung des Carltheaters — von Jarno gespielt, aber
429 3561 1622 3631 zum Überdrusse gedrehorgelt wurden: die für Wien zu jente
2950 3603 3380 3670 Gott mit uns — Ey
1613 3589 2839 3667 nicht ins Repertoire ausgenommen worden war. „Der
435 3597 1621 3691 Zeit noch neuen „Weber“, bei denen er auf das sozialistische,
2954 3645 3384 3717 Ich geh' selten ins
438 3647 2834 3728 Dreyers „Tal des Lebens“, bei dem er auf das sexuelle,Puppenspieler“ ist die Geschichte eines Dichters, der nach
2956 3692 3396 3766 doch seh dich ich al
440 3698 2825 3781 und Bahrs „Meister“, bei dem er auf das Moment speku=seinem ersten Bühneuerfolge das Theaten zu verachten und
2946 3743 3397 3819 laß ich alles andre
1609 3727 2812 3823 mit wirklichen Menschen zu spielen beginnt. So führt er
444 3750 1626 3815 liert hatte, daß Bahr als vielumstrittener Autochthoner
2952 3793 3396 3858 stülve meinen alten
1622 3784 2807 3868 einen zaghaften jungen Freund und eine lieb junge.
440 3793 1619 3882 sicherlich starke Anziehungskraft ausüben würde. Er hatté
2944 3838 3399 3912 laufe schleunig an d
1618 3847 2811 3902 Freundin bei einem fröhlichen Feste zusammen. Was er
446 3859 831 3938 sich verrechnet.
2952 3879 3415 3950 und belege eine Log
1612 3888 2805 3971 spielend einleitet, führt jedoch das Leben zu fruchtbarem
518 3862 1631 3966 Heute bietet er dagegen ein abwechslungsreiches Reper¬
2855 3938 3409 4004 Je ein einziges Mal le
1618 3939 2803 4007 Ernste und Ende. Es vereinigt die beiden „Puppen“ zu
439 3935 1629 4018 koire teils von Stücken, die für Wien neu sind oder, weil
443 3992 3411 4052 lange nicht gespielt, wie neu anmuten, teils von solchen einer glücklichen, mit einem Kinde gesegneten Ehe, während naturalistischen Paradestücke h
1613 4039 3407 4101 es den Puppenspieler selber in Heimatlosigkeit, Armut und Hauptmanns „Weber“ und H
446 4034 1632 4112 Stücken, die ob ihres spezisisch norddeutschen Charakters von
2875 4083 3400 4144 Dep „Piberbel:“ Mn
441 4080 2818 4143 einem Wiener Enso##klo nie so pallkammen wiedergegeben Einsamkeit stürzt Erst nach vielen Jahren krenzt die zu¬
