3484 4320
1413 216 1870 300 box 23/2
270 218 1254 317 18. Der einsane Neg
1798 678 1922 756 492
596 795 1814 848 zu müssen, daß das Publikum Mühe hatte, seine zarte, zurückhaltende
1903 797 3117 846 rüstet die Tür. Niemals! Da schrieb ich ihm einen Schreibebrief:
591 842 1826 888 Ausdrucksweise richtig zu verstehen. Am lebhaftesten wirkte noch Marie
1909 837 3135 894 „Mein Herr, Sie verkennen mich, ich bin ja die Preuschen, jeden
585 882 1834 931 Immisch in der frischen und natürlichen Fröhlichkeit, mit der sie sich
1895 882 3119 933 Wahnsinns würdig, für jeden befähigt. Und ich erkläte, daß ich die
600 918 1836 959 als abgetine Geliebte Fichtners in die Verhältnisse fand. Zwar gelang
1901 917 3120 963 nächsten Wochen eine jede Ihrer Vorlesungen besuchen werde. Sollten
601 951 1832 1006 ihr der Wiener Dialekt nicht sonderlich, aber sie war in der Zeichnung dieser
1902 957 3129 1017 Sie enger und banausischer sein, als man annehmen kann, lassen Sie
600 998 1820 1043 urwüchsigen Künstlerin trotzdem sehr glücklich. Gute Leistungen boten noch
1892 1003 2665 1053 mich einfach durch den Pedell hinauswerfen.“
592 1040 1834 1081 Amalie Cramer, Artur Eggeling und Ernst Born¬
2011 1033 3114 1080 Klopfenden Herzens kam ich dann, wieder und wieder und ward
593 1070 1830 1120 stedt, ohne indes mehr zu geben als durchaus notwendig war. Ver¬
1894 1070 3124 1135 immer frecher. — Es ist ein unheimliches Fach, und erst sträubt sich
594 1112 1822 1153 mutlich haben sich die Künstler auf der Bühne ebenso gelangweilt wie
1896 1117 3126 1163 die Seele vor dieser quasi öffentlichen Bloßstellung geheimsten Menschen¬
590 1152 1824 1193 das Publikum. Die ewigen Besuche in feierlicher Kleidung, mit denen
1906 1158 3126 1200 jammers, dann wird man abgestumpfter und spricht wie ein Professor
596 1197 1835 1237 jeder Akt beginnt, hatten trotz ihrer ernsten Zeichnung etwas geradezu
1902 1196 3126 1237 von Paralyse von dem ersten bis letzten Stadium, von Psychose. Mania,
599 1230 1834 1279 Komisches. „Der einsame Weg“ von Artur Schnitzler wird für das
1900 1231 3127 1273 Paranoia und Melancholia, periodisch und rezid v. Immer aber ver¬
595 1268 1831 1321 Theaterpublikum wohl immer ein sehr einsamer Weg bleiben, den es
1915 1271 3129 1330 solgen einen den fürchterlichen Bilder des Elends, das man auf dieser
595 1313 1832 1353 absolut nicht mitgeht. Schade darum, schade um die vielen schönen,
1910 1316 3123 1375 Bühne“ geschaut, der stupor, des wie) im Starrkrampf befindlichen
585 1349 1836 1407 tiefen und herrlichen Gedanken, die das Stück in Fülle bot, aber
1890 1335 3127 1418 schönen, schwarzhaarigen Weibes, das regungslos in ihren Betten lag,
592 1388 1183 1439 Dramatiker dürfen so „einsame
2548 1392 3134 1434 beide Hände hoch emporgestreckt,
588 1420 1173 1479 Wege“ nicht gehen, da stolpern
2544 1435 3124 1474 wie der Professor sie ihr zu Be¬
598 1454 1151 1514 sie leicht. Schade! Anny Wothe.
2548 1475 3135 1515 ginn der Vorlesung heraufgebogen.
2550 1517 3125 1564 Sie erwacht nur zuweilen, wenn
2552 1550 3118 1611 sie mit der Sauce gefüttert wird,
588 1540 1167 1615 Im Strudel der Welt.
2551 1592 3128 1641 die sie für eine Schlarge hält,
645 1600 1124 1673 Von Hermione von
2552 1631 3110 1679 für die sie dann zur „Fütterung“
745 1648 1025 1700 Preuschen.
2545 1675 3134 1718 Semmeln stiehlt. Dann sieht sie
593 1682 1179 1760 Heimliches und Unheimliches aus
2539 1707 3119 1756 das Zimmer mit Totenköpfen
666 1732 1094 1796 der Sperrsechser=Stadt.
2543 1745 3128 1797 bevölkert. Ein sehr seltener Fall,
797 1779 1134 1838 Wien, im Winter.
2550 1780 3130 1844 sagt der Professor stolz und be¬
709 1814 1177 1884 Nein, es soll keiner
2557 1827 3128 1880 friedigt. Manche Kranke aber
592 1855 1172 1907 fürchten, daß ich ihn mit „gebil¬
2551 1859 3134 1921 entsprechen nicht den in sie ge¬
591 1905 1173 1955 deten“ Beschreibungen ermüde,
2551 1901 2919 1962 setzten Erwartungen.
594 1940 1182 1991 die er besser in jedem Re sebuch
2619 1931 3120 2012 Der eine sollte einen Anfall
591 1982 1183 2035 nachschlagen kann — das über¬
2545 1990 3133 2039 kriegen, tat uns aber nicht den
589 2023 1188 2071 lasse ich — unberufenen Federn!
2539 2033 3127 2083 Gefallen. Alle fünf Minuten
597 2062 1174 2113 Aber wenn ich „heuer" seit vorigem
2544 2069 2733 2118 unterbrach
2740 2066 3128 2122 der Professor seine
593 2100 1178 2143 Dezember genau fünfmal mich
2552 2107 2731 2167 Vorlesung
2737 2105 3136 2160 und beleuchtete den
585 2132 1168 2182 für je vier Wochen in der Donau¬
2548 2146 3124 2200 Kranken mit dem Spiegel:
589 2176 1175 2236 stadt umher und kreuz und quer
2545 2194 3116 2242 „Es ist wieder nichts, leider.“
586 2214 1160 2265 getrieben, darin Ausstellungen,
2606 2218 3130 2271 Andre aber, die angeblich
589 2248 1166 2305 Vorträge und Gott weiß was
2552 2258 3122 2325 schon ziemlich gleichgültig und
592 2296 1167 2353 alles arrangierte, wie man hier
2544 2304 3124 2362 stumpf gegen ihr Gechick ge¬
594 2330 1165 2387 sagt „angegeben“ habe, durch
2547 2332 3116 2395 worden, waren trotzdem so rück¬
592 2376 1172 2428 meine Bekanntschaft mit einem
2539 2382 3124 2436 sichtslos, befragt, was aus
585 2412 1166 2459 begeisterten Tschechen von be¬
2546 2414 2887 2470 ihnen werden sollte,
582 2457 1179 2517 Sgeisterten Deutsch=Oesterreichern
593 2491 1170 2536 vol achl Tagen ausgepfiffen und
587 2532 1176 2594 fast durchgeprügelt worden wäre,
580 2569 1177 2620 dann — muß man mir zuge¬
2545 2579 3137 2637 wegen „Psychose“ in die Anstalt
587 2608 1167 2665 stehen — ich kann ein bißchen
2548 2616 3139 2668 eingeliefert worden. — Andere
580 2646 1170 2696 drüber plauschen, über die alte
2550 2660 3127 2716 wieder gefielen sich in der Rolle
588 2690 1165 2745 Kaiserstadt, von der böse Zungen
2543 2690 3131 2758 des verstockten Sünders und
580 2720 1176 2783 behaupten, sie läge schon an der
2549 2726 3128 2776 schwiegen hartnäckig auf alle
591 2761 996 2820 Schwelle des Orients.
2550 2765 3124 2831 Fragen. Nur eines wußten sie
666 2795 1163 2854 Wie der „diable boiteux“
2547 2807 3119 2869 ausnahmslos. „Wo sind Sie denn
586 2816 1166 2897 in Paris wollen wir hier in
2539 2851 2669 2908 jetzt?“
2719 2847 3117 2904 „Bei die Verruckten.“
586 2878 1180 2935 Wien über die Dächer fliegen
2607 2888 3133 2938 „Wie kommen Sie denn hier¬
590 2930 1175 2969 und — Heimliches und Unheim¬
2537 2933 3115 2982 her, Sie sind doch nit verruckt?“
590 2953 1177 3002 libes aufdecken. — Wenigstens
2940 2969 3123 3019 — Einer
2601 2963 2912 3028 „Das weißi net.“
580 2996 1179 3055 braucht man dann nicht ängstlich
2539 2998 3126 3064 übergab auch feierlich dem
588 3037 1174 3090 auf die Uhr zu sehen, ob's noch
2545 3046 3108 3104 Professor seine „Dokumente",
586 3078 1160 3130 weit vor zehn ist, der Panik¬
2546 3084 3113 3143 einen Haufen zusammengelesener
592 3113 1176 3176 stunde, deren Nahen Theater,
2545 3128 3124 3184 Papierfetzen. An fünfzig schaurige
588 3147 1171 3205 Konzerte, Cafés enwölkert. Ja,
2544 3168 3121 3216 Menschenschicksale sind so im
590 3197 1181 3245 die zehn Kreuzer Sperrgeld, die
2544 3198 3126 3248 Laufe von ungefähr drei Wochen
585 3232 1174 3294 sind halt eine Lebensfrage, hüben
2550 3253 3128 3295 an uns vorüber, in den Jammer
591 3275 1170 3326 oder drüben! Wenigstens gehen
2540 3279 3118 3352 ihrer dunkeln Zukunft gewandelt
588 3316 1176 3372 die Elektrischen jetzt eine Stunde
2602 3318 2936 3373 Menschenleben! —
580 3348 1172 3404 länger als im Frühling — bis
2608 3342 3115 3416 Der hinkende Teufel führt
578 3390 1175 3439 um Mitternacht! Und da zweifle
2538 3401 3124 3446 uns nun aus dem allgemeinen
588 3427 1196 3481 man an Wiens weltstädtischer
2540 3448 3128 3487 Krankenhaus am Alsergrund in
588 3471 1171 3529 Entfaltung! Auch hat der Ring
2543 3480 3130 3534 ein anderes Haus von Währing
586 3505 1175 3548 seit wenig Tagen schon elektrisches
2594 3515 3119 3564 zu der Kartenlegerin, der „be¬
1212 3537 2473 3607 Der Jüngling von Sais. Marmorbüste von Arnold Rechberg.
590 3549 1165 3593 Licht. — Alle intime Gemüt¬
2537 3558 3116 3607 rühmten“ Hausmeistersfrau in
576 3584 1171 3642 lichkeit entflieht vor seinem
2541 3594 3126 3654 ihre kleine, dunkle, mufsige Zelle,
591 3618 1816 3676 Schein. Und in einem, außer den Mehlspeisen, ist überhaupt Wien
1891 3634 3115 3673 wo neben dem ungemachten Bett und den trocknenden Speiseresten täg¬
581 3667 1815 3706 allen Großstädten der Welt, sogar Berlin und München überlegen. Im
1880 3675 3122 3728 lich die vornehmsten Wienerinnen klopfenden Herzens auf die schmutzigen
579 3695 1809 3749 Straßenkot des Winters! Wie ich, bis an die Knöchel im Kot ver¬
1890 3713 2909 3760 Karten starren und auf die schmutzigen Finger, die sie legen.
590 3743 1825 3799 sinkend, nach der trocknenden Sonne des Südens schmachte — die ich
2276 3758 3120 3803 ist mediumistische Wahrsagerin. Sie sieht Bilder
2017 3749 2219 3804 Frau R.
581 3799 1821 3841 nun bald schauen werde bald! Schon ist der „Krampus“ (der Niko¬
1888 3790 3113 3843 in den Händen ihrer Klienten. Sie nahm meine Hand: „Sie wohnen
586 3823 1820 3882 laustanz) vorbei die Kinder brauchen sich nicht mehr vor dem schwarzen
1891 3834 3122 3873 weit von hier, in einem Eckhaus mit Gärten, Sie kommen mit der
585 3868 1813 3914 Teufel zu fürchten, der fast in allen Schaufenstern sein Wesen treibt, sie
1898 3872 3123 3911 Polizei in Konflikt, Sie haben unruhigen Geist, Sie werden viel ge¬
579 3908 1813 3958 schauen nur noch nach der Weihnachtsfreude! Da wird der Krampus
1900 3908 3112 3953 liebt (unwillkürlich lächelte ich geschmeichelt), werden noch große Leiden¬
578 3946 1243 4001 mein „diable boiteux“ von Paris.
1892 3947 3117 4000 schaften erwecken (zu gütig, verehrte Frau, bitte, bitte!) Eine Leiche
710 3975 1819 4031 Der Semmering hat in verschwenderischer Fülle seine Christ¬
1888 3989 3125 4035 liegt quer über den Weg, ein Schreck, der das ganze Leben bestimmt,
583 4030 1827 4077 bäume geschickt, sogar die kostbare Edeltanne! Und in Gymnasien,
1902 4033 3123 4081 Sie machen Bücher und Bilder. Hüten Sie sich vor dem Feuer, das
578 4063 1817 4102 Universität und Krankenhaus sind schon Weihnachtsferien. — Da haben
1898 4067 3116 4119 Wasser ist Ihnen günstiger, Sie steigen und steigen. Mit achtundachtzig
586 4099 1829 4151 die lieben Irren Ruhe. Ja, ein so unheimliches Lehrfach wie das des
1904 4105 3090 4155 Jahren sterben Sie in Ihrem Bett! Hüten Sie sich vor dem Feuer —
