3484 4256
-12 3282 73 3348 tione
-9 2469 81 2558 alll
14 2112 69 2163 en
277 203 1895 319 18. Der einsane Neg box 23/3
903 852 2112 959 an einem Herzen, in dem sein eigenes Blut pocht. Aber er findet es
193 873 883 962 ihn beachten sollen. Und ebenso die
896 945 2110 999 nicht. Alles, was er Felix über seinen verpönten Ursprung erzählt,
197 944 882 1011 wisse, ewig unveränderliche Quadrille
893 984 2120 1038 rückt ihn dem Jüngling nur noch ferner, dieser klammert sich an den
204 993 879 1048 in der früh eingelernten Reihenfolge
908 1031 2112 1091 bisherigen Vater, der ihm der einzig Väterliche gewesen. Und Juliau,
192 1036 880 1111 der ganzen Welt die nämlichen sind.
892 1085 2124 1148 der Ex=Glänzende, muß von dannen schleichen, den einsamen Weg.
195 1084 883 1162 st durch eine persönlich hochinteressante
901 1122 2124 1184 Der andere Egoist, Herr v. Sala, hat eben noch die in Seltsam¬
199 1137 884 1214 n. Eine solche haben die Berliner
906 1182 2115 1239 keiten hysterisirende Johanna, Felixens Schwester, erobert. Sie
205 1182 890 1252 Irene Triesch, die in Berlin
906 1226 2122 1294 geht beglückt ... ins Wasser und ihr Eroberer, dem ohnehin ein
212 1226 887 1294 sie im modernen Spielplan alle die
906 1282 2124 1341 Duell mit Felix (Offizier!) gebührt, der aber schwer herzleidend ist,
195 1282 889 1349 goßen und kleinen Problematischen mit
897 1332 2122 1391 begeht stillen Selbstmord, was auch ein einsamer Weg ist. So ist
190 1332 894 1397 mmer regem Bühnenverstand darstellt.
909 1365 2118 1453 die Tendenz des Schauspiels eine aufs ewig Menschliche gerichtete.
204 1378 891 1453 aber sie hat gerade das nicht, was
908 1426 2121 1487 „Lieben heißt für jemand Anderen auf der Welt sein.“ Es ist ergreifend,
189 1434 878 1499 llen und so oft im Auslande gefunden
909 1477 2113 1530 wie die beiden gealterten Selbstkünstler sich schließlich darüber be¬
197 1475 879 1549 Baumeister, Mitterwurzer und tutti
907 1507 2128 1577 sprechen und dahinter kommen, was für gemeine Kerle sie eigentlich
193 1532 878 1598 che Reiz, der sich an den Zuschauer
911 1573 2115 1630 zeitlebens gewesen. Natürlich in aller Korrektheit der von allen Kultur¬
207 1576 892 1648 physisch umspinnt, ihn von den
901 1619 2114 1678 menschen anerkannten Formen. Und als überlegene Weltmänner,
213 1624 888 1696 Die Erscheinung gewinnt das Auge
898 1663 2126 1726 1 die die Weltweisheit mit goldenen Löffeln gespeist haben. Die längst
216 1674 889 1740 e das Ohr. Man muß sich im
908 1709 2127 1774 jenseits von Reue, Vorwurf und dergleichen Krämergefühlchen sind.
206 1710 888 1799 kthen, es sich einzureden versuchen. Das
911 1772 2124 1824 Unverantwortliche Männer, deren Moral lautet, daß Jeder die Pflicht
209 1771 891 1838 idum von Vornehmheit, Verfeinerung,
910 1809 2124 1865 habe, alles Gute und alles Schurkische zu begeben, das innerhalb
204 1822 905 1888 an sich hier unter weiblicher Anmuth
920 1860 2115 1922 seiner Fähigkeiten liegt. Das Alles ist Menschlichkeit, unser Aller
193 1870 904 1939 nders heraus. Und das Ganze ist in ein
904 1911 2115 1973 Erbtheil, das wir anzutreten haben, wir müssen uns „erbserklären“,
208 1915 893 1998 fnent getaucht, das gerade bei diesen
902 1959 2122 2015 wenn wir nicht unter die Enterbten geworfen sein wollen ... Darum
211 1965 891 2042 nach überaus „arischen“ Seelen und
916 2006 2127 2067 wird in diesem Stücke von dergleichen Dingen mit einer philosophischen
224 2013 897 2086 s stimmungswidrig und charakter¬
914 2058 2123 2128 Ungenirtheit gesprochen, wie über irgendwelche zoologische oder ethno¬
216 2054 896 2124 ja hart, das auszusprechen, und der
908 2105 2131 2167 graphische Thatsachen. Die Hauptszene des Stückes ist, wie der natür¬
204 2113 889 2186 ändnissen aus, aber wahr bleibt wahr:
913 2153 2124 2232 liche Vater dem natürlichen Sohne in aller, schon förmlich physiolo¬
209 2161 894 2234 n'sche Weiblichkeit darf nicht mit jeder
910 2197 2123 2280 gischen Ausführlichkeit das Liebesabenteuer mit seiner Mutter
208 2206 902 2281 Deutschland stört das weniger, weil
923 2250 2124 2317 erzählt. Wie er sie heimlich gewonnen und dann schmählich verlassen,
203 2262 904 2334 as es ist. Bei uns domizilirt man es
923 2298 2125 2365 so ganz von selbst, ein natürlicher Vorgang, ... und wie er sich
198 2308 901 2379 woes hingehört, und kann den ganzen
910 2350 2126 2410 nie glücklicher und freier gefühlt, als nach seiner Flucht, da er dieser
209 2356 903 2431 Ebenso geht es hier Herrn Emanuel
923 2410 2127 2464 Geliebten, die er doch geliebt, entronnen und von ihr nicht mehr ein¬
199 2403 898 2472 chen Schauspieler für trockene Sachen.
922 2450 2126 2514 zuholen war. Da Vater und Sohn beide der „Welt“ angehören, sei
208 2450 897 2522 pielt, die diesen Beigeschmack nicht ver¬
919 2513 2135 2565 ja gegen solche Aufrichtigkeit des Geständnisses nichts einzuwenden ...
208 2510 911 2577 Gesandten am Hofe Ludwig's XIV., der
924 2557 2126 2607 Nun, darin hat sich der Dichter verrechnet. Es gibt denn doch Pro¬
215 2552 906 2620 ich salomonischen Politik gelten dürfte.
916 2593 2136 2655 bleme, die sich nicht so rein mathematisch ausrechnen lassen. So ein junger
222 2607 897 2671 Künstler würden in einem Wiener
929 2643 2135 2709 Offizier, dem Jemand über seine angebetete Mutter solche empörende
205 2655 916 2730 z anders, das heißt nach ihrer Eigenart
918 2690 2134 2745 Enthüllungen machen wird, dürfte dem sauberen (allzu menschlichen)
205 2706 469 2776 echt gut thun.
923 2743 2132 2816 Herrn, der sich für seinen natürlichen Vater ausgibt, energisch den
222 2721 914 2825 sah man zum ersten Male Arthur
928 2792 2130 2854 Mund stopfen: „Sie gemeiner Kerl, ich will nichts hören! Ich mag
247 2797 911 2872 Schauspiel: „Der einsame Weg“.
927 2854 2129 2903 ihre Konfidenzen nicht! Meine Mutter ist mir heilig und Sie lügen,
230 2847 898 2920 der Beifall reichlich. Wesentlicher ist
918 2884 2127 2945 daß Sie mein Vater sind.“ (Ich empfehle dieses ausgezeichnete Motiv
206 2900 905 2974 gein aufmerksamen Publikums in das
928 2930 2134 2997 einem Nachfolger Schnitzler's.) Eventuell wird er ihm sogar ein paar
217 2945 908 3016 in der That anstrengende Stück, das
926 2986 2142 3048 jugendliche Ohrfeigen versetzen. Wenn sich jener Herr seiner Vater¬
219 3001 906 3068 d an die Aufnahmsfähigkeit Ansprüche
928 3036 2128 3095 schaft blos erinnert, um an einer Frau, die ihn einst beglückte, solche
207 3044 908 3119 bequeme Menge diese Zumuthung, sich
933 3090 2144 3149 haarsträubende Indiskretionen zu begehen, und zwar angesichts ihres
208 3098 916 3166 oder weniger ausartende Absichten zu
929 3132 2133 3207 Sohnes, so ist das schon unqualifizirbar, er ächtet sich selbst. Jeder
218 3142 921 3209 wiesen. Sie ist jetzt besser erzogen und
928 3178 2130 3245 gewöhnliche Gentleman ist in solchem Falle zur absoluten Diskretion
213 3195 916 3262 venn sie ein Dichter ins Vertrauen zieht.
921 3226 2142 3296 verpflichtet; in französischen Stücken gibt er sogar sein Ehrenwort
220 3240 914 3303 dem gesprochen wird, ist der Weg, den
926 3292 2130 3348 auf die Lüge und büßt es dann, oder auch nicht. Und hier erzählt der
218 3288 915 3359 es in ihren Alter gehen. Zwei solche
931 3335 2130 3404 Herr Papa dem Sohne, um ihn zu gewinnen (!), was ihn unver¬
215 3334 911 3402 llt, der brillante Maler Julian und der
930 3379 1781 3462 meidlich abstoßen muß und auch wirklich abstößt.
216 3390 913 3457 mmt nach Jahren genialer Zigeunerei
1032 3393 2139 3494 Das ist die Klippe, an der das Stück doch nicht vorbeikam.
236 3429 916 3507 Felix, der als Sohn eines braven
926 3461 2137 3542 Nicht in Berlin und nicht in Wien. Bei aller geistreichen Sorgfalt,
250 3489 911 3557 der Paternität anerkennen zu lassen.
229 3521 2132 3608 selt, nun möchte er ein warmes Plätzchen] mit der bei Schnitzler solche Dinge geführt und gefügt sind. die
2129 847 3343 947 Seelen förmlich zu Charpie zerzupft, die Verhältnisse und Sachlagen
2128 926 3344 985 gedreht und gewendet und beleuchtet und präparirt, bis diese Mög¬
2126 976 3339 1040 lichkeit scheinbar unvermeidlich herauskommt — bei all der Analyse
2139 1030 3348 1082 und Synthese bleibt die Situation unmöglich. So weit können
2142 1068 3341 1136 „Die beiden Klingsberg“ nicht Kriegskameraden der Galanterie
2132 1126 3348 1182 spielen. Im Leben kommt man nicht so dahinter, als angesichts der
2138 1166 3352 1225 beiden Männer von Fleisch und Bein, die ja auch Blut und Nerven
2140 1218 3344 1279 haben müssen. Und nun spielte auch noch Herr Reicher den
2148 1276 3343 1329 Vater und trug diese aufregende, aufwühlende Sache mit einer ver¬
2130 1327 3348 1380 ständigen Geschäftsmäßigkeit vor, die sie vollends unannehmbar
2128 1359 3346 1423 machte. Ohne die Spur eines fortreißenden Temperaments, eines
2134 1411 3355 1483 liebenswürdigen Teufelskerlthums, dem solche Siege und Geständnisse
2139 1460 3348 1513 allenfalls zuzutrauen wären, ohne einen Schatten jener unwider¬
2132 1509 3362 1573 stehlich sympathischen Mitterwurzerei, an die wir uns nur
2136 1559 3354 1621 allzu lebhaft noch erinnern. Und ebenso verstandesgemäß
2138 1607 3353 1676 spielte Frau Triesch die Johanna, dieses verfahrene
3012 1654 3360 1727 „fort“ ausdrückt,
2142 1662 3021 1723 Mädchen, dessen ganzes Wesen sich in dem Worte
2143 1706 3358 1760 bis sie schließlich aus dieser ganzen dummen Welt „fort“ geht. Auch
2136 1749 3361 1829 Johanna ist ein minutiös zubereitetes und dosirtes Wesen, dessen Ele¬
2142 1805 3360 1878 mente wie bei einem Rechenexempel stimmen. Auf dem Papiere
2130 1853 3362 1914 nämlich; auf der Bühne schon bedeutend weniger. Daß der Geliebte,
2128 1911 3360 1970 dem sie sich gibt, schwer herzleidend ist, gehört nothwendig dazu und
2135 1954 3360 2006 bedingt mit ihren nachträglichen Selbstmord. Sie kann es bei
2140 1992 3363 2066 Menschen nicht aushalten, die Mitleid bedürfen; schon ihrer Mutter
2142 2051 3357 2124 gegenüber, die im ersten Akt dem Tode entgegensieht, geht es ihr so.
2140 2098 3366 2159 Sie schlägt sogar Sala's Hand aus, die ihr angeboten wird, und stirbt
2151 2148 3355 2209 lieber. Es ist viel kunstvoll Gewolltes in diesen seelischen Arrange¬
2136 2198 3354 2266 ments, man hat den Eindruck von labyrinthischen Gefügen, in die man
2139 2252 3353 2306 von ungefähr einen Blick thun kann. Fast wäre weniger Logik er¬
2145 2285 3365 2358 wünschter, denn gerade daß Alles so vollkommen klappt und jede
2140 2350 3356 2402 seltsame Regung ihre ausdrücklichen Begründungsmomente hat, macht
2149 2389 3367 2457 den Eindruck von mechanischen Vorgängen, von einer Maschinerie,
2147 2445 3358 2506 hinter der ein dichterischer Zweckmensch steht. Ein Genuß war es, Herrn
2147 2488 3370 2554 Bassermann als Herrn v. Sala zu sehen. Dieser ausgezeichnete
2145 2534 3365 2600 Charakterdarsteller, heute einer der ersten in Deutschland, hat zwar
2147 2594 3358 2653 einen etwas engen Umkreis, in diesem aber ist er ein Meister. Das
2142 2637 3365 2706 sind säuerliche, bitterliche, skeptische, dekadente, mit allen Salben ge¬
2141 2686 3366 2748 schmierte und dem Verkommen verfallene Charaktere. Die Tragik
2142 2740 3372 2802 Derer, für die kein Kraut mehr gewachsen ist, bringt er mit absicht¬
2147 2785 3367 2858 lich knapp gefaßten Mitteln, in lapidarischen Andeutungen, und mit
2146 2831 3362 2891 einer lokal berlinischen Manier von sympathischer Pikanterie zur
2142 2889 3367 2953 Anschauung. Etwas von „Jarde“ und etwas Sentiment dazu, das
2154 2933 3363 2994 man aber zu verstecken trachtet, und Alles nur so mit dem Rande
2152 2983 3363 3042 der Lippen, aber innerlich ein Abgrund von Ausgehöhltheit, über die
2147 3032 3367 3093 nichts hinwegtröstet. Verzweiflung und Haltung, als Elemente einer
2150 3082 2616 3153 eigenen Art von Ironie.
2256 3128 3359 3193 Noch in einem anderen Schnitzler'schen Stücke, dem Einakter.
2157 3186 3357 3243 „Der Puppenspieler“, ist Herr Bassermann dieser feine Meister. Er
2157 3238 3364 3307 gibt darin einen heruntergekommenen Schriftsteller, der sich einredet,
2144 3274 3370 3350 er habe die Menschen wie Puppen an seinen Schnüren. Und der
2156 3336 3367 3392 Kragen seines Ueberziehers ist immer aufgeschlagen; offenbar hat er
2149 3375 3371 3436 keinen Hemdkragen darunter. Aber eigentlich ist er der Gewaltige,
2153 3423 3375 3486 nur ist's ihm nicht der Mühe werth. Solche Rollen sind Herrn
2158 3477 2845 3545 Bassermann auf den Leib geschrieben.
