3436 4256
266 303 1266 412 18. Der einsane Neg
1419 275 1883 374 box 23/3
1786 538 3080 634 Architekturwerken sagt, die nur durch das Aeußere, durch die Zweck¬
1802 587 3080 666 losigkeit einer entliehenen Schönheit blenden, die nur den
1819 630 3086 724 flüchtigen Beschauer ergötzen, in. denen sich aber nicht behaglich
1820 707 2070 789 weilen läßt.
1922 714 3075 803 Zuerst war Schnitzler ein französelnder Wiener. Sein.
1825 790 3088 862 Anatolismen amalgamierten immerhin Verwandtes. Aber in dem
1825 827 3091 901 Schauspiel, das gestern seine Wiener Première hatte — der Ort
1833 868 3084 953 der Handlung ist in der Nähe des Türkenschanzparkes — läßt
1832 937 3092 999 Schnitzler, der gewandte Puppenspieler, seine Figuren in der
1827 960 3091 1053 Sprache Ibsens sprechen und da zeigt es sich mit greller Deutlich¬
1832 1015 3088 1101 keit, daß sie gar keine eigene Seele haben, daß sie nur ein
1827 1057 3100 1166 Scheinleben führ a, das zu Ende ist, sobald der Vorhang zum
1839 1108 3016 1205 letztenmal fällt und die Theaterdiener die Lichter auslöschen.
1943 1150 3105 1242 Die böse Ibsen=Influenza! Elast hat die Heine=Nach¬
1834 1202 3108 1298 ahmung — es ist natürlich immer nur von den insektiösen Ge¬
1836 1259 3102 1350 fahren der Form die Rede — eine qualvolle Literatenseuche
1836 1296 3102 1380 herbeigeführt und nun können wir uns der Schwarmgeister nicht
1837 1346 3108 1425 erwehren, die um das hell leuchtende, aber für sie tödliche Licht
1837 1394 3104 1469 des großen Menschenbildners Ibsen schwirren. Es muß einem
1832 1447 3114 1525 herzlich und aufrichtig leid tun, unter den servilen Höflingen des
3019 1488 3108 1547 zu
1828 1485 3021 1572 dramatischen Imperators unserer Zeit selbst einen Schnitzler
1837 1564 3126 1628 sehen, der damit die schönsten der Hoffnungen zerstört, die sein
1844 1618 2533 1683 Auftreten zu erwecken gewußt hat.
1948 1620 3124 1714 Die Behauptung, daß er im „Einsamen Weg“ einen Zug
1842 1708 3111 1772 fremdartiger Masken durch den Wienerwald ziehen läßt, erweist sich
1845 1736 3119 1833 schon durch ein paar Zitate aus dem einleitenden Akt. Im kleinen
1842 1785 3116 1879 lieben Gärtchen der Villa, die sich Wegrath (Oskar Sauer), Maler
1854 1821 3124 1920 und Direktor der Kunstakademie, im Währinger Cottageviertel
1855 1882 3120 1971 draußen erbaut hat, verkehren nur Menschen, deren Psyche ge¬
1851 1933 3151 2027 brochene Flügel hat, die, weiß Gott warum, fast allesamt innere
1860 1973 3123 2059 Zusammenbrüche erlitten haben. Die Frau Wegraths ist zum
1862 2010 3131 2109 Sterben, ihr Sohn Felix, ein Ulanenleutnant, ist telegraphisch
1862 2073 3118 2150 nach Wien berufen worden und in dem einleitenden Gespräch,
1854 2117 3124 2204 das er mit seiner Schwester Johanna. einer späten Jungfrau“,
1863 2199 2192 2270 hat, sagt diese:
1966 2234 2883 2304 „Ich habe sie nicht mehr so lieb, seit sie krank ist.“
1984 2284 2479 2341 Felix (befremdet): Wie?
1987 2306 3127 2377 Johanna: Nein, es ist unmöglich, daß du das ganz ver¬
2828 2341 3127 2420 Es ist, wie
1860 2346 2799 2417 stehen kannst. Immer weiter rückt sie von uns ab..
1872 2391 2789 2478 wenn jeden Tag neue Schleier über sie herabsänken.
1991 2434 2886 2494 Felix Und was sollte das zu bedeuten haben?
1992 2480 2627 2558 Johanna (sieht ihn ruhig an).
1993 2528 2392 2583 Felix: Du glaubst
1992 2512 3138 2638 Johanna: Ich täusche mich nicht in diesen Dingen, das weißt
1868 2591 2089 2670 du, Felix.
1992 2620 2467 2690 Felix: Ich weiß es?
1992 2638 3143 2719 Johanna: Als die kleine Lilli von Sala strben mußte,
1873 2691 3147 2782 hab' ich es gewußt — bevor die anderen ahnten, daß sie krank würde.
1986 2726 3153 2814 Gelungener hat Otto Erich Hartleben in seiner bekannten
1879 2795 3158 2865 burschikosen Parodie den Ibsen=Dialekt nicht übertrieben. Herr von
1876 2833 3149 2935 Sala tritt auf, Schriftsteller, ebenso reich als herzleidend, will,
1875 2874 3151 2962 um die Zeit, die ihm noch gegönnt ist, recht auszuschlürfen, sich
1878 2927 3163 3015 einer Entdeckungsexpedition anschließen, die in Baktrien eine
1884 2991 3162 3060 verschüttete Riesenstadt bloßzulegen beabsichtigt. Eine Dialogprobe:
2007 3038 3160 3117 Sala (einfach): Johanna, haben Sie gewußt, daß ich Sie
1884 3093 2168 3162 damals sah?
2035 3109 2451 3185 Johanna: Wann?
1998 3140 3164 3218 Sala: Im vorigen Jahre, als Sie auf dem Layde wohnten
1895 3196 3156 3265 und ich einmal in der Mansarde übernachtete. Es war heller Mond¬
1892 3232 3002 3312 schein, und eine Elfe, glaub, ich, schwebte auf der Wiese umher.
2085 3285 2601 3341 ohanna (nickt lächelnd).
2008 3316 2606 3380 Sala: Schwebte sie für mich?
2016 3350 3159 3420 Johanna: Ich habe Sie wohl gesehen, wie Sie hinter dem
1892 3390 2225 3479 Vorhang standen.
2148 3399 3170 3498 a (nach einer kleinen Pause): So werden Sie vor anderen
1901 3484 2653 3537 Menschen wahrscheinlich doch nie tanzen?
2021 3487 3165 3574 Johanna: Warum? Ich habe wohl schon. Und Sie haben
2917 3536 3171 3592 Es war auf
1905 3546 2844 3616 mir auch damals zugesehen. Es ist freilich lange her.
1892 3590 3174 3641 einer griechischen Insel. Viele Männer standen im Kreise um mich her.
1963 3618 3172 3711 Sie waren unter ihnen, — und ich war eine Sklavin aus Lydien.
2019 3661 3162 3735 Die Rede kommt auf Fichtner, einen weltfahrenden Maler,
1903 3710 3178 3784 der einst ein Freund der Familie Wegrath war, als diese noch
1903 3763 3170 3833 bloß aus einem Ehepaar bestand. Er ist nämlich der Inkognito¬
1918 3812 3176 3885 vater des Erstgeborenen, des Felix. Frau Wegrath spricht über die
1912 3853 3172 3943 Affäre mit ihrem Hausarzt Dr. Reumann (Hans Marx), der ebenfalls
1919 3911 3175 3988 nicht ganz normal sein kann, da er diese Johanna heimlich liebt, sehr
1921 3952 3181 4030 gemütlich. Der Doktor erteilt ihr die Absolution: „Glücklich machen
1912 3999 3177 4076 ist besser, als schuldlos sein. Und da Ihnen das beschieden
1918 4053 3181 4114 war, haben Sie selbstverständlich alles gutgemacht . .. wenn Sie
2332 4092 3175 4179 phantastischer Albernheit gestatten.“ Und
1922 4117 2324 4183 ein Wort von so
1916 4142 3180 4219 später: „Wir wollen keine allgemeinen Sätze aufstellen, gnädige
