3484 4320
846 218 939 287 DS
1463 217 1917 323 box 23/5
304 219 1307 327 18. Der einnane Nen
589 1108 1419 1219 Sächsische Staatszeitung, Dreoden
773 1253 1156 1359 6. Apr 1920
648 1446 1431 1571 Kunst und Wissenschaft.
1448 1477 3251 1566 lunbegangenen Weg zum tiefsten Lebensgeheimnis tragischer Leidenschaft zeichnet Elsa Tiede¬
1479 1508 1738 1579 bahnen will.
2333 1530 3244 1598 [mann die Kassandrarolle der Johanna. Albert
1531 1572 3245 1650 Nur: die Rechnung stimmt nicht. Sein[Willi als schlicht=sympathischer Professor Wegrath
1470 1604 3249 1711 Lebensfaden wird nicht bis Ekbatana reichen. und Fritz Horrmann als gütig=überlegener,
763 1607 1307 1705 „Der einsame Weg“.
1481 1655 2348 1715 Und so setzt er freiwillig den Schlußstrich, folgt
2355 1674 3230 1740 leise selbstironischer Arzt geben Geist vom Geiste
1477 1698 2348 1760 der, die ihn zu sehr liebte, um über ihn hinaus¬
590 1677 1469 1781 Gastspiel Bassermann im Alberttheater.
2353 1711 3244 1778 Schnitzlers. Mehr innere Bedeutsamkeit, als Pauls
1473 1743 2023 1803 leben zu können, in den Tod.
2330 1751 3246 1831 [Verhoeven ihr zukommen ließ, verdient die
671 1740 1479 1823 Im „Einsamen Weg“ versucht Arthur
1535 1764 2350 1847 Wo ist nun das alles, was er auf seiner
582 1770 1473 1870 Schnitzler eine Art Überwindung=#
2353 1802 3117 1865 wichtige, zukunftweisende Gestalt des Felix.
1480 1809 2353 1897 reichen und einsamen Daseinsfahrt errungen?
579 1836 1477 1919 kralischen Lebensekels, des müde resignierenden
2948 1849 3251 1916 Max Adler
1475 1865 2350 1935 „Nicht weiter und nicht näher als jene marmor¬
585 1867 1470 1954 Pessimismus, dee sonst seinen Hauptgestalten die
1473 1922 2351 1985 nen Stufen, die in eine geheimnisvolle Tiefe
588 1942 1468 2008 seelische Signatur gibt. Ein junges Geschlecht
1473 1956 1629 2014 führen
1638 1965 2164 2020 .. Schleier über alles ...
2241 1959 2356 2024 Ihr
583 1972 1466 2052 wächst auf, abgewandt dem zärtlichen Kult einer
1481 1996 2360 2082 Sohn wird es vielleicht erfahren“, sagt er beim
585 2007 1467 2097 passiven und decadenten Geistigkeit, ein Geschlecht,
1470 2044 2355 2099 Abschied zum Maler Julian Fichtner, dem durch¬
581 2063 1480 2137 das zu Tat und Unmittelbarkeit drängt. Aber es
1472 2082 2374 2156 geistigten Genußmenschen und Egoisten, der, wie
588 2100 1475 2178 bleibt bei der Andeutung, beim Versuch. Be¬
1477 2140 2364 2199 er, ungebunden und einsam hatte durchs Leben
577 2154 1458 2218 herrschend ist hier, wie überall im Bereiche Schnitz¬
1475 2180 2359 2243 schreiten wollen (und dabei, wie er, seelisch
575 2184 1467 2262 lerscher Gestaltenschöpfung, der intellektualistisch
1470 2220 2356 2269 scheiterte), „Ihr Sohn wird es vielleicht erfahren,
575 2223 1466 2304 überspitzte Zyniker, der von der Gemeinschaft ab¬
1477 2274 2314 2330 ob es mit der dreihundertzwölften zu Ende ist —
574 2286 1465 2363 getriebene Mensch der Überkultur, der frierend
1476 2312 2346 2375 und wenn nicht, so wird es ihn wenig kümmern ..
574 2324 1465 2399 und einsam seinen Weg sucht: den Weg ins Nir¬
1470 2352 2365 2419 Es scheint mir überhaupt, daß jetzt wieder ein
576 2364 1462 2448 wana. Manchmal führt dieser Weg durch exoti¬
1476 2399 2351 2466 besseres Geschlecht heranwächst — mehr Haltung
583 2410 1464 2496 sches Gelände, manchmal durch trostlosen Alltag.
1477 2440 1840 2503 und weniger Geist.
1830 2440 2352 2526 — Grüß' Sie der Himmel,
579 2464 1058 2527 Das Ziel bleibt dasselbe.
1468 2484 1629 2543 Julian!“
615 2509 1471 2582 Stephan v. Sala ist einer der markantesten Bekenner
1526 2509 2348 2592 Für die richtige Tönung dieses vom Leben,
581 2554 1460 2632 zu jener ersteren, romantischen Gattung egoistischer
1462 2564 2348 2636 wie vom Schauspieler schwer zu behandelnden
580 2602 1454 2670 Wirklichkeitsflucht. Das Leben ist ihm ein lächer¬
1472 2619 2351 2680 Decadencetyp hat Albert Bassermann eine
570 2639 1460 2713 licher und unsauberer Aufenthalt, aus dem es
1462 2663 2343 2732 ungemein vielfältige Farbenskala — von welt¬
566 2690 1461 2759 nur ein Entrinnen gibt: Traum, Kunst, esoterisches
1472 2711 2344 2761 männischer Noblesse und Nonchalance bis zum
577 2733 1464 2805 Geheimnis. Ein vom Tode Überschatteter, sucht
1471 2750 2352 2803 nihilistischen Zynismus — auf seiner darstelleri¬
579 2781 1452 2845 er vor dem Sturz ins große Nichts, den ihm das
1470 2795 2353 2864 schen Palette. Wieder sehen wir einen ganz be¬
576 2820 1451 2892 Sterben bedeutet, noch ein letztes starkes und
1471 2841 2352 2891 stimmten, lebendigen Menschen leibhaftig vor uns
569 2859 1454 2940 fremdes Erleben. Eine Expedition nach Baktrien
1464 2887 2347 2940 wandeln: aber Rolle und Mensch kommen diesmal
575 2907 1459 2986 lockt ihn, wo man an der Stätte des alten Ekbatana
1457 2932 2343 2979 genauer zur Deckung als im Fall Bernick. Ebenso
561 2944 1456 3028 eine. Riesenstadt von der Ausdehnung Londons aus
1458 2976 2359 3034 scheint die Irene Herms das weibliche Gegenstück
559 2993 1465 3072 sechstausendjährigem Schlummer unter Schutt und
1469 3022 2350 3080 zu den einsam resignierenden Männern des Schau¬
561 3044 1454 3119 Staub aus Licht zu heben im Begriffe steht, mit
1456 3061 2346 3121 spiels — mehr auf der Linie der Darstellungs¬
566 3094 1454 3160 wunderbaren Malereien an den Saalwänden der
1453 3110 2350 3173 kunst Else Bassermanns zu liegen als
562 3135 1450 3206 Paläste und mit dreihundertzwölf marmornen
1457 3150 2303 3206 die Lona Hessel. Als Julian Fichtner
564 3157 1453 3252 Stufen, die in unbekannte Tiefen hinabführen: so
1458 3196 2367 3259 Otto Stoeckel der würdige Partner Basser¬
564 3209 1453 3286 recht ein Lebensabschluß für einen exklusiven
1456 3236 2347 3308 manns. Der Regisseur Stoeckel erzielte durch Zu¬
558 3258 2346 3345 Skeptiker, der keine Gemeinschaftsgefühle kennt, sammenziehung des Stücks auf vier Akte eine sehr
553 3317 2347 3388 der sich den eigenen, von gewöhnlichen Sterblichen erwünschte Straffung des Spiels. Mit gedämpfter
