3436 4384
1359 385 1819 471 box 23/5
752 401 921 460 1S ä
214 396 1219 474 18. Der Feg
1616 1496 2550 1558 unterrichteteren Zuschauer, den bösen Doppelsink
546 1463 1420 1574 finchener Neueste Nachrichten
1620 1533 2543 1591 nicht ahnen kann, wenn bei fallendem Vorhang ge¬
801 1549 1096 1624 München
1616 1569 2548 1637 äußert wird: das Wort Vater habe nun erst be¬
1623 1609 2083 1660 sondern Klang erlangt.
1294 1614 1526 1695 v Hutten
1647 1644 2552 1705 In den Beziehungen der einzelnen Personen zu.
1620 1691 2541 1730 einander herrscht eine gedämpfte Kultur der Aus¬
1605 1728 2547 1785 drucksweise, und sie ist es, die das undramatische
1610 1768 2300 1824 Ganze als Dialog zusammenhält.
811 1770 1465 1864 Der einsame Weg
1643 1814 2546 1869 Der tiefere Grund ihrer Unwirksamkeit ist wohl
787 1841 1452 1909 Schauspiel von Artur Schnitse
1609 1856 2542 1914 in einem Zuviel an seelischer Regie der Figuren
1614 1897 2548 1935 zu suchen, die dem Glaubhaften entgegensteht. Die
707 1895 1568 1967 Erste Aufführung in den Kammerspielen am
1613 1935 2545 1966 Leute inszenieren sich alle in ihrem Lebenskummer
992 1933 1307 1994 27. November
1611 1965 2550 2011 und wundern sich dann, wenn außer ihnen selbst.
719 1970 1597 2042 * Diese fünf Akte, die im Jahre 1904 erschienen
1613 2005 2543 2054 sie niemand tragisch nimmt. Die Schauspielerin¬
667 2031 1592 2083 find und denen nicht nur aus äußeren Gründen
1617 2052 2551 2097 Herms kann es mit ihrer Lustigkeit allein nicht
657 2068 1593 2131 in Bühnenerfolg versagt blieb, wirken zwar nicht
1618 2088 2547 2141 machen. Und doch wäre es wie Erlösung, so ihr
666 2095 1590 2153 so gegltert wie manches von Schnitzler. Aber sie
1617 2127 2552 2164 einmal etwa Herrn v. Sala, dem müden Le¬
678 2138 1594 2193 laßen kühl, weil die Psychologie dieser Figuren,
1610 2164 2541 2200 benskünstler gegenüber, der innerlich verbraucht
677 2185 1596 2232 in dem Abstand, den man heute zu ihnen gefun¬
1614 2191 2548 2241 ist, und sich darum für einen Philosophen hält, so
665 2203 1585 2263 den, keineswegs unbefangen erscheint, sondern aus
1615 2239 2552 2289 ihr einmal bei seinen faden Anmerkungen ein ge¬
653 2256 1585 2308 der Perspektive einer Sentimentalität gesehen, die
1607 2277 2314 2327 sundes „Wenn schon!“ herausführe.
667 2293 1586 2345 man als Ganzes nicht mehr schätzt. Nicht bleibt
1636 2328 2549 2379 Die Darstellung hub unter Herrn Falkenbergs
679 2328 1593 2387 die Summe emsiger Kleinarbeit zu verkennen, die
1610 2372 2554 2419 Regie mit Versprechungen an. Ziegels Herr von
660 2369 1591 2421 Schnitzler an dieses Werk gewendet, ja es scheint
1612 2403 2551 2459 Sala war eine Figur von Haltung und Geschmack,
673 2409 1594 2463 mit jeder Energie eine Stimmung gewollt, die als
1604 2436 2546 2488 der man drei Akte lang glaubte, was sie sagte.
666 2448 1591 2491 #tmosphärischer Druck von Müdigkeit lastend dar¬
1605 2480 2557 2523 Die sonderb##e Johanna wurde von Frau Horwitz
667 2485 1591 2529 über liegt und fühlbar herbeigeführt wird. Und
1612 2518 2552 2562 in einen einprägsamen Umriß eingefangen.
662 2520 1598 2578 sie greift über auf die Figuren und teilt sich zuletzt
1610 2554 2546 2598 Schattenhaft echt ward alles gebracht, was in der
672 2576 1589 2616 dem Zuschauer mit, aber ohne ihn zur Anteil¬
670 2603 1593 2668 nahme an dem Schicksal dieler Leute zu nötigen.
1606 2643 2541 2683 zeichneten als Vater und Sohn ein paar Männer¬
707 2638 1599 2697 Da ist der Maler Fichtner, der einmal ein Ta¬
1609 2673 2537 2713 typen, die frei von Theatralik blieben. Fräulein
658 2678 1598 2722 lent gewesen, auch dem Leben gegenüber. Aber
1611 2713 2546 2757 Reiter (Irene Herms) sprach mit Laune dankens¬
660 2731 1588 2771 nun wird er tiefsinnig darüber, daß sein dreiund¬
1606 2751 2536 2797 werte Worte der Ermunterung. In den Episoden
661 2760 1592 2808 zwangzigjähriger Sohn Felix noch immer nicht in
1611 2791 2535 2838 des Ehepaars Wegrath und des Arztes Neumann
654 2804 1585 2849 Fichtner, sondern in dem Akademiedirektor Weg¬
1605 2827 2541 2878 stitzten Frau Prasch=Grevenberg, Herr Marx und
658 2833 1589 2881 rath den Vater verehrt. Wegrath besitzt eine Toch¬
1611 2868 2539 2916 Herr Marle das Niveau der Aufführung, um die
653 2881 1590 2925 ter, deren geistige Konstitution zu aparten Er¬
1607 2905 2537 2955 Leo Pasetti mit sicherem Geschmack den dekorativen
669 2911 1590 2950 lebnissen neigt, und die eine romanhafte Aus¬
1612 2940 1946 2997 Rahmen gezogen.
668 2951 1586 3009 drucksweise bevorzugt. So erscheint sie wie be¬
1647 2965 2540 3031 Späterhin, vom dritten Akt an, war das Tempo
658 2988 1584 3039 rufen, dem andern müden Herrn des Stückes,
1611 3021 2542 3069 nicht zu billigen. Es heißt die Schwächen eines
660 3030 1595 3077 einem ausgebrannten Egoisten und Dichter, die
1615 3058 2538 3107 solchen Stückes bis zum Grund enthüllen, wenn
653 3069 1589 3117 letzten Meilen seines einsamen Lebensweges zu
1620 3093 2549 3148 man vier Stunden zu seiner darstellerischen Be¬
656 3102 1581 3148 übergolden. Ein so braver, anständiger Mann
1606 3135 2555 3184 wältigung benötigt. So flaute, dadurch mit ver¬
663 3150 1589 3191 wie der Akademiedirektor Wegrath muß es schließ¬
1608 3173 2535 3223 ursacht, der ohnedies magere Beifall merklich ab,
657 3181 1590 3217 lich noch erleben daß Johanna den für sie not¬
1600 3204 2544 3276 und man ging zuletzt kaum ohne den üblichen Bei¬
662 3218 1595 3270 wendigen Lebensabschluß im Teich des Freundes
1606 3251 2351 3295 fall für die Darsteller aus dem Hause.
655 3264 1594 3308 findet. Es erscheint nur wie ein Ausgleich, wenn
662 3296 1593 3347 ihm gegenüber der alternde Junggeselle und Ge¬
2135 3282 2514 3366 Richard Elchinger
655 3331 1597 3381 nießer Fichtner sich in dem Effekt getäuscht sieht,
650 3371 1590 3418 den er für den Rest des Lebens von der Mittei¬
646 3409 1602 3460 Aung an den Leutnant Wegrath erhoffte, daß er
664 3450 1596 3496 idessen Vater sei und nicht der Professor. Dies
661 3488 1602 3544 streibt vielmehr den sympathischen Offizier völlig
653 3526 1592 3583 sin die Arme des Greises, der allerdings bis ins
659 3539 1618 3638 Einale genarrt bleibt. Und, im Gegegensatz zum
