3392 4256
1408 213 1891 337 box 23/5
252 223 1280 344 18. Der einsane Neg
543 1068 842 1197 Tid var 1/0,
590 1117 1181 1218 De samiede Resultater .
1286 1156 1524 1270 A.B.S
542 1193 1053 1294 ningerne i Dag blev:
1322 1212 1902 1313 teret en gladelig Overiur.
985 1230 1318 1320 1-Mandsbaade:
590 1261 972 1330 Slutheat for
547 1272 2215 1366 Australien 7,11, Amerika, Englandvore elleve tilfejede Leicester et Ne-Skein
1301 1295 3353 1414 derlog i Endagskampen. Begyndel-ved c. i. #.. „eu Klumpspil Michael (55), Gudme Ha
549 1351 842 1431 og Holland.
579 1423 3353 1478 Slutheat for Toere uden Styr-jsen var ellers ikke videre lovendebenytter v. i. Trolschinski Leilighe-Enrico Larsen (25). Odds
2020 1530 3343 1629 ter eller feler, om dens Puls slaar skere i Paris var Gestesn
554 1547 1227 1650 Soc.-Dem.s Kronik 11.—8.—28.
2802 1616 3347 1689 synligt en sjelden og ma
2047 1611 2797 1710 lidt hurtigere eller lidt langsommere.
2790 1655 3342 1757 ateroplevelse, gefundenes
2075 1674 2802 1752 Men saa meget er ialfald givet, at
2795 1718 3340 1809 Forresten optraadte de d
2041 1734 2804 1818 de tyske Skuespillere, ganske neg¬
674 1641 2000 1831 Teater-Oplevelser 1 Paris.
2801 1782 3350 1861 stort et Antal, at de paa #
2052 1776 2796 1870 ternt set, modtoges uden mindste
830 1795 1974 1906 Af cand. mag. Niels Th. Thomsen
2044 1833 3342 1930 Animositet. Den Aften, jeg saa’ Fo-de kunde prage Tilskuer
592 1901 2054 1970 Den ferste Teaterforestilling, jeg, Kendsgerningen nermest velgeren¬
2801 1899 2937 1982 ning.
2048 1904 2799 1987 restillingen, var der godt Hus, af¬
541 1924 2048 2035 har overvaret 1 Paris dennegang,I de; er der maaske alligevel lidt
2053 1956 2821 2039 gjort Interesse og javnt Bifald, som
557 2022 2046 2092 var ejendommeligt nok tusk helt Sandhed i de smukke Fraser om
2826 1984 3347 2100 Naar man lige havde ond
2047 2007 2811 2120 kulminerede i en Del Fremkaldelser
554 2064 2057 2147 igennem: Et tysk Ensemble, der Kunsten og Kulturen, der slaar Bro
2789 2066 3342 2157 l#ske Kunstneres stüfer
2057 2081 2253 2170 til Slut.
544 2123 2058 2210 spillede paa Tysk i et tysk eller dog #mellem Nationern:? Er det ikke
2073 2122 3350 2194 Jeg skal ievrigt ikke gaa i An-var det dobbelt interessan
553 2210 3302 2253 estrigsk Stykke: Arthur Schnitzlers ILegn altsammen? Det er da ialfald melder-Detailler. Schnitzlers klassi- fransk Stykke, Jean
548 2245 1024 2335 Der einsame Wege.
2794 2244 3336 2331 „Siegfriedt, som heit og
1270 2252 2809 2347 ganske tiltalende, at mens Englen-Iske 4 Akts Skuespil, der merkeligt
567 2301 3351 2402 Det var af en egen Virkning at se derne spiller deres kire Galsworthylnok aldrig har fristet en koben-baseret paa Modstetninger
546 2361 1310 2442 det gamle Pariserteater Gymnase
1309 2370 3330 2460 ovre paa Odéon, staar samtidigt Ty-havnsk Scene, fik en udmarket Ud-fransk og tysk Kultur,
540 2425 1307 2499 oppe paa Boulevard Bonne-Nouvelle
1307 2415 3341 2496 skerne paa en fransk Scene her midt ferelse; Bassermann, som Kobenhav- Mentalltet, og som alen
541 2476 1309 2570 okkuperet af Tyskerne. Mig paavir¬
1306 2487 2049 2565 i Seinestadens Hjerte; et af de erig¬
2785 2479 3348 2580 Grund vanskeligt kunde om
2039 2495 2802 2572 nerne kender fra en vellykket Geste¬
534 2540 1304 2629 kede det 1 ferste Ojeblik forbleffen¬
1308 2551 2054 2622 hret gode gamle Pariserteatre, hvor
2791 2545 3288 2626 en skandinavisk Scene.
2043 2532 2813 2626 optraden paa Casino, var det natur¬
540 2594 1300 2678 de. Sé Lysreklamen, der blinker midt
1301 2588 3338 2685 f. 1 ks. Henry Bernstein har haft si-lige Midtpunit, til Trods for, at han] Denne Fireakter, der er
540 2664 1307 2731 1 Boulevard-Mylret; sé den tyske Ti¬
1308 2659 1808 2744 ne to sidste Premièrer.
2037 2657 3352 2754 forekom mig at have faaet en Del tisering af Forfatterens Ro
553 2714 1310 2793 tel, paa Plakaten, naturligvis oversat:
1327 2714 2060 2796 Jeg vil ikke paastaa, at dette ty¬
2037 2711 3346 2798 Unstur i sin Diktion. Publikumfried et le Limousine, er te
540 2770 1304 2867 - Le chemin solitaire-,-Den ensomme
1299 2772 2060 2872 ske Gestespil af virkelige ferste¬
2037 2773 3352 2874 fulgte forbavsende godt med, hvad riterende og lider under 1
559 2827 1299 2915 Veje. Jeg gaar op ad de slidte Sten¬
1305 2832 2058 2914 rangs Krafter var Bjeblikkets Sen¬
2039 2833 3345 2930 der fren gik af Bifald paa de rigtige de Fejl. Det prages kraf
549 2898 1299 2961 trin og leser Navnene paa de tyske
1295 2898 2045 2981 sation i Paris. lige saa lidt som
2052 2891 2799 2986 Steder-; Skuespillet greb ved ein
2778 2897 3351 2991 sidst af baade ydre og ind
535 2939 1308 3046 Kunstnere — med Albert Basser¬
1304 2955 2054 3042 Udstillingen af aldre dansk Maler¬
2782 2960 3355 3054 synligheder. Lad det ver
2054 2963 2794 3046 smukke Menneskelighed, men virke¬
533 2993 1297 3100 mann, Else Bassermann og den nyde¬
1299 3011 2056 3090 kunst i Tuilerihaven er det, om det
2054 3019 3346 3104 de serueles dystert og pessimistisk sige, at hvis en saaret #
541 3069 1305 3148 lige Käthe Haack i Spidsen. Er et
1302 3076 2052 3163 end er et stolt Syn at se Dannebrog
2041 3087 3346 3168 paa Pariseren, selv om det dog er ad-komplet havde mistet Hu#
530 3131 2054 3203 saadant Gestespil virkelig muligt saal vaje paa selve Concorde-Pladsen. Pa¬
2043 3147 3341 3234 skillige Grader mildere end Strind-virkelig var gaaet hen og
529 3186 1034 3274 kort Tid efter Krigen?
1277 3185 2048 3278 ris er en saa verldig Organisme, at
2044 3212 3346 3288 bergs -Dededansene, som Reumert-fremragende tysk Statsi
535 3273 3344 3359 Da jeg har sundet mig lidt. virker man som Udleending knapt nok at-lige havde spillet paa Odéon. For Ty-Istod i Begreb med at give
2894 3357 3339 3546 Ja. 4#
2201 3344 2732 3578 I5 2'
