3484 4256
311 156 1286 241 18. Der einsane Neg
1458 143 1918 226 box 23/3
2627 -3 2704 51 1
2349 19 3047 99 Wien, I., Concordiaplatz 4.
2531 81 2842 141 Vertretungen
2136 115 3217 195 in Berlin, Basel, Budapest, Chicago, Cleveland, Christiania,
2133 166 3218 232 Genf, Kopenhagen, London, Madrid, Mailand, Minneapolis,
2125 210 3221 278 New-Vork, Paris, Rom, San Francisco, Stockholm, St. Peters¬
2531 249 2821 304 burg, Toronto.
2452 288 2886 351 (Quellenangabe ohne Gewähr.
2123 305 3101 497 Auschäfuitor Bürsoneourier
2123 440 2300 498 vom:
2293 445 2628 551 80011906
2561 505 2594 552 1
2232 586 3122 651 Unser Wiener Korrespondent schreibt uns:
2240 638 3210 689 Die Frühlingskunst, um nicht zu sagen der Kunst¬
2180 666 3206 748 frühling, welchen wir nun schon seit einer Reihe von
2188 720 3212 780 Jahren hauptsächlich dem verdienstvollen Wirken des
2189 749 3209 809 Berliner „Lessing=Theaters“ zu danken
2177 790 3223 859 haben, hat auch in diesem Mai wieder all seinen
2179 829 3217 897 Reiz entfaltet. Man hat Herrn Dr. Brahm be¬
2183 870 3221 935 sonderen Dank dafür gewußt, daß er in so trefflicher,
2187 915 3208 978 den Absichten des heimgegangenen Dichters so fein¬
2193 955 3211 1027 sinnig nachspürender Weise die köstlichen Perlen von
2184 990 3226 1058 Ibsens Dichtkunst dargeboten und nach dem Tode
2195 1041 3221 1116 des großen nordischen Magus nicht allein eine von
2198 1069 3228 1142 echtet Pietät getragene Gedächtnisfeier veranstaltete,
2201 1118 3226 1189 sondern auch soweit die vorhandene Zeit reichte, eine
2198 1156 3232 1227 Art zyklische Aufführung Ibsenscher Werke brachte.
2195 1205 3230 1262 Die fein abgestimmten Aufführungen, die Regie,
2195 1262 3233 1316 welche sich in allem an den Kern der Dichtung halt,
2196 1283 3238 1348 und Aeußerlichkeiten nur gerade jene Konzessionen
2200 1321 3234 1397 macht, die unbedingt notwendig sind, hat die
2196 1373 2790 1438 wärmste Würdigung gefunden.
2265 1391 3236 1472 Den Neuheiten, die uns diesmal das Gastspiel
2197 1438 3248 1506 des Lessing=Theaters vermittelie, war das Glück
2194 1489 3236 1565 nicht sonderlich hold. Arthur Schnitzlers Schauspiel
2196 1524 3242 1605 „Der einsame Weg hat auch hier nicht
2199 1561 3236 1634 tiefer zu packen vermocht. Schnitzler hat offenbar
2198 1614 3238 1670 einen Roman oder doch eine Novelle schreiben wollen,
2207 1660 3239 1732 die er vielleicht später dramatisiert hätte, hat aber
2201 1686 3249 1766 auf dem einsamen Weg zum Roman halt gemacht
2213 1732 3239 1799 und, wohl um sich die doppelte Arbeit zu ersparen,
2893 1769 3236 1830 das Werk halb
2215 1781 2777 1849 das Drama geschrieben.
2383 1799 3248 1871 halb dramatisch, halb Roman, halb
2206 1828 2345 1886 episch,
2926 1855 3232 1912 wichtige Mo¬
2218 1867 2900 1927 Bühnenstück. So fehlen auch
2856 1896 3242 1952 wird gezwungen,
2219 1900 2855 1974 tivierungen und der Zuhörer
2541 1934 3244 1996 anscheinend nebensächlichste Detail
2218 1950 2535 2007 auch auf das
2222 1974 3239 2045 mit förmlich angehaltenem Atem zu achten.
2218 2015 3242 2086 Arthur Schnitzler hatte in Frau Irene Triesch,
2216 2055 3253 2113 den Herren Bassermann, Sauer und Reicher¬
2220 2106 3251 2170 ausgezeichnete Anwälte. Ihnen gesellte sich in der
2219 2135 3251 2200 allerdings nur so nebenher in die Handlung ein¬
2234 2176 3248 2260 greifenden Rolle der Schauspielerin Frau Elie. Lah##
2231 2224 3245 2295 mgunzu, die die hellen Sonnenstrahlen—ihres
2234 2255 3247 2328 Humors und Gemüts über die Düsterkeit dieses
2234 2304 3259 2370 Lebensbildes gleiten ließ. Freilich hat der Wiener
2242 2371 3262 2452 Schauspielerin, dem bald lustigen, bald traurche#
2242 2431 3283 2503 Mädel, welches Frau Lehmann verkörperte, just die
2241 2483 3263 2539 wienerische Note gefehlt. In der trefflichen,
2236 2504 3265 2574 die feinste Faser des Herzens bloßlegenden
2244 2548 3060 2612 Darstellung durch Frau Lehmann f
3092 2562 3261 2615 dieser
2247 2602 3260 2646 Mangel jedoch nicht so auf, wie bei Herrn Emanuel
2244 2645 3259 2695 [Reicher, so verständig und nobel er den ver¬
2241 2668 3259 2738 einsamten Vater auch spielte, der Mangel an Liebens¬
2236 2720 3269 2773 würdigkeit, an dem, was es begreiflich erscheinen
2234 2761 3271 2818 lassen muß, daß er den Frauen so gefährlich wurde.
2304 2805 3268 2854 Vollends einem Rätsel gegenüber befand sich das!
2248 2832 3269 2905 Publikum bei Gerhart Hauptmanns „Und Pippa
2248 2884 2427 2935 tanzt“
2464 2882 3273 2928 Wenn nur die Vorgänge in diesen
2246 2906 2724 2981 Glashütten märchen
2778 2916 3269 2995 durchsichtiger gewesen
2239 2957 2446 3014 wären!
3115 2960 3272 3020 welche
2731 2958 2971 3017 daß auch
2553 2966 2727 3025 glastbe,
2243 2983 3334 3072 in des Dichters Lande, in das Riesengebirge gegangense#
2242 3049 3266 3092 wären, nicht im mindesten den Dichter zu verstehen
2246 3088 3272 3153 vermocht hätten. Am stärksten verblüfft hat wohl die
2243 3129 3263 3182 Erscheinung des faustischen Wundermannes. Dagegen
2231 3178 3260 3227 muteten die so lebendig veranschaulichten Szenen im
2243 3208 3259 3264 Wirtshaus und die ein wenig an Peer Gynt er¬
2231 3245 3260 3311 innernde Szene in der Baude des alten Huhn außer¬
2226 3293 3252 3344 ordentlich an, zumal in der jugendfrischen Ver¬
2234 3321 3260 3377 körperung durch Herrn Grunwald und Fräulein!
2403 3383 2438 3426 f.
2458 3382 3253 3431 Die unheimlich=echte, später erschütternbe
2223 3412 3252 3475 Gestaltung des Huhn durch Rudolf Rittner
2233 3451 2829 3511 kennen Sie ja von Berlin her.
2281 3491 3260 3552 Wenn Hauptmann fortfährt, in Mystizismus
2225 3539 3260 3593 zu arbeiten und Werke mit Ausschluß der Klarheit!
2223 3577 3265 3638 zu schreiben, so wird er sich nicht wundern dürfen,
2232 3623 3256 3663 wenn auch das Hauptmann so sehr zugetane Wiener
2221 3656 3252 3715 Publikum, welches in dem Schöpfer von „Hannele
2228 3700 3250 3754 Matterns Himmelfahrt“ und der versunkenen Glocke“
2220 3722 3251 3802 einen Dichter von überwältigender poetischer Kraft
2221 3785 3247 3832 verehrt, für seine Dramen kein — Verstärdnis mehn
2229 3819 2349 3889 zeigt.
3041 3820 3198 3878 S. L.
