3484 4320
810 107 2072 169 Weneie nichl. runt ei gre de 1i deie Seilig iesen Mie e 1e e e 1
803 164 2087 228 das Interesse auf eine einzige Gestalt zu konzentrieren. Er führte noch
810 212 2088 264 eine zweite ins Treffen, und er zersplitterte so die Handlung und damit
808 260 2108 317 Die Teilnahme der Hörer. Weniger wäre auch hier mehr gewesen! Diese
804 311 2086 360 eine Gestalt ist der Maler Julian Fichtner. Als ein ruheloser Genuß¬
803 354 2107 434 meusch ist er durchs Leben gestürmt, seine Jugend, seine Mannesjahre
810 412 2100 474 sinv ihm in einem Rausch von Zärtlichkeit und Leidenschaft, „ja von
802 462 2094 515 Macht“ verflossen, und die Blumen der Liebe hat er nur gepflückt, um
810 507 2104 576 sie dann achtlos fortzuwerfen. Auch an seinem Freunde Wegrath hat er
814 553 2109 616 einen Verrat begangen; wenige Wochen vor der Vermählung hat er ihm
803 614 2095 676 die Braut verführt. Wohl hatten die Sündigen die gemeinsame Flucht
811 667 2096 720 verabredet; aber in letzter Stunde hat er erkannt, welche Last er dann
807 709 2091 773 mit auf seinen Lebensweg werde schleppen müssen, und in der Sehn¬
816 759 2104 819 sucht, sein Dasein in froher Ungebundenheit weiterzuführen, läßt er die
804 809 2097 873 Verführte vergebens harren und flieht in die Ferne hinaus. So wird
800 860 2110 918 sie die Gattin des getäuschten Freundes, das Kind Fichtners unter dem
805 914 2104 982 Herzen. Niemand ahnt den ungeheuren Betrug, selbst dann nicht, als
805 953 2112 1005 Fichtner zehn Jahre später das Haus des Freundes wieder aufsucht.
809 1012 2111 1077 In Freundschaft bleibi er den Eltern wie den Kindern verbunden. Da,
805 1054 2116 1127 nach weiteren dreizehn Jahren, kehrt er nach einem unsteten Wanderleben
816 1107 2110 1169 wieder heim, er hört, daß die Mutter seines Sohnes gestorben, und
808 1160 2116 1231 nun regt sich in ihm, dem völlig Vereinsamten, das Begehren, diesen Sohn
818 1213 2112 1261 auch ganz besitzen zu dürfen. Wenigstens den Rest seines Lebens will
806 1261 2108 1314 er nicht mehr in öder Verlassenheit gehen, und so sucht er, den Sohn an
804 1293 2115 1384 sich zu fesseln. Aber, erschreckt durch den Betrug, der hier begangen,
804 1355 2110 1416 durch die Lüge, die hier ins Ewige gezogen ist, wendet sich dieser von ihm.
810 1398 2120 1471 und der einst so kaltherzige Egoist muß nun erkennen, daß ihm seine!
804 1451 2116 1501 Selbstsucht zum Verhängnis geworden ist, daß er schmerzvoll und allein
810 1500 2117 1560 ifortan seine Straße ziehen muß.: Neben diese Gestalt hat Schnitzler eine
814 1556 2116 1627 zweite gestellt, die wohl die gleichen Anschauungen vertritt, nur in edlerer,
814 1602 2109 1671 künsilerisch stilisierter Auffassung, den Dichter Stephan von Sala. Es
816 1663 2123 1730 ist der Typus jenes Jungwienertums, das spielerisch von allen Freuden des
806 1707 2121 1778 Lebens schlürft, und doch über alle seine Tiefen anteillos hinweggleitet,
816 1769 2127 1829 getreu jener Doktrin, die ihr großer Meister Nietzsche aufgestellt hat: „Nicht
804 1813 2120 1860 an einer Person hängen bleiben, und sei sie die geliebteste — jede Person
814 1858 2117 1924 äst ein Gefängnis — oder ein Winkel.“ Auch dieser Lebenskünstler scheitert
805 1909 2120 1976 mit seiner Theorie, wenn er es sich auch selbst nicht voll eingestehen
805 1955 2112 2019 will. Auch er muß in letzter Stunde, da ein liebendes, hochherziges
805 2009 2108 2068 Mädchen um seinetwillen in den Tod geht, erkennen, daß er ein liebeleeres,
818 2064 2108 2140 Dasein geführt bat. „Anderen mögen unsere Torheiten, sagt er, unsere
805 2106 2125 2183 Niederträchtigkeiten verborgen bleiben, uns selber nie. In unseren tiefsten
805 2167 2116 2231 Seelen wissen wir immer, woran wir mit uns sind“. Auch dieses
813 2204 2115 2268 Mädchen, Johanna, die Tochter des betrogenen Gatten, ist eine reizvolle
809 2265 2111 2307 und interessant gestaltete Erscheinung. Mächtiger wie in Anderer Seele
803 2302 2123 2378 lebt in ihr der Drang, der nach Faust uns allen eingeboren ist, der
810 2367 2121 2437 Drang in die Ferne. In rätselhafte Weiten begehrt sie hinaus, von
809 2424 2114 2487 allen Lebensstürmen möchte sie sich treiben lassen, und sie freut sich
813 2465 2112 2533 arauf, später einmal vor sich selbst erschauern zu müssen. Dazu eine
809 2512 2112 2597 shellseherische Gabe, den nahen Tod zu erkennen, und ein stürmendes
809 2559 2114 2625 Temperament. So flattert sie dem selbstsüchtigen Aestheten als eine
809 2617 2109 2696 willkommene Beute in die Arme. Und sie geht ins
802 2660 2107 2734 Wasser, als sie erkennt, daß er, der unheilbar Herz¬
814 2719 2103 2783 kranke, ein verlorener Mann ist. — Die übrigen Gestalten
811 2767 2116 2841 sind farbloser; aber sie sind trotzdem sicher und scharf gezeichnet. Da ist
807 2828 2119 2889 der Sohn, ein Offizier, voll warmer, jugendfrischer Herzensregungen, der
798 2865 2103 2928 Vater, ein pflichttreuer, nur den Seinen lebender „Kunstbeamter", und
800 2919 2079 2984 endlich der moralkorrekte Arzt, der eine stille Liebe für Johanna birgt. —
798 2966 2101 3022 Als eine heitere Episode erscheint eine Schauspielerin, die auch zu Fichtner
803 3018 2123 3072 einst in Beziehungen gestanden und die nun halb schmerzliche, halb drollige
805 3049 2107 3129 Reminiscenzen feiert. Die Frucht dieser Liebe, ein Kind, hat sie sich
802 3110 2108 3161 verscherzt und sie krankt, gleich ihrem einstigen Geliebten, jetzt an
805 3145 1120 3223 der Sehnsucht
1116 3152 2107 3223 nach dem Kinde. Aber als die markantesten
796 3199 1125 3271 Figuren ragen
1128 3213 2101 3266 eben jene beiden Verfechter des selbstherrlichen
809 3264 2104 3325 Lebensgenusses hervor. Und diese Duplizität der Typen, deren
812 3306 2116 3380 Schicksale doch so sehr verschieden sind, daß sie eigentlich den Stoff für
811 3353 2112 3408 zwei Dramen geben, scheint mir, wie ich oben schon andeutete, der Haupt¬
811 3400 2111 3465 ffehler des Werkes. Und noch ein Leitmotiv klingt mit, das so vielen der
801 3455 2101 3506 Schnitzlerschen Gebilden eigen: die These, daß eine verhüllende Lüge der
805 3501 2107 3561 erbarmungslosen Wahrheit vorzuziehen sei, für die das treffendste Wort
795 3550 2105 3611 Schiller geprägt hat: „Nur der Irrtum ist das Leben und das Wissen ist
800 3600 2110 3643 der Tod.“ — Das Werk stelli die Schauspieler wie die Regie vor eine
796 3636 2102 3694 überaus schwere Aufgabe. Am besten löste sie Frl. Mayer, die für die
800 3693 2107 3741 alternde, in wehmütigen Erinnerungen schwelgende Schauspielerin vor¬
806 3740 2098 3796 züglich jenen Ton traf, der eigentlich allen andern Darstellern fehlte: die
802 3791 2101 3852 Wienerische Note. Herr Wendt gab den schöngeistigen Egoisten Sala
795 3831 2100 3890 mit seinem Verständnis und weltmännischer Gewandtheit — nur den
795 3883 2099 3953 Hauch leiser Melancholie, der über der Figut liegt, ließ er ein wenig
802 3945 2106 4007 vermissen. Prächtig war Herr Botz als Fichtner in den ersten Akten;
792 3982 2108 4028 iin den beiden letzten hätte der Schmerz um den fortstrebenden Sohn eine
798 4028 2106 4084 sstärlere Beionung vertragen. Den jungen Offizier selbst spielte
798 4073 2116 4148 Herr =Bernau mit vornehmer Wärme. Dem philiströsen Professor,
