3484 4384
1080 372 1159 433 W
277 378 1267 484 18. Dereinsan8
1406 340 1879 450 box 23/5
2054 219 3128 317 „Tatsache in Antennints gelasen worden. —
2048 260 3216 342 vertraut dies in ihrer letzten Krantheit dem Arztes ?
2059 314 3145 391 an, der neben seinem Berufe auch als Beichtvater
2049 377 3150 444 wirken muß. Dann die Tochter, die sich in Traum¬
2058 421 3144 494 gesichtern in einer längst vergangenen Zeit sieht,
2053 463 3227 539 über deren Seelenleben ein mystischer Schleier ge¬ in
2058 513 3226 593 breitet ist, die den Wunsch hat, seelische Erregungen in
2068 561 3231 646 auszukosten. Der Sohn, der erst nach dem Todesm
2060 596 3226 698 seiner Mutter erfährt, daß Julian Fichtner seins#
2070 655 3169 733 Vater ist, ist sympathisch gezeichnet; denn er stellt
2067 687 3221 788 sich nicht zu dem, der zufällig sein Vater ist, sondern #
2074 734 3220 846 zu Wegrath, dem er sein ganzes Sein, seinen Lebens/!
2069 794 3180 884 beruf und seine innere Tüchtigkeit verdankt. Julian
2074 874 3166 931 Fichtner hat damals vor 23 Jahren die Frau schnö¬
2072 906 3163 973 de verlassen, um seine Freiheit nicht zu verlieren,
2074 950 3168 1027 hat erst 10 Jahre später erfahren, daß Felir sein
2079 1004 3164 1081 Sohn ist. Erst jetzt empfindet er späte Liebe zu sei¬
2087 1044 3169 1122 nem Kinde, will es von der Familie losreißer
2088 1076 3168 1168 sieht sich aber in seinen Hoffnungen getäuscht; auch
2085 1148 3178 1226 sein Sehnen ist unstilllar. In der ansprechenden Ge¬
2091 1191 3171 1274 stalt des Herrn von Sala kann Schnitzler seinen
2083 1241 3177 1323 ärztlichen Beruf nicht verleugnen, denn er stattet ihn
2089 1287 3185 1357 mit einem Herzleiden und der Ahnung des baldigen
2080 1349 3187 1422 Todes aus. Das Stück das vielleicht eine Warnung
2095 1383 3195 1477 vor unerfüllbaren Wünschen bedeuten soll, ist ein
2091 1439 3189 1519 geschickt gemachtes Theaterstück, kein Drama im hö¬
2098 1495 3193 1566 heren Sinne des Wortes. Der Dichter verdreht die
2088 1540 3186 1615 besten Lebensgrundsätze. Er stellt das Familie¬
2089 1593 3187 1677 verhältnis so hin, daß der Mann bloß der Erhalter
2096 1627 3189 1725 ist, ohne Einblick in das Seelenleben, ohne Anteil
2095 1682 3189 1763 an dem körperlichen Dasein seiner Kinder zu haben.
2083 1732 3181 1811 Dabei mangelt dem Stücke Zartheit der Empfin¬
2106 1777 3193 1859 dung. Der echte Muttertrieb der Schauspielerin wird
2097 1832 3190 1897 direkt lächerlich gemacht durch die Art, wie diese For¬
2099 1879 3200 1962 derung aufgestellt wird. Das Stück könnte ganz gut
2097 1936 3191 1992 den Nebentitel „Komödie der Worte“ tragen, denn
2105 1984 3196 2064 alle Empfindungen und Gedanken werden so bis
2111 2018 3210 2100 ins Detail besprochen, mit so viel Worten gewendet
2112 2078 3195 2153 und gedreht, bis endlich die freien Lebensanschau¬
2110 2119 3207 2226 ungen herausgedrechselt werden können. Die So¬
2112 2174 3206 2257 phistereien jagen einander, geistreich im guten Sinne
2120 2229 3203 2303 des Wortes kann man das Stück nicht nennen. Durch
2113 2273 3201 2351 solche Scha#spiele, die an die aus Frankreich her¬
2116 2326 3203 2415 übergekommenen Sitten= oder vielmehr Unsitten¬
2113 2389 3212 2469 stüche erinnern, kann die Schaubühne nicht als mo¬
2115 2423 3200 2493 ralische Anstalt wirken. Dadurch wird der Jugend,
2112 2480 3210 2547 die solche Stücke ebenso wenig zu sehen braucht wie
2109 2514 3215 2586 manche modernen Operetten mit ihren Anspielungen
2122 2568 3220 2656 und Pikanterien, der Geist einer nicht gut zu heißen¬
2124 2625 3219 2699 den Lebensanschauung aufgeprägt, sie wird gerade¬
2113 2667 3210 2761 zu für ein Herabsinken der allgemeinen Moral prä¬
2111 2728 3213 2806 pariert. Der Schluß des Stückes will ja eine ver¬
2120 2759 3220 2846 söhnende Haltung einnehmen durch die Worte Weg¬
2129 2817 3226 2896 rath's, daß er den Namen „Vater“ noch nie so innig
2125 2872 3213 2931 und überzeugend gehört, doch macht das nur mehr
2126 2913 3230 2998 wenig aus. Sudermanns Werke, die viel als frivol
2132 2946 3234 3038 verschrien wurden, sind noch lange nicht so arg wie
2133 3010 3230 3078 dieses Stück. Schönherrs „Weibsteufel“ wurde ver¬
2126 3065 3233 3149 boten trotz der Echtheit der behandelten Naturtriebe,
2135 3120 3274 3209 diese Mache aber geht unbeanständet über die Büh=
2132 3150 3287 3237 nen. — Die Darstellung trug übrigens nicht dazu¬
2149 3194 3349 3293 bei, das Werk zu heben. Das Tempo war schlep=4.
2141 3252 3220 3344 pend, erzeugte eine langweilige Stimmung, die we¬
2138 3288 3286 3385 nig zum Beifall herausforderte, der wohl auch mehr?
2136 3375 3229 3453 dem Dichter früherer guter, oder sagen wir, wenig¬
2101 3440 3201 3560 stens besserer Werke (denn an unsere ganz Großen
2103 3486 3204 3610 reicht er ja doch nicht heran) galt. Neben der guten
2097 3542 3190 3650 Charakterzeichnung der Herren Raul und Ro¬
2111 3575 3209 3691 den verfiel Herr Felda in den alten Fehler eines
2105 3623 3211 3744 gerührten Pathos, den er sich heuer schon ziesnlich
2113 3679 3213 3786 abgewöhnt hatte. Herr Lichtenberg zeichnete die
2126 3728 3205 3838 Gestalt des Felix sympathisch, doch war er wieder
2117 3779 3202 3894 zeitweise unverständlich, ein Fehler, den auch Fräu¬
2111 3829 3209 3945 lein Lassing nicht meiden kann. Flüstern darf
2120 3874 3213 3978 man nicht bei der Unruhe, die in unserem Theater
2120 3919 3217 4046 bei Aktbeginn herrscht. Als Spielleiter machte sich
2125 3971 3238 4087 Herr Felda durch ansprechende Szenenbilder und
2132 4046 2827 4144 gute Gruppenstellung verdient.
2391 4134 2863 4231 Tbaat-uf
