3392 4256
1348 248 1798 335 box 23/1
1003 262 1071 323 W
182 269 1192 367 18. Der einsaneeg
103 753 1597 829 der Kerl, solch schönes dem Enthusiasmus der Masse. Kein Zweifel: die Flotte
108 818 1595 860 zu machen in seinen ist populär. (Der findige Kurt Kraatz ist Skowronnek in
743 844 781 876 #t
650 850 718 880 rie
91 833 1582 899 gkeit und Freiheit. Er dieser Errenntnis eine Bootslänge voraus gewesen.) Also:
92 880 1581 943 seben hat; daß dieses „Iltis“ — Gefecht um die Taku=Forts — Seemannsweib
89 938 1584 977 on Glanz und Aben= und Seemannsbraut — blaue Jungens — Hurra! Und
527 956 1586 1013 was auf der Bühne „Hurra“ ist, wird zum Bravo! im
97 966 519 1020 arken und Freien. So
528 984 1590 1052 Zuschauerraum. Ein braver junger Kerl, der mit Leib
95 1006 517 1063 en, das ihm gehört, um
532 1026 1580 1087 und Seele Seeoffizier ist, läßt sich von den Bitten der
97 1046 518 1106 feheure Sehnsucht. Er
528 1063 1573 1128 Mutter, die eben den tapferen Gatten im kühlen Wellen¬
105 1079 513 1137 aber ohne Reue. Er
525 1112 1584 1171 grabe verloren hat, bestimmen, der See zu entsagen. Er
105 1116 522 1183 Stunden das Weib ge¬
533 1141 1576 1206 wird Kaufmann ohne Lust und Talent. Die Siegesnach¬
104 1161 522 1216 ltung ... Gabriele be¬
523 1173 1580 1252 richten von der Erstürmung der Takuforts wecken seine
120 1199 519 1259 heuchelt, leidet. Sie
525 1222 1590 1291 ganze heiße Sehnsucht, und verständige Verwandte helfen
111 1231 527 1293 und steigt mit ihm die;
533 1259 1579 1326 ihm in die Freiheit, in den alten geliebten Beruf. Und
113 1273 517 1338 Professor, Akademie¬
528 1309 1586 1367 eine nette Braut, die sich vor dem Los der Seemanns¬
104 1321 522 1371 nid ordnet ihm still das
1488 1337 1581 1392 So
527 1340 1375 1395 gattin nicht scheut, kriegt er noch obendrein
105 1357 523 1420 seinem Haus geboren,
534 1360 1590 1434 kommen Patriotismus und Frohsinn wohl auf ihre Kosten.
262 1393 523 1446 Sie schweigt,
530 1423 1576 1472 Und die stramme „Haltung“ ist das Beste. Auch der seine,
98 1430 522 1491 phanna folgt und das
529 1461 1570 1512 kluge Weltmann von Sala spricht in seinem Park zur Ge¬
112 1470 527 1525 Liebe auf. Schon ist
538 1495 1573 1550 liebten von der Waterkant. Er erinnert sich eines Bildes,
110 1510 519 1568 Jahren, Leutnant, und
538 1533 1574 1590 das er gesehen. Zwei alte Matrosen mit zermürbten Ge¬
105 1551 525 1600 irbt die Mutter. Nur
531 1571 1574 1635 sichtern; sie sitzen auf einem umgewandten Nachen, den
112 1579 532 1645 des Leidens trägt, hat
537 1609 1585 1667 trüben Blick aufs unendliche Meer hinaus. Und er fühlt
120 1627 515 1680 Zu derselben Zeit hat
529 1648 1582 1709 ihr Elend tiefer, als der Maler, der es gemalt hat, tiefer,
113 1667 524 1713 hter bleibt uns die Er¬
526 1689 1571 1749 als sie selber es fühlten, wenn sie lebendig wären ... Das
116 1709 519 1760 same Aufglühen ihrer
535 1726 1575 1782 ist nicht der Weg ins Herz des Publikums, solcher Traum,
105 1742 522 1806 große Pause — jenem
531 1763 1579 1825 durch den der Herbstwind leise die fallenden Blätter treibt.
109 1782 523 1838 inkt. In seiner ver¬
536 1799 1585 1878 Schon besser und einfacher: Iltis — Taku — blaue
105 1820 528 1878 kurzes Liebesglück. Er
1399 1839 1550 1888 R. P.
116 1862 919 1926 Expedition nach toten Jungens — Hurra!
116 1897 531 1956 weiß mehr; weiß, daß
108 1938 545 1991 il sein Leben nur noch
112 1978 539 2031 nderliche Mädchen er¬
115 2018 544 2074 ust an dem Abend, da
330 2055 546 2107 .In den¬
115 2059 323 2110 getragen
117 2092 550 2147 eit seiner Abstammung
116 2138 540 2184 Mutter in der Sterbe¬
115 2168 553 2224 tendbildes im einsamen
120 2214 534 2270 besondere Sprache ge¬
120 2249 553 2305 tiegen und haben sich
109 2289 536 2343 plian, müde, den ein¬
112 2323 532 2380 gehen ohne die stolze
116 2366 545 2427 Stunde für gekommen,
131 2403 542 2462 spät. Der Tod der
135 2439 534 2500 vollends vereinsamt.
120 2470 539 2533 uß, was er war. Die
126 2531 548 2574 wie der kluge und
119 2567 538 2614 inmal schön sich aus¬
115 2601 535 2655 k erwiesen hat, daß sie
112 2637 541 2690 kann, ist mindestens so
114 2679 528 2736 eit, die nichts anderes
119 2713 544 2766 ingenheit zu zerstören,
126 2752 545 2812 n und die Betrachtung
135 2798 551 2848 dieser Hausarzt hat,
123 2830 543 2892 ist. Dafür verliert er
117 2862 544 2924 ch liebt, erst an den
123 2903 545 2963 Tod. Und dafür spielt
114 2945 543 3000 hie kleine Rolle, daß er
129 2989 539 3055 und so wenig aufhalten
146 3064 547 3140 mit seinem Drama
122 3121 539 3184 altung, den Mißerfolg
131 3162 540 3219 „Deutschen Theaters“
135 3199 540 3256 orcierte Betonung der
128 3240 541 3294 ublikum des „Berliner
124 3276 542 3323 sich. Skowronneks
122 3318 535 3373 hen Theater“ darüber
141 3360 542 3407 seiner immer größeren
139 3400 543 3454 ig und Untertöne des
141 3429 553 3491 dem Okkultismus ver¬
133 3470 544 3530 ung des Skowronnek¬
140 3511 545 3567 nännern folgen. Aber
136 3547 539 3608 tzler kennt das Leben
145 3594 546 3646 Schnitzler denkt, wenn
139 3630 534 3684 Menschen, die er auf
139 3675 544 3722 iek denkt an die lieben
136 3700 547 3765 agliches Lachen hören
136 3748 537 3807 in Tranchen aus dem
132 3789 532 3837 hell im Saal wird.
128 3821 529 3878 kelen, die sich hinter
145 3859 527 3914 mit hellem Ohr nach
2016 576 2852 717 Dr. Max Goldschmidt
2190 711 2745 805 . Bureau für.
2168 797 2686 871 Zeitungsausschnitte
1922 862 2928 930 verbunden mit direktem Nachrichtendienst durch
2164 909 2697 976 eigene Korrespondenten.
1970 963 2338 1039 Berlin N. 24.
1957 996 2941 1079 —
2198 1078 2648 1164 Ausschnitt aus
1998 1427 2828 1507 Fränkischer Courier, Nürnberg
2482 1573 2839 1705 16 FEB 1904
2004 1721 2974 1800 Im Deutschen Theater in Berlistest, wie
2719 1791 2962 1849 spiel
1942 1787 2639 1860 urz erwähnt, Arthur Schnitzlen
1945 1838 2957 1881 Dereinsame Wetafhworden. Das Schau¬
1936 1874 2968 1935 piel hat folgenden Inhalt: Die Hauptfigur ist Julian
1936 1921 2958 1973 Fichtner, ein alter Junggeselle. Dieser hat in seiner
1931 1954 2963 2021 Jugendzeit ein Verhältnis mit Frau Gabriele Wegrath,
1926 2016 2962 2071 der Frau des Professos Wegrath, gehabt. Felix, den der
1930 2040 2962 2099 Professor für seinen Sohn hält, ist in Wirklichkeit der
1933 2086 2969 2151 Sohn Julian Fichtners. Im ersten Akt sehen wir noch die
1936 2134 2953 2195 Familie Wegrath beisammen, zu der außer Felix, einem
1940 2173 2961 2238 Jüngling im Anfang der Zwanzig, noch eine Tochter
1940 2222 2957 2272 Johanna gehört. Nach dem ersten Akt stirbt Frau Weg¬
1938 2272 2955 2330 rath, und Julian Fichtner, der das Alter herannahen fühlt!
1936 2309 2963 2379 und vor der drohenden Einsamkeit sich retten möchte, ent¬
1925 2352 2962 2400 hüllt Felix das Geheimnis seiner Geburt und möchte ihn
1924 2399 2945 2451 als Sohn in die Arme schließen. Aber Felix nimmt diese
1937 2435 2963 2502 Mitteilungen gleichgültig auf. Es ist ihm nicht möglich,
1937 2483 2964 2544 sich als Sohn seines eigentlichen Vaters zu fühlen, und er#
1934 2526 2959 2582 will auch jetzt der Sohn des Mannes bleiben, der ihn auf¬
1924 2573 2954 2632 erzogen hat und der als sein Vater vor der Welt gilt. Ein
1926 2614 2956 2681 anderer alter Junggeselle, Stephan v. Sala, spielt in dem
1919 2657 2960 2727 Stück die zweite Hauptrolle. Er verführt Johanna Weg¬
1925 2700 2959 2765 raty, die Schwester von Felix, und diese ertränkt sich (ohne
1922 2741 2952 2804 daß die Motive für diesen Selbstmord besonders klar wer¬
1922 2775 2954 2845 den) in dem Teich, der in dem Park sich befindet, welcher
1927 2826 2957 2882 die in der Nähe von Wien gelegene Besitzung Salas um¬
1929 2869 2953 2933 gibt. Sala selbst, der an einer schweren Herzkrankheit
1926 2916 2945 2971 leidet, verläßt im letzten Akt die Bühne, indem er andeutet,
1929 2959 2944 3011 daß auch er sich den Tod zu geben gedenkt und nicht erst
1917 2992 2945 3045 abwarten will, bis seine Krankheit ihn tötet. Das Wort
1926 3049 2949 3092 vom „einsamen Weg“, das dem Stück den Namen gegeben
1924 3083 2950 3137 hat, wird in einer Unterredung zwischen Fichtner und Sala
1927 3137 2950 3196 ausgesprochen. Fichtner beklagt sich über die Zurückweisung,
1929 3177 2956 3235 die er von seiten seines Sohnes erfahren hat, und sagt,
1924 3223 2949 3272 daß ihm vor der Einsamkeit graut, die ihn erwartet.
1921 3258 2951 3332 Darauf antwortet Sala, daß Fichtner sich auch einsam
1936 3310 2946 3358 fühlen würde, wenn er Frau und Kinder um sich hätte.
1924 3353 2943 3406 „Den Weg hinab“, sagt er, „gehen wir alle allein, wir,
1920 3401 2945 3453 die selbst niemand gehört haben. Das Altern ist nun ein¬
1916 3445 2948 3499 mal eine einsame Beschäftigung für unsereinen, und ein
1916 3476 2948 3526 Narr, wer sich nicht beizeiten darauf einrichtet, auf keinen
1920 3526 2945 3587 Menschen angewiesen zu sein.“ Der Dialog enthält nach
1907 3566 2943 3626 Blättermeldungen manches Schöne. Aber das Drama gibt
1913 3615 2954 3669 gar zu viel Reflexion an Stelle der Handlung und wird
1928 3657 2946 3721 in den beiden letzten Akten ganz unklar und verschwommen.
1920 3695 2965 3743 Diese letzten Akte riefen starke Opposition hervor. Der
1919 3735 2972 3830 zweite und dritte Akt fanden freundlichen Beifall.
2944 3058 2992 3111 90
2931 3095 3001 3156 15
