3484 4352
1736 239 2314 326 en ee
492 287 1717 367 Leben und Wert nicht zusammenbringt, der vielmehr seine Sehn¬
1737 296 2656 384 dieses Bildes etwas Wesentliches zu sagen hat.
510 329 1711 420 sucht schwärmerisch an Unwirkliches anknüpfend, mit ironisch
1773 340 2954 445 Schon Reumanns Name ist, wie die meisten Namen dieses
510 390 1717 475 überlegenem Zweifel auf alles Endliche, Begrenzte, Wirkliche
1748 409 2954 501 Stückes, ein wenig symbolisch gemeint. Er ist ein Mann, den
507 443 1726 534 sieht. Aber er ist ein Romantiker im Kleide des Weltmanns,
1739 455 2961 562 vielerlei leicht reut, der Skrupel und Bedenken mit sich trägt,
497 498 1719 573 denn er ist zu skeptisch und zu blasiert, um noch zu „glauben“.
1732 511 2967 615 und der so aus dem grad entgegengesetzten Grunde wie Fichtner
506 553 1731 629 Die Leidenschaft für das Überwirklich=Jenseitige ist in seinem
1743 581 2961 667 und Sala auch einen melancholisch einsamen Weg haben wird.
513 600 1719 687 ungläubigen Sinn einer tiefgespannten Neugier gewichen. Als
1756 624 2968 699 Gleich das erste, was wir von ihm erfahren, charakterisiert ihn
512 659 1728 738 vom Sterben die Rede ist, sagt sein Held: „Gibt es einen an¬
1745 685 2968 764 völlig: Er hat Aussicht, in Graz Professor zu werden, aber er
516 717 1722 798 ständigen Menschen, der in irgendeiner guten Stunde in tiefster
1757 729 2965 811 tritt zurück, als sein einziger, chancenreicher Rivale sich bei einer
508 763 1736 845 Seele an etwas anderes denkt?“ Aber aus eben dieser fragen¬
1751 789 2972 873 Bergtour den Hals bricht. „Der Gedanke, irgendeinen Vorteil
510 820 1725 906 den Melancholie heraus kommt der spielerische Leichtsinn, mit
1745 832 2977 923 dem Malheur eines anderen zu verdanken, wäre mir außer¬
510 871 1729 942 dem dieser romantische Herr nun die Dinge der Wirklichkeit auf¬
1758 896 2974 977 ordentlich peinlich.“ Und dies, was er seine ganz gemeine
515 925 1740 999 greift, genießt, wieder fallen läßt — sie sind alle schön, aber alle
1763 937 2982 1032 Eitelkeit nennt, und was in Wahrheit ein bis ins Metaphysische
513 988 1731 1051 doch nicht wichtig, alle doch nur Andeutungen für das, was
1756 980 2994 1089 reichendes Feingefühl, ein untrügbarer Respekt vor den Rechten
524 1029 1748 1115 man eigentlich sucht. „Ein leichtsinniger Melancholiker“, so hat
1767 1043 2982 1145 fremden Lebens ist, es wiederholt sich im Laufe des Schau¬
517 1084 1737 1173 sich schon Schnitzlers Anatol charakterisiert. „Der einsame Weg“
1757 1106 2985 1194 spiels noch einmal bei einem Anlaß, der sehr viel innerlicher
529 1139 1742 1232 aber zeigt uns nun diesen Anatolmenschen beim Abstieg; zeigt ihn
1764 1175 2985 1243 und sehr viel tragischer ist: Er liebt Johanna, die Tochter Weg¬
535 1205 1749 1268 in zwei sehr verschiedenen Exemplaren: der Dichter, Herr von
1761 1208 2979 1296 ralhs — es wird uns in der unterirdisch zarten Art gezeigt, in
531 1244 1745 1334 Sala, voll edler Geistigkeit und unerschütterlicher Haltung das
1761 1263 2989 1364 der alle Bewegungen innerhalb dieses Stückes vor sich gehen.
539 1293 1746 1385 Ende erwartend, der Maler Julian Fichtner, dessen mehr sinn¬
1773 1312 2992 1400 Aber er weiß, duß Johanna den Herrn von Sala liebt, und
537 1355 1752 1438 liche Natur schwach und sentimental wird und plötzlich und ver¬
1782 1362 2998 1465 nicht obschon, sondern gerade weil er als Arzt weiß, daß das
535 1404 1743 1497 geblich nach der Welt draußen langt, die er so lange miß¬
1784 1409 2990 1522 ein verlorener Mann ist, zieht er sich zurück. „Es hat sich wieder
532 1468 1759 1542 achtet hat, und die sich ihm entzieht. Denn die Menschen und
1783 1474 2997 1556 einmal ein anderer den Hals gebrochen“ — Reumann, der einen
546 1524 1760 1606 Dinge, an die sie nie geglaubt, denen sie sich nie geopfert haben,
1777 1527 2995 1619 so tiefen Respekt vor fremden Leuten hat, ist ein Realist; aber
534 1566 1757 1667 sie haben nun keinen Grund sich den Menschen, deren Jugend¬
1775 1581 3008 1663 sein Realitätsgefühl ist so überaus fein, so überaus empfindlich,
537 1622 1756 1712 glanz entflieht, zu opfern — der Weg dieser glaubenslosen Ro¬
1791 1643 3004 1722 daß es diesen stillen, ernst verschlossenen Menschen auf der ent¬
549 1665 1772 1773 mantiker, die kein Jenseits besitzen, und denen das Diesseits
1779 1696 3006 1779 gegengesetzten Seite mit der gleichen Gefahr bedroht, die den
540 1739 1760 1817 nicht heilig war, muß ins Leere führen. „Und wenn uns ein
1788 1737 3000 1840 glänzenden Lebenskünstlern aus ihrer zu großen Respektlosigkeit
542 1782 1767 1881 Zug von Bacchanten begleitet — den Weg hinab gehen wir alle
1795 1803 3010 1892 allem fremden Leben gegenüber erwächst: auch er vereinsamt.
547 1846 1520 1918 allein. Wir, die selbst niemandem angehört haben.“
1789 1845 3001 1927 Auch er ist nicht im Gleichgewicht mit der Welt, ihm fehlt es
589 1899 1765 1966 Das Schicksal dieser beiden Männer wird verknüpft mit dem
1793 1908 3003 2013 an dem nötigen Minimum von Brutalität, was man zur Selbst¬
558 1942 1764 2039 Hause des Professors Wegrath. Felix, der Sohn dieses Hauses,
1789 1945 3006 2041 erhaltung und Selbstdurchsetzung braucht, und er bekennt des¬
563 1988 1771 2086 ist eigentlich Julian Fichtners Sohn, aber an diesem Vater so¬
1793 2002 3009 2099 halt: „Die Sehnsucht, die um tiefsten in mir steckt, ist die: ein
566 2043 1777 2137 wohl wie am Herrn von Sala, dessen Lebensspiel noch endend
1799 2072 3014 2162 Schurke zu sein, ein Kerl, der heuchelt, verführt, hohnlacht, über
560 2110 1784 2182 des Felix Schwester Johanna in seine dunklen Kreise zieht, wird
1792 2121 3016 2194 Leichen schreitet. Aber ich bin durch Mängel meines Tempera¬
561 2161 1777 2235 er zum Rächer der Wirklichkeit — als Vertreter eines anderen
1799 2165 3008 2271 ments dazu verurteilt, ein anständiger Mensch zu sein — und,
573 2221 1774 2291 Geschlechts, eines unromantischen, „besseren“, das „mehr Hal¬
1801 2232 3014 2311 was vielleicht noch schmerzlicher ist, von allen Leuten zu hören,
563 2258 1786 2372 tung und weniger Geist“ besitzt. — Im Hause dieses Professors
1823 2309 3037 2414 schon die allererste Bemerkung, die über Reumann im Stück über¬
592 2324 1812 2448 daß ich es bin.“ Es ist kein Gegensatz dazu, sondern nur die
1831 2387 3032 2460 haupt fällt: Es ist ein Pfirsichspalier gepflanzt worden und
599 2413 1811 2506 Spiegelung seiner innersten Problematik in der Stimmung eines
1831 2446 3033 2522 Felix erfährt, daß dies eine Idee von Dr. Reumann ist: „Das
590 2466 1804 2555 anderen Augenblicks, wenn er, der die durchgreifende geniale
1824 2479 3044 2570 hätte ich mir denken können — solche Nützlichkeitseinfälle traue
597 2509 1805 2592 Kraft so schmerzlich in sich vermißt, ein anderal leidenschaftlich
1835 2549 2792 2634 ich in unserer Familie auch niemandem so recht zu.“
596 2579 1808 2644 dafür eintritt, daß der zuverlüssige Beamte die Welt und die
1872 2584 3051 2665 Und wie das erste, so ist das letzte Wort, das ihn diese in
595 2631 1817 2720 Kunst weiter bringe, als das sog. Genie, und fast wie ein fana¬
1827 2664 3048 2723 sich vollkommene Dichtung sprechen läßt, für Reumann von höch¬
595 2674 1813 2774 tischer Philister jed.s Vorrecht des Genies abstreitet. — Denn
1827 2704 3035 2794 ster Bedeutung. Er hat vom Hause Wegraths resigniert Ab¬
595 2748 1818 2806 Dr. Reumann ist bei alledem durchaus kein Philister. Er möchte
1838 2767 3044 2844 schied genommen — aber als das Unglück da ist, als man ihn
598 2795 1811 2868 es nur in Augenblicken sein, um sich über die Schwächen seiner
1840 2807 3052 2879 braucht, da ist er sofort wieder zur Stelle. Es ist am Anfang
605 2842 1814 2903 allzu feinfühligen Natur hinwegzutäuschen, er möchte jene „Hal¬
1838 2859 3052 2950 des fünften Aktes. Johanna ist verschwunden, und er hilft sie
596 2892 1817 2988 tung“ haben, die der glücklichere junge Felix schon besitzt. Daß
1842 2912 3048 3005 suchen. Niemand weiß, warum und wohin sie gegangen ist und
598 2950 1818 3024 er es nicht ist, zeigt nicht nur die Vornehmheit seiner Haltung
1838 2961 3049 3047 Felix ruft verzweifelt: „Wer hat sie denn gekannt von uns
597 3015 1816 3075 in jedem Augenblick, nicht nur die mitfühlende Reiselust, die in
1844 3021 3052 3108 allen, wer kümmert sich denn überhaupt um die anderen?“ Da
599 3071 1819 3146 ihm aufflammt, als Felix ihm seine Aussicht, die große asiatische
1849 3075 3048 3168 antwortet Reumann: „Es ist wahrscheinlich gut so, sonst würden
609 3108 1824 3183 Expedition mitzumachen, erzählt, das zeigt sich vor allem in der
1843 3127 3065 3219 wir alle toll vor Mitleid oder Ekel oder Angst. Ich muß jetzt
615 3176 1818 3252 Art, wie er sich höchst unphiliströs dem moralischen Zweifel der
1842 3180 3065 3277 zu meinen Kranken; ich habe einige unaufschiebbare Besuche.
612 3232 1820 3297 Frau Wegrath entgegenstellt, die sich an ihrem Lebensende von
1840 3227 3063 3323 Zu Mittag bin ich wieder da. Auf Wiedersehen.“ Es liegt viel
610 3279 1824 3347 Reue packen läßt über den Betrug, den sie ein Leben durchgehalten
1841 3295 3070 3376 in diesen letzten Worten dieses Arztes. Auch in ihm ist die
609 3333 1820 3400 hat. (Felix ist ja nicht Prof. Wegraths, sondern Fichtners Sohn.)
1844 3343 3058 3437 innere Harmonie, die Kraft zum Glück nicht, aber weil er nicht
614 3384 1824 3444 Reumann spricht zu ihr: „Eine Lüge, die sich so stark erwiesen
1852 3400 3054 3501 sich, sondern anderen lebt, so kann er „zu seinen Kranken gehen“,
622 3433 1827 3507 hat, daß sie den Frieden eines Hauses tragen kann, ist mindestens
1854 3450 3057 3531 in seiner Arbeit einen Halt finden. Auch sein Weg ist einsam,
614 3487 1826 3553 so verehrungswürdig als eine Wahrheit, die nichts anderes ver¬
1848 3519 3054 3580 aber nicht so lichtlos wie der seiner genialischen Gegenspieler.
623 3543 1829 3617 möchte, als das Bild der Vergangenheit zu zerstören, das Ge¬
1850 3557 3072 3648 So voll gefaßter Melancholie, klug, tätig und doch im Grunde
621 3577 1831 3684 fühl der Gegenwart zu trüben und die Betrachtung der Zukunft
1859 3618 3061 3698 resigniert steht Dr. Reumann als eine in ihrer selbständigen
616 3645 1830 3730 zu verwirren.“ So spricht niemals ein kleiner, in enge Vor¬
1855 3665 3074 3746 Eigenart dem Ganzen des Stücks viel bedeutende Gestalt dem
626 3701 1830 3776 urteile gebannter Philister, sondern ein freier Geist, den der
1858 3721 3069 3803 Maler Fichtner und seiner gebrochenen Selbstsucht gegenüber,
620 3750 1767 3833 frömmste, ernsteste Respekt vor allen Wirklichkeiten erfüllt
1854 3789 3059 3856 und dem wundervollen Herrn von Sala — der schönsten und vor¬
620 3810 1830 3882 und der nur so zartfühlend ist, daß er anderen besser als sich
1858 3828 3079 3912 nehmste Gestalt, die Schnitzler jemals den einsamen Weg
631 3868 1840 3947 selber rät. „Glücklich machen, ist besser als schuldlos sein,“ sagt
1863 3883 3069 3970 seiner weltmännischen Melancholie, seiner romantischen Skepsis
625 3918 1663 3997 er einmal, aber er wagt nicht selbst danach zu handeln.
1867 3932 3072 4034 hinabschreiten ließ. Dr. Reumann ist mit nicht minder guter
624 3965 1834 4054 Wenn Dr. Reumann ins Zimmer tretend, Salas Erzählung von
1858 4000 3082 4086 Haltung nach der andern Seite des Lebens um eben so viel zu
638 4027 1837 4101 einer „richtigen kleinen Schlacht“ die bei der vorigen asiatischen
1867 4044 3092 4124 weit gegangen, als Sala von der seinen — und erst zusammen
628 4093 1840 4147 Expedition stattgefunden habe, mit den Worten unterbricht: „für
1857 4093 3060 4179 zeigen sie uns an, in welcher Mitte, von der Sehnsucht des
638 4137 1842 4208 die, die dort liegen geblieben sind, wird sie gros genug gewesen
1867 4147 3095 4250 Dichters hoffnungslos umkreist, der Kernfgleichgewichtigen Lebens
628 4185 1844 4264 sein, Ihre kleine Schlacht“, so zeigt dieser bitt de Scherz nur
634 4221 2130 4318 dasselbe tiefernste Verhältnis zu allem Lebendigen, zur Praxis,wie liegen mag.
