3436 4384
1403 388 1862 484 box 23/4
801 423 994 478 1Sam
241 421 1254 521 13. Der
667 1731 1838 1889 ## Aus den Wiener Theatern.)
762 1855 1878 1947 Die Not der Zeit drängt die Direktoren jetzt zu allerlei Ver¬
663 1902 1882 1978 suchen, einzelne Schauspieler dem Publikum als besonders interessant
666 1942 1886 2024 zu präsentieren. Im Burgtheater haben die unablässigen Versuche,
663 1981 1893 2054 Kainz zu ersetzen, dazu geführt, daß man bald Walden, bald Treßler
667 2022 1899 2106 in den Vordergrund schiebt. Walden gefällt ja insbesondere den Frauen,
673 2057 1889 2135 aber die Rollen, die man in der letzten Zeit für ihn gesucht und ge¬
683 2100 1892 2174 funden hat, zeigen ihn fast immer von derselben Seite. Es sind fast
675 2150 1891 2212 durchwegs Varianten seines Lord Goring aus dem „Idealen Gatten“.
685 2175 1901 2257 Als eleganten, geistreichen, auch ein wenig zynischen Raisonneur kennen
684 2215 1894 2296 wir ihn nun schon gründlich. Er hat eine angenehme Art liebens¬
689 2255 1902 2343 würdiger Bosheit, ein wenig forcierter Ueberlegenheit; man hat das
681 2287 1903 2358 Gefühl, daß er sich ein bißchen auf die Fußspitzen stellt, um das Maß
689 2334 1915 2420 zu erreichen, das ihm zum Beispiel als Herr v. Sala in Schnitzlets
692 2372 1906 2456 „Der einsame Weg“ vorgeschrieben ist. Bassermann schien-in dieser
691 2413 1905 2511 Rolle, die er in Berlin kreiert hat, eine geistige Ueberlegenheit gewisser¬
686 2443 1909 2522 maßen zu dämpfen, die Distanz, die er mit seiner Umgebung innerlich
697 2488 1909 2571 hält, äußerlich zu überbrücken. Bei Walden hatte ich das umgekehrte
689 2516 1922 2602 Gefühl, wodurch der Figur eiwas wie Pose, etwas von gespielter
697 2559 1915 2641 Ueberlegenheit auflog. Das Verhältnis Satas zu Johanna litt darunter,
699 2627 1924 2674 aber im letzten Alt brach doch eine innere Wärme durch, die zwar die
703 2647 1911 2717 äußere Starrheit nicht ganz zu lösen, aber doch zu mildern vermochte.
705 2686 1915 2764 Sonst war der Abend, an dem das Burgtheater Schnitzler durch die
704 2719 1922 2807 Aufführung eines alten Stückes dafür zu entschädigen suchte, daß man
695 2754 1916 2844 ihm sein neues Stück in Wien verboten hatte, kein besonders glücklicher.
694 2796 1923 2867 Herr Devrient ist nicht der richtige Regisseur für Schnitzler, der
678 3162 910 3253 —
1905 1710 3104 1828 offenbar selbst bei der Inszenierung eines seiner Stücke nicht hilfreic¬
1900 1762 3118 1861 zuzugreifen versteht. So blieb Fräulein Wohlgemuth ohne die
1898 1810 3123 1905 Führung, deren sie dringend bedurft hätte, und Herr Devrient fande
1906 1850 3100 1936 auch als Darsteller des Julian Fichtner niemanden, der ihm gesags
1908 1881 3111 1974 hätte, daß er ihr nichts zu geben hat. Diese fast überzarte Dichtung
1911 1907 3123 2019 bedarf einer besonderen Feinfühligkeit in der Herausarbeitung aller
1912 1972 3121 2045 Stimmungselemente, der Abtonung aller Farben und der Tempogebung#
1907 1992 3135 2101 Am vollendetsten wurde der Künstler dem Dichter gerecht, der die
1912 2055 2937 2139 Dekoration des Parkes in der Villa Salas geschaffen hatte.
2013 2055 3126 2161 Auch am nächsten Novitätenabend sollte sich die Anziehungskrafts
1927 2122 3130 2215 Harry Waldens bewähren, das Publikum angelockt werden, das
1920 2146 3142 2258 Theater um eines Schauspielers willen aufzusuchen. Saltens Komödie##
1929 2202 3126 2294 „Auferstehung“, die bei Brahm im Berliner Lessing=Theater, im
1925 2230 3133 2332 Deutschen Volkstheater und auf den Gastspielen Bassermanns bereits
1919 2278 3131 2369 alle Feuerproben bestanden hat, kann auch im Burgtheater mit allen!
1918 2299 3143 2403 Ehren bestehen. Ja, man muß sagen, daß ihr ein Unrecht angetand
1931 2369 3136 2440 wurde, indem man sie an einem Abend in die Hofbühne einließ, an
1925 2389 3153 2477 dem auch eine der ödesten und geschmacklosesten Komödien, aus der#
1931 2431 3154 2516 bänischen Talentlosigkeit in die deutsche übersetzt, derselben Auszeichnung
1926 2479 3138 2551 teilhaft wurde. Daß man die Komödie Saltens gerade jetzt ins
1931 2489 3149 2602 Haus gerufen hat, hat aber, trotz der Ungleichheit der Voraussetzungen,
1940 2551 3156 2638 wahrscheinlich denselben Grund, der uns das sonderbare Lustspiel
1952 2585 3159 2687 „Vagabunden“ der Herren Bergström und Larsen bescherte:
1946 2629 3158 2728 zwei Rollen für Herrn Walden. Doch es geschah das Unerwartete,
1933 2653 3164 2749 daß sich beide Versuche in diesem Sinne nicht bewährten. Zur Rolle
1937 2702 3162 2791 des Konstantin Trübner in Saltens „Auferstehung“ reichte Herr Harry
1940 2742 3161 2829 Walden überraschenderweise nicht empor, während die Rolle des
