3436 4256
1039 286 1095 355 W
1373 283 1834 375 box 23/3
781 304 1223 387 Sane g
230 296 862 399 18. Der.
2898 1517 3090 1588 Heft 19
1631 1550 2039 1626 „Wiener Mode“ XIX.
1846 1619 3066 1683 sie wieder zu absichtsvoll. Sie unterstreicht ihnen zu viel. Sie spricht
1843 1677 3067 1742 immer gesper en Druck. Sie macht gewiß alles ausgezeichnet, aber sie
713 1659 1794 1751 Kleine Wiener Theaterchronik.
1908 1733 3058 1769 macht es. Emanuel Reicher legte den Maler Fichtner mehr als
771 1722 1844 1808 Die Berliner haben uns wieder einmal, wie so oft schon, das,
1851 1748 3072 1818 Kommerzialrat an. Die Akademie der bildenden Künste steht auf dem
633 1771 1839 1841 Wiener Stück eines Wiener Dichters zugeführt. Import des Exports.
1851 1807 2660 1847 Schillerplatz und nicht auf dem Schottenring.
635 1822 1848 1879 Genauer: Das Lessing=Theater des Herrn Dr. Otto Brahm hat im
1990 1819 3070 1882 *Der süß melancholische erste Akt im Gartenhof, der so ganz in der
644 1849 1844 1923 Theater an der Wien Artur Schnißzlers Schauspiel „Der ein¬
1860 1868 3061 1932 Wiener Luft lebt, war in der Berliner Vorführung ganz ins Tiergarten¬
647 1886 1851 1968 same Weg“ gespielt, ein durchaus wienerisches Stück, aus wienerischem
1857 1909 3068 1963 viertel entrückt. Das Stück ist gewiß sehr kunstreich gefügt. Aber es hat
646 1929 1849 1994 Geist und Empfinden geboren, von sanft wienerischen Melancholien
1868 1939 3072 2002 doch auch einige mühsame erquälte Szenen, wo Heißluft=Dramatik mit
644 1965 1842 2041 gewiegt. Es geht eine stille und milde Sehnsucht durch diese schwer¬
1868 1981 3062 2043 Hochdruck in die Handlung eingepreßt wird. Sardou und der jüngere
639 2006 1844 2078 mütigen fünf Akte. „Tod, wo ist dein Stachel,“ heißt's in einem
1868 2032 3074 2072 Dumas schweben über den großen Vater= und Sohn=Szenen. Und die
1871 2056 3075 2126 Schwermut dieser fünf langen, melancholischen Akte wirkt g.iederlösend
644 2070 910 2125 alten Choral.
782 2082 1848 2150 Ja, eine stille, heimliche Sehnsucht nach dem Erlöschen
1862 2102 3075 2169 und erschlaffend, und die süßeste Poesie, das tiefste Todessehnen und
653 2123 1851 2194 aller Lebensflammen zieht durch dieses ernsthafte und schwerblütige
1872 2132 3076 2182 Sterbensschmachten, alle Lyrismen der Lebensmüdigkeit setzen sich
645 2162 1852 2233 Stück. Anatole ist weise geworden. Er resigniert sich, er sieht sich
1876 2172 3062 2234 langsam, sachte und allgemach in eine noble, einschmeichelnde, ein¬
643 2198 1853 2270 nach den Söhnen um seines Jugendübermutes und Lebensfrohsinns.
1871 2208 3075 2275 schläfernde Langweiligkeit um. Diese Menschen sterben sehr langsam ab
655 2253 1862 2310 Der Maler Julian Fichtner hat gelebt und geliebt. Nun zeigen sich
1879 2251 3068 2317 an ihren umständlichen Vergangenheiten, sie setzen sich ausführlich gegen¬
646 2278 1850 2344 die grauen Haare an den Schläfen, und er erinnert sich eines Sohnes,
1870 2285 3090 2354 seitig auseinander, und ein jeder von ihnen kommt sich so innerlich
658 2315 1848 2384 der nicht ahnt, daß der Gatte seiner Mutter nicht sein Vater ist,
1875 2335 2687 2398 bedeutend vor, so fabelhaft grenzenlos wichtig.
657 2353 1854 2431 sondern Herr Julian Fichtner. Aber der Sohn dankt ihm die verspätete
2008 2365 3077 2438 Einige wollen finden, daß Schnitzler sich an Ibsen über¬
660 2395 1853 2470 Entdeckung schlecht. Die allgemein beliebte Stimme der Natur schweigt,
1873 2401 3079 2471 studiert habe. Das ist nun wohl nicht der Fall. Er ist Schnitzler ge¬
652 2431 1858 2501 gründlich, endgültig. Der Sohn weist den verspäteten Anwärter auf
1870 2442 3090 2510 blieben, der liebenswürdige, feine, graziöse Causeur, der nur ein
651 2482 1808 2542 tindliche Liebe und Sohnespflicht schnöd von sich ab. Die Frist
1877 2472 3089 2551 bißchen ruhiger, gelassener und beschaulicher ward. Nachdenklicher. Er ist
652 2519 1833 2578 versäumt, die Vaterrechte wurden nicht zum gehörigen Termin ange
1873 2534 3097 2596 künstlerisch gereift und gewachsen. Freilich vorläufig mehr in die
663 2548 1869 2622 meldet. Vater ist, Vater bleibt, wer als Vater gehandelt hat. In
1872 2577 2310 2629 Breite als in die Tiefe.
2511 2577 3110 2656 S
657 2586 1863 2655 diesem Stück kommt auch ein alternder Dichter vor, der todkrank, ohne
667 2626 1866 2698 es zu ahnen, nach Baktrien geht, um aus dem Pesthauch eines
655 2665 1869 2726 Sumpfes tausendjährige Altertümer hervorzugraben, versunkene Städte,
666 2702 1873 2771 vermoderte Kulturen. Viele von uns wollen noch irgend ein altes:
672 2740 1869 2814 Battrien wieder zurückrufen, selbst todeswund und todesreif! Ein
667 2779 1867 2854 liebendes Mädchen zeigt zärtlich den Weg ins Schattenreich und
664 2822 1874 2888 leuchtet mit der gesenkten Fackel voraus den dunkelnden Schattenpfad
676 2886 950 2942 ins Todesreich.
801 2891 1875 2960 Und alle diese Traumesmenschen, diese Schicksalsmarionetten
669 2937 1881 3002 reden sehr klug und sehr verständig; und auch eine kleine Wiener
669 2983 1881 3047 Schauspielerin ist da, die aus dem lustigen Schiffbruch ihres
673 3018 1874 3087 Lebens nichts weiter gerettet hat als ein wenig resignierten, schmerz
670 3075 1885 3124 haften Humor. Ihre Sehnsucht nach dem Kinde ist unendlich rührend,
682 3101 1896 3163 und schön ist, wie aus dem Gewohnheitsspaß und Berufslachen das tiefe, ##
671 3132 1885 3204 echte, weibliche Gefühl hervorbricht. Diese Wienerin — wer denkt da
672 3175 1883 3244 nicht an Hausi Niese?! — spielte uns Eise Lehmann, die Vollblut¬
683 3210 1891 3281 berlinerin. Fern sei es, die großen Verdienste dieser hochbegabten Frau,
684 3252 1891 3314 dieser echten Meisterin zu verkleinern. Sie spielt die Ex=Soubrette
675 3280 1900 3350 wirklich schön, echt, liebenswürdig, lebenswahr. Aber sie ist nicht
688 3326 1892 3399 wienerisch, kann's nicht sein. Und ebenso wenig wienerisch sind die
692 3361 1887 3444 andern vortrefflichen Schauspieler der wohleinezelzierten Brahm¬
687 3399 1893 3476 Truppe, die Sauer, Bassermann, Marr. Irene Triesch wird
682 3446 1893 3507 sehr bewundert. Sie hat einen stattlichen Kreis von eingeschworenen
675 3479 1895 3563 Verehrern, die mit ihr gehen, die zu ihr halten. Andere Leute finden
