3484 4352
166 3122 295 3185 viert
1049 334 1120 399 W
1385 333 1843 422 box 23/1
225 341 1253 439 18. Der einsaneeß
636 1788 3031 1899 werden; einmal läßt man es sich wohl gefallen, wenn Jemand! in dieser Weise behandelt, so hätte er denselben Fehler gemach
1852 1851 3040 1915 Bei Schnitzler dominiert Sala, während dieser vor Julian Fichtner
646 1872 1861 1930 aus einer Art von hellseherischer Gedankenleserei die Absichten eines
1860 1892 2345 1964 hätte zurücktreten müssen.
647 1899 1868 1970 Anderen errät. Aber wenn dies fortwährend geschieht, ohne aus
1936 1903 3071 1972 Wirklich große, künstlerische Wi jen können nur erzielt
655 1947 1859 2010 einer dunklen Seelenkrafr überzeugend nachgewiesen zu werden,
1859 1953 3054 2021 werden, wenn die Form dem bedem en Inhalt ebenbürtig ist.
653 1984 1871 2056 wenn alle handelnden Personen fortwährend die Gedanken aller
1865 1979 3086 2068 Der poetische Inhalt von „Der einsame Weg“ aber ist zweifellos
655 2029 1870 2091 übrigen Personen um sie herum mal aus einem Blick, mal aus
1861 2031 3080 2098 bedeutend; um so mehr ist es daher zu bedauern, daß der Dichter
1814 2063 1863 2111 9.
644 2069 1773 2128 einem Händedruck, mal so, mal so erraten, wenn, wie esz
1860 2076 3075 2149 ihm durch die Form nicht die wünschenswerte Wirkung gesichert hat.
648 2092 1874 2169 Felix in der sonit so wirkungsvollen Szene der Erkenntnis seiner
2286 2124 3067 2206 Heinrich Vollrat Schumacher.
655 2142 1878 2214 wahren Herkunft eine lange, ihm bisher geflissentlich versteckte Ge¬
650 2184 1895 2261 schichte aus dem bloßen Betrachten des Bildes seiner Mutter errätn
729 2217 1909 2289 NB! seiner Mutter, ehe sie ihm das Leben gab! — dann wirkt“
663 2268 1406 2334 das alles verstimmend und fast komisch.
736 2287 1903 2360 Und daß das einem sonst so überlegenden Künstler wie
664 2342 1892 2399 Schnitzler passieren konnte, führt uns zu dem weiteren, um¬
656 2375 1913 2445 fassenderen Jehler in der Technik des Stückes. Schnitzler hat zu
660 2413 1909 2490 viel geben wollen und hat infolgedessen zu wenig gegeben. Anstatte
665 2461 1918 2527 sich auf den Konflikt zwischen dem Sohne mit seinen — beidene
665 2510 1889 2558 Vätern (sit venia verbo!) zu beschränken, baut er, wohl in der Ab¬
659 2528 1907 2606 sicht, eine zu auffallende Aehnlichkeit mit Ibsen'scher, nur die
661 2576 1915 2650 Katastrophe schildernder „Gespenster"=Technik zu vermeiden, eine
657 2619 1911 2708 zweite, sich vor unseren Augen abspielende und dadurch den Vorzug;
662 2650 1885 2729 größerer Frische versprechende Handlung in den Rahmen des
665 2690 1889 2751 Stückes. Die Folge davon: hart im Raume stoßen sich die Dinge;
670 2735 1891 2793 da der Sohnes=Konflikt der stärkere und ursprüngliche ist,
673 2777 1891 2836 mußte ihm gegenüber der Tochter=Konflikt in den Sch#en
668 2799 1887 2875 treten. Auf der anderen Seite aber war dem Dichter
676 2844 1870 2920 die Figur des Stephan Sala an's Herz gewachsen; auf ihn
669 2885 1804 2957 konzentrierte er alles Licht seiner großen Schilderungskunst.
662 2934 1895 2992 rückte diese eigentlich nur als Episode berechtigte Gestalt in den
669 2958 1911 3041 Mittelpunkt des Interesses und mußte durch ihr Hervortreten not¬
674 3009 1897 3069 wendigerweise die Oekonomie des Stückes verwirren und die
682 3037 1900 3123 Perspektive in der Gruppierung der Personen verrücken. Hätte
695 3081 1925 3172 Shakespeare in seinem „König Lear“ die Parallelfigur des Gloster
