3392 4256
458 512 2770 735 Whsne W Zei
155 611 248 703 9
1444 603 1633 709 des
2971 781 3198 870 78
2583 772 2639 853 —.
2767 801 2921 907 —
1099 812 2639 947 agesdor Eia
533 722 1113 968 C
250 891 489 1015 20
129 999 2907 1119 aus Mähren und Schlesien.
2738 1171 3228 1258 56. Jahrgang.
1116 1173 2015 1262 Samstag den 26. Mai 1906.
1164 1246 1446 1315 —
1026 1247 1130 1321 1
950 1292 3306 1361 Wartturmzimmer geschleppt, wo sie mit Oginski ihre das „zwar keinen Abglanz der Ewigkeit, aber doch einen
922 1332 3306 1418 Liedesfeste seierte. Ein Bett, dessen schwarzer Vorhang zu= ernsten Schatten volt der Pforte zu ihrem Eingang“ (Kerr)
131 1334 900 1447 hm und sein Ensemble.
2127 1397 3314 1462 gibt. Die blütenfeinen Stimmungen der Vergänglichkeit
956 1402 2140 1467 gezogen ist und vor dem zwei kerzenbesteckte Kandelaber
137 1401 950 1489 stspiel mit den Stücken: Elga, Der Puppen¬
956 1451 3316 1512 stehen. Langsam läßt Starschenski Kerze um Kerze ent= alles Irdischen werden von der rauhen Bühnenluft bereift
139 1475 952 1548 e Weg, Rosmersholm, Der Biberpelz, Trau¬
2118 1492 3312 1556 und entblättert. Überdies ist zwar Bassermann dem Lebens¬
935 1497 2132 1563 zünden, dann wird der Vorhang zurückgezogen und — mit
165 1516 586 1581 mulus, Die Weber.)
2131 1541 3308 1599 artisten Sala und Frau Triesch der Hysterikerin Johanna
948 1539 2135 1617 einem wilden Aufschrei wirft sich Elga über die Leiche
128 1543 849 1643 terbrief von Withelm v. Wymetal.
2125 1591 3316 1659 kongenial, allein dem warmblütigen Realismus der Frau
945 1597 2125 1659 Oginskis. So erfährt der Graf, daß Elga nicht, wie sie eben
124 1605 955 1693 #lang und Sang ist das Ensemble Otto
2126 1637 3310 1697 Lehmann lag die Rolle der ehemals gefeierten Diva ebenso¬
947 1644 2131 1713 zitternd beteuert hat, ihn, sondern noch immer den Vetter
140 1682 957 1749 hieß es Deutsches, jetzt heißt es Lessing¬
2125 1691 3315 1750 wenig wie dem schwerfälligen Emanuel Reicher der Lebe¬
950 1697 2130 1776 liebe; eine grausige Probe und ein ungeheurer Bühnen¬
133 1735 960 1811 n lingeren Gastspiele im Theater an der
2117 1734 3311 1803 mann Fichtner. Trotzdem errang der „Einsame Weg“ einen
938 1732 1120 1821 effekt
144 1781 961 1841 E. war auch gar nicht anders möglich:
1036 1805 3317 1855 Von der heimlichen Sehnsucht, die Kerr einmal als stürmischen Demonstrationserfolg, der aber mehr als dem
124 1826 958 1896 englichen Begeisterung, die voriges Jahr
951 1833 3304 1901 den Grundzug aller Dramen seines Lieblingspoeten be= Werke und seinen Trägern dem anwesenden Dichter galt.
143 1879 953 1937 neuen Theater aus Berlin und die vor
952 1891 3312 1953 zeichnet hat, ist in „Elga“ nichts zu verspüren. Es ist eine] Man hatte den Eindruck, das Publikum wolle in vehementer
142 1930 952 1993 den Moskauer Schauspielern entgegen¬
2130 1935 3307 1996 Entladung eine lang aufgespeicherte Entrüstung darüber
966 1942 2133 2004 recht gute Dramatisierung, die sich von ähnlichen Arbeiten
126 1967 960 2053 var, konnte man nicht gleich wieder die
2126 1984 3299 2041 kundgeben und den Dichter dafür entschädigen, daß weder
965 1994 2135 2053 anderer Nutzdramatiker nur durch eine edlere Sprache,
140 2029 946 2087 ksiasmus anzünden und in die Fanfaren
2131 2030 3304 2092 der „Einsame Weg“, noch „Der Schleier der Beatrice“, noch
954 2020 2134 2099 durch gelegentlich aufleuchtende schönere Bilder und durch
136 2075 960 2139 s stoßen. Ein Augenblick der Erschöpfung
2130 2080 3310 2158 „Der Ruf des Lebens“ bisher in Wien aufgeführt worden
952 2092 2136 2157 Ansätze zu psychologischer Vertiefung unterscheidet. Der
137 2122 971 2200 ußte naturnotwendig dem übertriebenen
2133 2132 2312 2207 waren.
952 2136 2132 2194 Schluß bei Grillparzer (Oginski entspringt, Starschenski
157 2175 954 2241 Ruhepause unvermeidlich eintreten. Be¬
2215 2156 3309 2250 Den stärksten, sogar zur Anderung des Spielplanes
954 2189 2134 2257 tötet Elgan) scheint mir abschließender und stilgemäßer
145 2210 962 2279 gewesen, wenn das Lessingtheater unter
951 2231 3318 2296 als Hauptmanns Lösung, in der Elga mit einem: „Ich] und zur Verdrängung von „Elga“ führenden Erfolg hatte
154 2279 960 2344 leiden gehabt hätte. Denn das zugunsten
961 2278 2045 2350 hasse dich! Ich speie dich on!“ das letzte Wort behält.
2127 2285 3314 2340 die hier bekannte und draußen so berühmte Rosmers¬
160 2319 960 2398 totgesagte Theater Brahms zeigt dies¬
1038 2329 3319 2398 Elga war Irene Triesch: klug und fesselnd, wie holm=Aufführung des Lessingtheaters. Es ist ein großer
144 2365 965 2446 alle die Vorzüge, die ihm einst seinen
954 2367 3328 2453 immer, aber nicht so einheitlich, wie sonst. Den Grafen gab] Fortschritt Otto BBrahms über den konsequenten Naturalis¬
146 2412 959 2505 en haben. Ihm gehören große Schau¬
2138 2430 3321 2492 mus hinaus, daß er Ibsen mehr und mehr pflegt und
953 2434 2136 2497 [Rittner mit seinem ziemlich unverändert durch die Jahre
141 2453 961 2534 kten, wie Bassermann, Sauer, Rittner,
2139 2474 3306 2539 fürs nächste Jahr statt der üblichen „Respektsvorstellungen“
957 2481 2130 2545 gehenden Naturburschentum, dessen urwüchsige Naivität bei
139 2519 959 2579 Else Lehmann, an, was man bei Rein¬
2124 2515 3311 2592 einen ganzen Ibsenzyklus ankündigt. „Rosmersholm“ das,
958 2535 2128 2586 dem leichtgläubigen polnischen Edelmanne gut am Platze
136 2572 952 2630 ißt; seine Regie ist der Reinhardts ziem¬
2141 2557 3314 2632 1886 geschrieben, heuer sein zwanzigstes Wiegenfest feiern
956 2578 2133 2636 war. Auch Reichers trockene Art paßte trefflich zu dem wort¬
149 2616 962 2677 nur in der Ausstattung bleibt Brahm
2144 2627 3317 2682 kann, ergreift mit seinem urewigen Konflikt zwischen
962 2625 2132 2690 kargen, treuen Hausverwalter. Wenn der starke Erfolg der
138 2662 962 2724 geren Rivalen zurück, da ihm, wie er
2128 2672 3315 2741 freiem Individualismus und opferfrohem Adelsmenschen¬
950 2671 2131 2740 ersten Aufführung gleichwohl nicht anhielt, so lag das zu¬
139 2709 969 2771 klärt hat, das Wort des Dichters und das
2135 2722 3322 2783 tum die Gemüter wie am ersten Tag. Und Interpreten wie
966 2720 2136 2782 meist an den langen Pausen, die sich, des Dekorations¬
139 2763 953 2828 fielers wichtiger seien. Nochmals: es wäre
2135 2773 3315 2838 Bassermann oder Irene Triesch sind so recht geeignet, den
953 2779 2137 2845 wechsels halber, zwischen die kurzen, heißatmigen Szenen
132 2807 959 2873 Enn Brahm und seine Künstler durch den
2136 2820 3316 2881 geweihten Ton leidenschaftlicher Sehnsucht nach einem
960 2823 2140 2887 einschoben. Schlag=auf=Schlag=Stücke wie Elga kann man
154 2858 964 2929 öffentlichen Meinung gelitten hätten.
2133 2857 3316 2943 höheren Dasein anzuschlagen. Dagegen ist es uns Wienern
952 2876 2138 2930 nur auf der Drehbühne spielen. Und den Dramaturgen der
134 2908 965 2969 icht so. Die große Menge der Theater¬
2146 2918 3323 2986 röllig unbegreiflich, wie der trockene Reicher, der den
956 2913 2140 2981 Zukunft bleibt es überhaupt vorbehalten, als wichtigste
144 2947 964 3027 durch das Urteil der Presse viel weniger
964 2959 2130 3030 Bedingung so manches Erfolges die möglichste Abkürzung
2144 2960 3314 3033 Ro#mner wie den Solneß kalt und leer hersagt, den Ruf¬
139 3008 952 3075 kemeiniglich angenommen wird. Während
966 3020 2136 3089 der Pausen mittels Geschwindigkeit und Drehbühne durch¬
2136 3016 3313 3065 eines „fast voll befriedigenden Ibsendarstellers“ und über¬
136 3049 964 3120 sen vor leeren Stühlen spielten, erziesen
963 3068 1172 3147 zusetzen
2135 3059 3322 3134 haupt „des eigentlichen naturalistischen Meisterspielers der
160 3101 966 3161 nDeutschen einen Tag wie den anderen
1051 3087 2145 3177 Zur Einleitung wurde vor Elga das erste der drei
2141 3114 3311 3176 Epoche“ erlangen konnte. So nennt ihn wenigstens als
137 3153 957 3223 ßdas Gastspiel bereits verl#ngert werden
957 3135 2144 3228 Schnitzlerschen Marionettenspiele, der nachdenkliche „Pup¬
2143 3167 3316 3231 Sprachrohr Deutschlands Max Martersteig in seiner
152 3199 959 3261 hat Brahm aus seinem letzten mißglück¬
969 3213 2149 3285 penspieler“ gegeben, ein Einakter, der für Wien fast
2136 3211 3320 3287 umfangreichen Theatergeschichte, wo er bei Reicher „phan¬
137 3249 961 3326 Frühjahr 1904) die richtigen Lehren abge¬
968 3265 2151 3334 als Novität in Betracht kommen konnte, da er nur ein
2135 3257 3319 3317 tastisch=bizarre Elemente“ konstatieren will. Und der aller¬
150 3300 963 3360 te er nur drei Stücke mitgebracht, die bis
960 3307 2140 3362 einzigesmal — vor zwei Jahren in einer Wohltätigkeits¬
2135 3312 3318 3398 dings leicht entflammte Lilieneron hat ihm gar zugesungen:
135 3348 966 3418 Drehorgelt wurden: die für Wien zu jener
959 3357 2153 3418 vorstellung des Carltheaters — von Jarno gespielt, aber
2303 3360 2992 3432 „Lieber Meister, großer Meister!
149 3402 966 3460 Weber“, bei denen er auf das sozialistische,
962 3413 2146 3475 nicht ins Repertoire ausgenommen worden war. „Der
2305 3414 2912 3468 Gott mit uns — Emanuel!
157 3442 971 3511 Lebens“, bei dem er auf das sexuelle,
2303 3462 2941 3513 Ich geh’ selten ins Theater;
965 3460 2149 3529 Puppenspieler“ ist die Geschichte eines Dichters, der nach
142 3510 2155 3545 ler“ bei dem er auf das Moment speku= seinem ersten Bühnenerfolge das Theater zu verachten und
2301 3507 2974 3577 doch seh dich ich angekündigt,
142 3545 959 3617 Bahr als vielumstrittener Autochthoner
2307 3552 2904 3625 laß ich alles andre liegen,
970 3536 2184 3625 mit wirklichen Menschen zu spielen beginnt. So führt er
159 3592 969 3678 ziehungskraft ausüben würde. Er hatte
961 3595 2165 3674 einen zaghaften jungen Freund und eine liebe junge
2299 3598 2948 3675 stülve meinen alten Filz auf,
965 3642 2152 3706 Freundin bei einem fröhlichen Feste zusammen. Was er
2294 3631 2991 3737 laufe schleunig an den Schalter
159 3666 959 3757 r dagegen ein abwechslungsreiches Reper¬
977 3694 2150 3756 spielend einleitet, führt jedoch das Leben zu fruchtbarem
2297 3698 2798 3769 und belege eine Loge.“
145 3731 958 3796 kücken, die für Wien neu sind oder, weil
967 3746 2150 3815 Ernste und Ende. Es vereinigt die beiden „Puppen“ zu
2218 3721 3319 3811 Je ein einziges Mal legte das Ensemble drei seiner
149 3784 966 3850 t, wie neu anmiiten, teils von solchen
959 3801 2139 3864 einer glücklichen, mit einem Kinde gesegneten Ehe, während
2143 3788 3320 3871 naturalistischen Paradestücke hin: Hauptmanns „Biberpelz“,
136 3832 970 3895 es spezifisch nordd#tschen Charakters von
968 3839 2158 3908 es den Puppenspieler selber in Heimatlosigkeit, Armut und
2146 3846 3172 3914 Hauptmanns „Weber“ und Holzens „Traumulus“.
160 3883 966 3960 semble nie so vol kommen wiedergegeben
963 3892 2146 3960 Einsamkeit stürzt. Erst nach vielen Jahren kreuzt die zu¬
2218 3878 3323 3947 Der „Biberpelz“ wurde Else Lehmann zuliebe
156 3932 513 4008 von Berlinern.
964 3936 2140 4005 friedene Familie zufällig den einsamen Weg des Schöpfers
2143 3936 3320 4002 gegeben, damit sich die einstige Lustspielsoubrette des
148 3952 966 4073 ren für Wien bisher Gerhaft Haupt¬
965 3992 2142 4054 ihres Glückes, der nun obendrein noch hören muß, daß die
2147 3994 3316 4056 Wallnertheaters, deren Spezialität Weiber aus dem Volke
170 4035 966 4113 und Schnitzlers „Einsamer Weg“,
964 4035 2140 4111 junge Freundin damals ihn geliebt habe und ihm so
2138 4042 3318 4110 sind (Regine, Hanne. Anisja, Pauline), in der ihrem Tem¬
151 4072 968 4142 lch ihrer Berlint! Mrewführung und bei
973 4098 1824 4159 gern ein friedliches Heim bereitet hätte. .
2135 4087 3315 4150 perament ziemlich kongruenten Rolle der Mutter Wolffen
2280 4125 2375 4180 nd
154 4130 975 4186 im Buchhandel (Verlag S. Fischer)
1050 4119 2141 4205 Albert Bassermann, nach wie vor seit Mitter¬
2496 4138 2568 4202 D
