3532 4384
-19 2274 82 2337 Sich
-12 2344 93 2434 45
-17 2423 77 2529 nan
-10 2559 85 2620 rinn
-15 2608 89 2670 ün
38 2746 101 2810 1
-6 3141 98 3198 über
1076 438 1176 523 W
1415 437 1904 544 box 23/4
875 455 1000 524 am
797 464 870 527 n
269 453 1294 551 18. Der einsene nen
1360 1385 3324 1447 13 i. itel Mache lag, den Tscheihen Frieden durch den Ernst und die Aufrichtigkeit des Wunsches,
231 1394 1214 1476 gemacht wurden, hatten die Deutschene inneruint
2129 1425 3310 1488 mit dem du ihn selbst suchst, und mache dadurch nicht nur
225 1416 2089 1503 im böhmischen Landtag die Mehrheit den Ausgleich als ein nationales Geschenk anzubieten.
1108 1468 3313 1532 An dem böhmischen Sprachenstreit ist das geschicht= Böhmen wieder reich, sondern rette dadurch auch das
187 1476 1026 1557 er böhmischen Landesverwaltung die un¬
190 1558 3238 1601 Das Mittelschulwesen war fast vollständig, liche Vorrecht der Deutschen, die Hegemonie in Oesterreich Deutschtum in Oesterreich vor völliger Vereinsamung!
2871 1573 3268 1648 Austriacus.
197 1600 2173 1666 n ganz deutsch. Der tschechische Stamm zu führen, zerschellt. An ihrer Weigerung, den Tschechen
208 1617 2176 1701 wirtschaftlich hilflos und politisch fast das Recht der selbständigen nationalen Entwicklung als
1026 1737 3316 1841 wäre, wäre sie nicht ganz natürlich. Natürlich, weil es Egoist, der alles gierig Einsangende, sich immer Be¬
196 1773 1023 1841 Ddete Manuskripte werden nicht zurückgeschickt, auch
1012 1835 3318 1893 eben Literaten sind; also Menschen, deren Metier das reichernde, fortwährend an, um, in, mit sich Beschäftigte,
198 1832 1029 1902 ückporto beiliegt. Es ist daher notwendig, Kopien
282 1873 608 1943 zurückzubehelten.
1018 1851 3319 1939 Stochern in Inwendigkeiten; deren Sprache durch das ist vor allem: der Künstler. Ihn ganz besonders
1009 1901 3327 1991 etliche Geziertheit und die Neigung, aphoristisch zu schluckt die große Einsamkeit. Und wenn er so viel Geist,
1006 1944 3323 2053 gerinnen, eine Art dialektischer Echtheit bekommt; Menschen, so viel höhere Mathematik, so viel Geruchssinn für das
229 1974 743 2088 Feuitleton.
1003 1979 3329 2097 denen die einfache Wendung sich unwillkürlich, zwischen Unabwendbare besitzt, wie Herr v. Sala, so wird er einer
1011 2044 3328 2134 den Lippen, zur schönen Wendung schnörkelt. Bei anderen, tun: sich trainieren. Sich auf die Einsamkeit vorbereiten.
683 2040 1013 2141 (Nachdruck verboten.)
990 2078 3327 2184 die so gern in die eigenen Verwirrungen tauchten und so Ist nicht überhaupt das des Lebens höchste Wissenschaft:
266 2128 655 2229 Burgtheater.
1003 2118 3321 2215 kokette Worte heraufbrächten, müßte man allerlei Zweifel Plötzlichkeiten in Allmählichkeiten zu verwandeln? Herr
2153 2185 3318 2273 v. Sala hängt sein Herz mehr als an Menschen an Dinge
1016 2210 2170 2288 shegen. Man würde sagen: ihre Rede ist mit dem Brenn¬
206 2177 1026 2284 Der einsame Weg“ von Artur Schu#
194 2237 3319 2330 ckert von den Wänden, über allem liegt es eisen gekräuselt. Sind es aber Literaten, so glaubt man, (von denen erwartet man keinen Gegendienst, und kann nie
2159 2261 3340 2357 durch dessen Ausbleiben enttäuscht werden). Die traurige Not
213 2310 1673 2387 Staub von zerpulverten Tränen, und wohlwollend, natürliche Locken.
1117 2375 3337 2414 Was aber den „Einsamen Weg“ anlangt, ist zu= des Alters, dieses: in Erinnerungen leben müssen, schreckt ihn
194 2369 1045 2448 schaftlich ungehemmt, breitet sich kostbar
1023 2379 3329 2468 zugeben, daß das Leben hart und das Sterben bitter und nicht, weil er, als Künstler, nicht nur das Talent hat,
210 2423 1041 2485 bst und Abenddämmerung, immer Abend¬
231 2435 3324 2539 e zarte Stunde! Langsam, langsam öffnet die Einsamkeit das Unentrirt von allem Anbeginn Erinnerung mit Gegenwarts=Stärke auszukostelt, sondern
227 2467 3337 2578 r Nacht und läßt das Dunkel frei. Da bis zu allem Ende. So lange man genügend Innenwärmes auch jenes, die unmittelbarste Gegenwart gleich als ein
204 2531 3336 2613 Sele des Menschen gern ebenso. Zumal so hat, geht es noch halbwegs. Später aber, recht sehr aus= Entschwundenes zu schmecken. Herr v. Sala ist ein
217 2618 3330 2679 hen, wie sie da, fein und still, längs des gekühlt, möchte man gern an fremden Temperaturen naschen; Virtuose der Einsamkeit. Ein Gentleman alles Unentrinn¬
248 2681 3341 2725 “ leidwandeln, in gepflegten Parks mit und eines dieser bequemen transportablen Gefühls=Oeschen baren. Ein Dandy der Totgeweihtheit. Und im Auge, mit
198 2681 3342 2796 n gepflegter Meditationen und Erinne= aufstellen, in deren Nähe eine alternde Seele das Frieren dem er kalt der Vernichtung entgegensieht, gleißt ein
225 2727 2388 2810 Selbst Vater Wegrath, der Kunstbeamte, vergißt: Kindesliebe etwa. Oder: Treue, Freundschaft. Ein Monokel.
2275 2761 3339 2838 Es stehen noch andere schöne Dinge im „Einsamen
213 2788 2193 2877 seren Tonart nicht enthalten. Er geht gern Kind jedoch gehört deshalb noch lange nicht Dir, weil Du
211 2856 3344 2924 ch den Türkenschanzpark, weil die Stadt seine physiologische Voraussetzung besorgt hast. „Vater", Weg“. Mancherlei Blicke in mancherlei Abgründe werden
227 2865 3340 2966 keinem „silbernen Hauch“ eingehüllt. Oder das ist ein Rang, den man erst nach vieljähriger onser- getan. Zwischen den Menschen fließt ein Dunkles, sie
216 2923 3337 3021 ersonen des Stückes haben eine heftige voller, liebreicher Sorge um des Kindes Gedeihen erlangt. reichen die Hände darüber, aber kaum ihre Fingerspitzen
235 3013 3344 3063 selbst zu schauen, aus den Kellern ihres Aber leider: Wenn man das Kind hat, braucht man's berühren einander; und gelegentlich fällt hiebei der eine
221 3008 3341 3114 stecktes aus Tageslicht zu fördern. Und nicht. Und wenn man's dann braucht, hat man es nicht oder die andere ins Wasser. Das Schicksal zieht wie ein.
208 3054 3336 3160 Beichtvater sorgt der Dichter für sie. Er mehr. So ist das Leben ja überhaupt; ein immerwährendes: Kunst=Eisläufer merkwürdigste Achterkurven, die sich
214 3164 3343 3218 Enheit. Wenn sie ein Bedürfnis haben (und zu spät“ oder „zu früh“. Nichts kommt rechtzeitig; aber schön ineinanderschlingen. Beziehungen verschwinden spurlos,
209 3166 3345 3257 kin Bedürfnis), führt er sie alsogleich innerln. einiges kommt gewiß. Zum Beispiel: der Tod. Und vor gehen unterirdisch weiter, tauchen überraschend wieder ans
224 3257 3333 3311 e Helden sind gern Schriftsteller. Das ihm, wie gesagt: die große Einsamkeit. Ganz besonders auf Tageslicht. Es ist allenthalben seitsam, seltsam; und traurig.
217 3245 3341 3354 Sie haben eine Gewandtheit, eine Be= den Egoisten lauert sie. „Egoist“, das ist hier keine sittliche Parallelen gehen nebeneinander und müssen schmerzlich
230 3299 3346 3412 schnik „des Ausdrucks, die ganz künstlich Qualifizierung, sondern eine ästhetische. Der potenzierte erkennen, daß sie sich erst in der Unendlichkeit schneiden.
