3436 4352
368 197 1599 262 und ward als Werber von den Eltern gut aufgenommen.
1597 206 1772 284 malerei.
1714 221 2873 320 Die Aufnahme war eine getheilte. Das Publicum ging nicht
354 242 1615 309 Gabriele aber fühlte sich mehr zu Fichtner hingezogen,
354 282 1603 354 der alle Eigenschaften besaß, die ein Mädchenherz gewinnen können,
1609 293 2873 361 immer mit dem Dichter, schien ihn nicht immer zu verstehen.
340 343 1604 400 auch jene Frechheit, die kühn zugreift und sich auch kein Gewissen
1607 344 2883 412 Doch überwog der Beifall nach einigen Actschlüssen so sehr, daß
340 389 1610 447 daraus macht, die Braut des Freundes zu nehmen. Gabriele
1602 382 2875 446 Schnitzler wiederholt dankend erscheinen konnte, und im Ganzen
352 440 1608 498 aber dachte über diesen Punkt anders und ließ sich von dem Ge¬
1599 440 2880 511 und Großen darf man wohl von einem Erfolg sprechen. Die Auf¬
353 487 1599 548 liebten versprechen, sie mit sich zu nehmen, um unangenehmen
1611 488 2880 556 führung war eine der besten, die das Deutsche Theater in der
347 535 1605 590 Auseinandersetzungen mit dem Bräutigam und den Eltern aus¬
1608 523 2895 598 letzten Zeit geboten hat. Bassermann, Sauer, Rittner
339 600 2697 644 zuweichen. Julian ist auch willens gewesen, mit dem Mädchen, und die Triesch boten hervorragende Schauspielkunst.
354 633 1612 691 das er auf seine Weise liebte, zu fliehen, aber im letzten Moment
345 681 1640 742 scheut er davor zurück, sich eine Last fürs ganze Leben auf¬
352 730 1610 801 zubürden, er reist allein ab, das Mädchen, das sich ihm hin¬
354 774 1621 837 gegeben hatte, zurücklassend. Der Verrath am Freunde bedrückt
355 824 1625 894 ihn nicht. Der Mann ist geradezu geschaffen, um hintergangen zu
356 873 1619 933 werden, damit rechtfertigt er seine That bei sich, also ist es nur
344 929 1622 997 recht und billig, daß er hintergangen wird. Und Gabriele denkt
350 965 1634 1040 zwar nicht so niedrig, wie der Geliebte, aber sie wird die Gattin
359 1020 1384 1080 Wegrath's, die Frucht des Geliebten unterm Herzen.
471 1060 1632 1124 Zu Beginn des Stückes thun wir einen Blick in die Familie
359 1111 1631 1178 Wegrath's. Er ist Professor und Director der Akademie der
351 1165 1626 1215 Künste geworden, ein „Kunstbeamter“, wie er sich selbst nennt,
350 1206 1637 1291 der alljährlich sein Bild für die Ausstellung malt, correct ohne
362 1252 1631 1319 nach einer Richtung hin aufzuregen. Frau Gabriele (Hedwig
359 1303 1629 1361 Pauly) hat ihm zwei Kinder geboren, den Reiterofficier Felix
363 1354 1635 1422 (Herr Stieler) und Johanna (Irene Triesch). und hat ihm ein un¬
343 1394 1633 1465 getrübtes Glück bereitet, da sie ihn ahnungslos darüber gelassen
358 1452 1637 1503 hat, daß er nich der Vater seines Sohnes ist. Die Lüge, mit
349 1499 1636 1577 der Gabriele in die Ehe getreten, hat sich als stark genug er¬
369 1544 1644 1611 wiesen, den Frieden des Hauses zu tragen. Frau Wegrath ist
367 1603 1631 1653 schwer krank, sie fühlt, daß es mit ihr zu Ende geht und es
360 1640 1624 1724 drängt sie, ihrem Sohne zu gestehen, wem er sein Dasein ver¬
368 1694 1643 1749 dankt, aber daran hindert sie ihr kluger Hausarzt, dem sie die
1126 1741 1648 1821 sie denn aus der Welt,
369 1750 1132 1804 Wahrheit gebeichtet hatte. So scheidet
369 1795 1144 1860 ohne ein Geständniß abgelegt zu haben.
1148 1814 1643 1914 sich in der Welt herum¬
475 1845 1142 1917 Julian Fichtner, der lange Zeit
363 1872 1642 1946 getrieben hat, kehrt nach Wien zurück. Seine Hoffnungen als
371 1934 1640 2013 Künstler haben sich nicht erfüllt. Er blieb immer das große Talent,
366 1974 1635 2056 von dem noch Herrliches zu erwarten sein wird. Aber das
361 2029 1648 2101 Herrliche wollte sich nicht einstellen, denn, wie zu den Menschen
365 2080 1638 2142 fand er auch zu seiner Kunst kein dauerndes Verhältniß. Sein
365 2133 1643 2191 Leben ist wie in einem Rausch von Zärlichkeit und Leidenschaft
372 2175 1650 2240 dahingeflossen. Damit aber geht es zu Ende. Er hat zu altern
367 2222 1643 2298 begonnen. Nur mehr erbetteln oder gar erkaufen muß er sich
368 2271 1649 2346 Lügen von schöner Frauen Mund. Ihm ekelt vor
1520 2321 1640 2400 Da
365 2315 1530 2384 der Vergangenheit und graut vor der Zukunft.
1120 2371 1291 2436 Es
365 2367 1140 2432 erwachen Vatergefühle in ihm.
378 2421 1653 2484 Felix nicht offen als seinen Sohn anerkennen zu dürfen, und er
378 2475 1636 2540 möchte wenigstens in seiner Nähe sein. Seine Jugendgeliebte
377 2523 1650 2599 Gabriele trifft er nicht mehr an. Zufällig erfährt er von ihrem
487 2603 1614 2686 In einer Scene voll Poesie und Stimmungsreiz, wie sie
358 2647 1642 2740 nur einem echten Dichter gelingt, erräth Felix die Wahrheit. Er
373 2707 1637 2768 besucht Fichtner, um sich ein Jugendporträt der Mutter zeigen
374 2761 1640 2827 zu lassen, das Fichtner gemalt hatte. Dieser sucht das Bild,
368 2806 1641 2873 das er selbst im Taumel seines ungezügelten Lebens vergessen
376 2862 1639 2924 hatte, hervor, und während Beide das Bildniß betrachten, steigen
376 2910 1654 2983 Jugenderinnerungen in Fichtner auf und Felix erräth, daß sein
376 2967 822 3025 Vater vor ihm steht.
489 2985 1639 3060 Es erübrigt, bevor man in der Erzählung der Handlung
378 3040 1648 3126 fortfährt, etwas von Johanna. der Tochte Wegrath's, zu sagen.
379 3101 1652 3157 Diese Gestalt hat Schnitzler besonders vertieft. Sie erinnert an
391 3170 1646 3218 eine Beairice, mit der sie entfernt verwandte Züge hat. Auch sie
395 3189 1653 3259 gehört in die Kategorie der gewissen kleinen süßen Mädel, die
382 3246 1651 3316 Schnitzler in die Literatur eingeführt hat, doch bringt er wie bei
380 3286 1659 3357 Beatrice eine Nuance des Somnambulen hinzn. Es ist nicht
384 3329 1654 3404 leicht, den Charakter zu erfassen, denn Johanna ist ein ganz
385 3387 1655 3458 eigenartiges Wesen; ein starker Zug von Hysterie, der sie selbst
378 3449 1656 3514 ihrer nächsten Umgebung stets fremd erscheinen läßt; eine
797 3494 902 3546 die
887 3490 1644 3553 sich aber ihrer Gedanken und
390 3488 810 3562 Nachtwandlernatur,
381 3531 1648 3587 Handlungen selbst nicht immer Rechenschaft zu geben weiß, ist
385 3583 1643 3654 sie fest durchdrungen davon, ein zweites Leben zu führen, über¬
381 3627 1642 3695 zeugt davon, daß sie Erinnerungen an das erste Leben bewahrt,
386 3678 1647 3751 das sie vor tausend und mehr Jahren auf einer griechischen Insel
383 3727 1644 3791 als lydische Sclavin durchlebte. Im Hause des Professors ver¬
381 3770 1659 3851 kehrt Herr v. Sala (Albert Bassermann), ein Schriftsteller, dem
390 3828 1654 3895 Gattin und Tochter vor Jahren gestorben sind. Er ist schwer
391 3884 1643 3939 krank, dem nahen Tode verfallen, ohne aber über die Natur
385 3924 1640 3994 seines Leidens im Klaren zu sein, denn weitgreifende Pläne
390 3962 1654 4026 beschäftigen ihn. Einer Expedition nach Asien will er sich an¬
382 4012 1646 4083 schließen, um an den Ausgrabungen des alten Ekbatana theil¬
1008 4063 1646 4146 daß Sala sterbenskrank ist,
379 4072 982 4145 zunehmen. Johanna weiß,
1044 4111 1647 4180 Glück an seiner Seite
379 4121 1028 4185 weiß, daß ein dauerndes
1324 4150 1653 4206 erstohlen schleicht
380 4162 1662 4243 nicht zu finden ist, dessenungeachtet liebt sie-Ilrumm
