3436 4448
1087 301 1165 382 W
892 316 1003 380 am
1440 308 1893 413 box 23/1
278 314 1301 421 18. Der einsaneden
1464 502 2657 582 (hinein. Jalien ihent sic den Abend fines Lehene, das ihm
556 526 1254 625 Berliner Theaterbriese. X.
1481 566 2662 622 trotz aller Erfolge keine innere Befriedigung bot. Er sieht
384 601 2653 662 N. Berlin Mitte Februax. Das Hauptanziehungs= und] Gabriele — hier setzt das Stück ein — als die Gattin Weg¬
318 645 2663 705 Kassenstück, den „clou“ dieses Winters, der wie in den Vor= raths sterben und sucht nun im Herzen des 23jährigen Felix
1496 697 2660 767 Wegrath, dessen Vater er ist, eine Stätte. Er findet sie nicht;
314 696 1498 757 jahren „Nachtasyl“ und „Mona Vanna“, der Spielzeit sein
1493 741 2651 792 Felix wendet sich von dem Manne, der seiner Mutter das Leben
317 737 1486 796 Gepräge aufdrückt, haben wir immer noch nicht. Manche
1489 785 2647 835 vergällt hat, in pietätvoller Empfindung ab und trägt dem ver¬
327 780 1488 844 glaubten ihn in „Rose Berndt“ erblicken zu sollen, sie werden
1486 827 2649 882 wittweten Gatten Gabrielens, in dessen Hut er aufgewachsen
325 823 1483 878 inzwischen eines anderen belehrt sein; und ebenso wird es denen
1495 862 2656 920 ist, nunmehr doppelte Liebe entgegen. In viesen tief innerlichen
320 860 1492 918 gehen, die jetzt verkündigten, Arthur Schnitzlers „Ein¬
323 909 2660 979 samer Weg“ müsse diese Saison überstrahlen. Ein ernst= Szenen, in denen Julian um seinen Sohn wirbt, steht das
1489 949 2650 990 Schauspiel auf voller dichterischer Höhe. Dann aber erlahmt
316 947 1494 1005 haftes und gedankenreiches Werk, weit gediegener als „Der
327 994 2652 1038 Schleier der Beatrice“ aber doch nicht frei von dem Sprung= unser Interesse, weil Schnitzler zu viel Fäden miteinander ver¬
315 1027 2657 1100 haften, von der Manie, allzuviel sagen zu wollen und dabei die knüpft. Um Johanna, Wegraths und Gabrielens echte Tochter,
1486 1078 2653 1125 wirbt Stephan Sala, eine Julian kongeniale Natur. Auch er
323 1083 1496 1139 Hälfte unausgeführt zu lassen, woran schon Beatrice trotz aller
1493 1115 2665 1193 hat dem Leben allzu viel abtrotzen wollen und sucht nun nach
316 1124 1486 1178 ihrer Reize ein frühzeitiges Grab fand. Trotzhem muß es be¬
1494 1165 2652 1232 Stab und Stütze. Da nimmt sich Johanna ohne ersichtlicher
325 1173 1486 1228 merkt sein, daß wir den Wiener Poeten so starker Empfindung,
1494 1208 2652 1254 Grund das Leben. Dann sucht auch Sala den einsamen Weg
328 1212 1483 1269 so hoher und reicher Tragik kaum für fähig gehalten hätten.
1491 1254 2649 1294 So rächt sich die Jahrzehnte zurückliegende Schuld der älterei
325 1258 1492 1308 Den „Einsamen Weg“ suchen die Leute, die das Leben im Ueber¬
1490 1291 2650 1349 Generation. — Im Empfinden der Hörer freilich lebt eine leise
322 1293 1495 1351 schwang erfaßten, bis es sie leise zerbricht, weil sie zu viel von
1486 1334 2639 1397 Verstimmung ob des Schicksals Gabrielens, die, wenn auch mi
331 1337 1492 1389 ihm verlangten; die auf seiner Bahn dahinstürmen und der
316 1377 2638 1438 traulichen Winkel und Schluchten nicht achten, die den Frieden der Lüge im Herzen, dem Gatten und den Kindern ein feines
1481 1421 2651 1477 stilles Familienglück bereitete. Eine solche Lebensarbeit macht
316 1424 1494 1482 bergen, bis sie zu spät bemerken, daß sie allein sind. Damit ist
1484 1462 2648 1528 den von dem heißen Blut der Jugendzeit begangenen Fehler
329 1458 1481 1522 schon gesagt, daß das Schauspiel sich nicht in absoluter Ver¬
1495 1505 2650 1566 wett und bedarf nicht mehr der Sühne bis im zweiten Glied
312 1503 1490 1564 neinung erschöpft; über dem Ganzen schwebt, wenn auch un¬
1489 1554 2638 1600 Johannas Selbstmord bleibt unverständlich und stört den ein
316 1554 1489 1603 ausgesprochen, so doch immer gegenwärtig der Gedanke an die
1483 1596 2650 1651 heitlichen Gesamteindruck empfindlich. Immerhin hätte das
312 1598 1491 1650 positive Kraft des Menschenlums, an die Kraft der Entsagung
1487 1631 2648 1695 Stück, das im Deutschen Theater aufgeführt wurde
325 1638 1489 1693 und des Opfers, die sich bescheidet und darum stark macht. Das
1494 1680 2643 1735 einen noch weit stärkeren Erfolg verdient. Es ist voll tief ge¬
319 1683 1483 1738 Stück beginnt mit einer Sterbeszene und endet mit zwiefachem,
316 1717 2650 1778 freiwilligem Sterben. Seine Anfänge liegen nach Ibsen= schauter Lebenswahrheit, voll starker und packender Psychologie
323 1777 2654 1816 scher Art lange vor dem Eintritt der Handlung. Julian] und bleibt im Pessimismus nicht stecken. Die Charakterstärk.
321 1816 2657 1863 Pichtner, eine schwärmerische Künstlernatur, hatte schon frühzeitig des jungen Felix, wie auch die freundlich=zufriedene Art des
319 1849 2650 1907 das Leben vom Standpunkt des Eroberers, des Nichts=als= alten Wegrath zeigen zur Genüge, wo wir mit dem Dichter de
328 1895 2190 1979 Genießens angesehen. Uls ihn zu Gabriele, seines Freundes Lebens wahre Giller Arücher baben
321 1939 1494 1994 Wegrath Braut, eine unbezwingliche Leidenschaft erfaßt, da
317 1983 1490 2046 mochte er einen Augenblick daran gedacht haben, der Wider¬
1916 1997 2762 2100 Dr. Max Goldschmidt
315 2018 1488 2090 standslosen fürs ganze Leben sich anzuschließen. Gabriele wollte
319 2066 1489 2125 mit ihm fliehen doch er floh allein. So schloß die Betrogene
2027 2077 2492 2169 „ Bureau für
321 2108 1491 2172 mit Wegrath die Ehe, der von dem Vorgefallenen in seiner ver¬
309 2166 1496 2208 trauensseligen Art nichts ahnte. Zwanzig Jahre leben sie ein!
2068 2141 2604 2237 Zeitungsausschnitte
310 2189 1500 2256 glückliches Dasein, trotz des trügerischen Grundes, auf dem es
1822 2216 2824 2294 verbunden mit direktem Nachrichtendienst durch
317 2242 1510 2296 erbaut ist. Wegrath, den einst dieselben hochfliegenden Plane
2060 2273 2597 2340 eigene Korrespondenten.
313 2281 1506 2339 erfüllten, wie Julian, hat die stille Traulichkeit des Hauses dem
317 2314 1501 2378 Vollgenuß eines ungebundenen Lebens vorgezogen. Und dennoch
2349 2319 2761 2402 Telephon: III, 3051
1870 2316 2238 2403 Berlin N. 24.
321 2372 1514 2441 bricht endlich die tragische Schuld der Gattin über die Familie!
1828 2377 2853 2444 —
2097 2431 2566 2533 Ausschnitt aus
1815 2589 2670 2679 Provinzialgeilung, Geestemünde
2237 2781 2620 2885 Z1FEB 1904
1834 2942 2706 3012 Berliner Stimmungsbilder.
1744 2975 2977 3053 Im „Deutschen Theater“ vermochte Arthur¬
1642 3036 2960 3114 Schnitzlexhsfünfaktiges Schauspiel: „Der einsame
1644 3093 2947 3158 Wenwöhl Interesse zu erwecken, aber konnte sich keine Zu¬
1655 3135 2952 3199 stimmung erringen, abgesehen von jeuer der leidenschaftlichen!
1658 3184 2961 3248 Schnitzleriner, die mit ihrem Wiener Spott durch Dick und
1656 3244 2948 3310 Dünn gehen. Der müde, entsagende Zug, der sich schon in
1638 3296 2953 3352 anderen Bühnenwerken des Dichters zeigt, tritt hier gar zu
1654 3342 2949 3408 sehr in die Erscheinung, die Menschen, die uns vorgeführt
1649 3379 2961 3460 werden, sind baldiger Vernichtung geweiht, und genau so matt
1641 3444 2947 3510 wie sie ist die Handlung, deren eigentlicher Kern in der Ver¬
1643 3478 2940 3554 gangenheit spielt — ihr trüber Nachklang, der die fünf Akte
1653 3523 2951 3593 ausfüllt, läßt uns kalt, trotz einzelner guter Episoden und eines
1654 3574 2943 3649 öfteren Aufsprühens jenes Geistes und Witzes, der die bis¬
1653 3629 2945 3690 herigen Schöpfungen Schnitzler's funkelnd durchleuchtet. Da
1664 3686 2941 3749 hatte im „Berliner Theater“ Richard Skowronnek
1656 3728 2933 3799 mit seinem dreiaktigen Schauspiel: „Waterkant“, das sich
1655 3772 2947 3843 schon an auswärtigen Bühnen erprobt, einen anderen und
1643 3818 2946 3887 besseren Erfolg. Ein frisches Stück mit einer vollen Brise
1647 3872 2967 3930 gesunder Luft, die uns in der oft so schwülen Theateratmosphäre!
1655 3925 2941 3986 doppelt wohltut. Viel Humor, etwas Rührung, dazu nationale
1656 3960 2953 4033 Klänge, all' das geschickt gemischt mit einem guten, effektvollen
1649 4019 2940 4085 Schluß, nun, das fand freudige Zustimmung, selbst bei Jenen,
1649 4067 2732 4147 die sonst auf Maeterlink und Ibsen vereidigt sind! —
