<?xml version="1.0" encoding="UTF-8" standalone="yes"?>
<PcGts xmlns="http://schema.primaresearch.org/PAGE/gts/pagecontent/2013-07-15" xmlns:xsi="http://www.w3.org/2001/XMLSchema-instance" xsi:schemaLocation="http://schema.primaresearch.org/PAGE/gts/pagecontent/2013-07-15 http://schema.primaresearch.org/PAGE/gts/pagecontent/2013-07-15/pagecontent.xsd">
    <Metadata>
        <Creator>prov=University of Rostock/Institute of Mathematics/CITlab/Gundram Leifert/gundram.leifert@uni-rostock.de:name=ONB_Newseye_GT_M1+(htr_id=10810)::::v=2.4.2
prov=University of Rostock/Institute of Mathematics/CITlab/Tobias Gruening/tobias.gruening@uni-rostock.de:name=de.uros.citlab.module.baseline2polygon.B2PSeamMultiOriented:v=2.4.2
prov=University of Rostock/Institute of Mathematics/CITlab/Tobias Gruening/tobias.gruening@uni-rostock.de:name=/mnt/transkribus/LA/DEA/URO/LA_news_onb_att.pb:de.uros.citlab.segmentation.CITlab_LA_ML:v=2.4.2
Transkribus</Creator>
        <Created>2019-10-07T11:30:55.451+02:00</Created>
        <LastChange>2019-10-08T13:35:33.143+02:00</LastChange>
        <TranskribusMetadata docId="223970" pageId="9501766" pageNr="533" tsid="16582199" status="IN_PROGRESS" userId="40391" imgUrl="https://files.transkribus.eu/Get?id=NYWZNZHUGIAYWUHUKDYTZCAG&amp;fileType=view" xmlUrl="https://files.transkribus.eu/Get?id=GSZKKFTRNRZUCCVBMPTCUQWL" imageId="6191988"/>
    </Metadata>
    <Page imageFilename="223970_0533.jpeg" imageWidth="3484" imageHeight="4384">
        <ReadingOrder>
            <OrderedGroup id="ro_1711450905852" caption="Regions reading order">
                <RegionRefIndexed index="0" regionRef="r1"/>
                <RegionRefIndexed index="1" regionRef="r2"/>
                <RegionRefIndexed index="2" regionRef="r3"/>
            </OrderedGroup>
        </ReadingOrder>
        <TextRegion orientation="0.0" id="r1" custom="readingOrder {index:0;}">
            <Coords points="285,390 285,4324 2480,4324 2480,390"/>
            <TextLine id="r1l1" custom="readingOrder {index:0;}">
                <Coords points="1424,423 1468,441 1624,419 1735,439 1789,420 1859,427 1882,414 1881,367 1692,361 1641,367 1615,388 1480,366 1422,377"/>
                <Baseline points="1430,421 1456,421 1482,420 1508,420 1534,419 1561,418 1587,418 1613,417 1639,417 1666,417 1692,416 1718,415 1744,415 1771,414 1797,413 1823,412 1849,411 1876,410"/>
                <TextEquiv>
                    <Unicode>box 23/5</Unicode>
                </TextEquiv>
            </TextLine>
            <TextLine id="r1l2" custom="readingOrder {index:1;}">
                <Coords points="1103,431 1112,432 1113,430 1118,433 1121,430 1129,430 1131,432 1145,430 1152,424 1156,427 1164,424 1162,374 1154,375 1151,372 1140,377 1136,375 1134,378 1121,374 1115,378 1101,380"/>
                <Baseline points="1109,419 1157,417"/>
                <TextEquiv>
                    <Unicode>W</Unicode>
                </TextEquiv>
            </TextLine>
            <TextLine id="r1l3" custom="readingOrder {index:2;}">
                <Coords points="279,436 490,470 1268,447 1247,383 1172,430 519,444 421,429 374,385 279,398"/>
                <Baseline points="285,439 333,444 382,448 431,451 480,452 529,454 578,454 626,453 675,453 724,451 773,450 822,448 871,446 920,445 968,443 1017,442 1066,441 1115,441 1164,441 1213,443 1262,445"/>
                <TextEquiv>
                    <Unicode>1 8 e den es et e e ehee   AR R E I</Unicode>
                </TextEquiv>
            </TextLine>
            <TextLine id="r1l4" custom="readingOrder {index:3;}">
                <Coords points="782,740 1471,740 1474,686 1416,676 1339,717 1244,681 985,722 781,698"/>
                <Baseline points="788,746 822,745 856,743 890,742 924,741 958,740 992,740 1026,739 1060,738 1094,738 1128,737 1162,736 1196,736 1230,735 1264,735 1298,733 1332,733 1366,732 1400,730 1434,729 1469,727"/>
                <TextEquiv>
                    <Unicode>de neeren be w. Meulman en C.</Unicode>
                </TextEquiv>
            </TextLine>
            <TextLine id="r1l5" custom="readingOrder {index:4;}">
                <Coords points="1709,757 1767,773 2161,756 2221,745 2220,704 2066,701 1985,721 1885,718 1860,735 1792,713 1708,722"/>
                <Baseline points="1716,762 1742,761 1768,761 1794,761 1821,760 1847,758 1873,757 1899,755 1926,754 1952,753 1978,751 2004,750 2031,748 2057,747 2083,746 2109,745 2136,745 2162,744 2188,744 2215,745"/>
                <TextEquiv>
                    <Unicode>KON. SCHOUWBURG.</Unicode>
                </TextEquiv>
            </TextLine>
            <TextLine id="r1l6" custom="readingOrder {index:5;}">
                <Coords points="802,785 1342,789 1485,770 1465,738 801,761"/>
                <Baseline points="808,780 841,779 875,779 908,779 942,779 975,778 1009,778 1042,778 1076,777 1109,777 1143,776 1177,775 1210,774 1244,773 1277,772 1311,771 1344,771 1378,770 1411,768 1445,766 1479,765"/>
                <TextEquiv>
                    <Unicode> heeft voor de winnende paren on¬</Unicode>
                </TextEquiv>
            </TextLine>
            <TextLine id="r1l7" custom="readingOrder {index:6;}">
                <Coords points="1703,824 2141,806 2201,793 2201,780 2128,752 2059,749 1878,776 1828,762 1767,779 1701,771"/>
                <Baseline points="1709,809 1734,808 1760,808 1785,808 1811,806 1836,806 1862,805 1888,804 1913,803 1939,801 1964,801 1990,800 2015,798 2041,798 2067,797 2092,796 2118,795 2143,795 2169,794 2195,794"/>
                <TextEquiv>
                    <Unicode>DE HAGHESPBLBRS.</Unicode>
                </TextEquiv>
            </TextLine>
            <TextLine id="r1l8" custom="readingOrder {index:7;}">
                <Coords points="787,836 1144,838 1201,816 1439,839 1474,828 1473,772 786,799"/>
                <Baseline points="793,819 826,818 860,818 894,817 927,817 961,816 995,816 1028,816 1062,815 1096,814 1130,814 1163,814 1197,813 1231,813 1264,812 1298,812 1332,812 1365,812 1399,812 1433,812 1467,812"/>
                <TextEquiv>
                    <Unicode>s verschillende fraaie prijzen toege¬</Unicode>
                </TextEquiv>
            </TextLine>
            <TextLine id="r1l9" custom="readingOrder {index:8;}">
                <Coords points="1718,855 1877,873 2009,849 2387,855 2386,798 2316,794 2248,815 2093,800 1718,833"/>
                <Baseline points="1724,854 1756,854 1789,854 1822,854 1855,854 1888,853 1921,852 1953,851 1986,850 2019,848 2052,847 2085,845 2118,844 2151,843 2183,842 2216,841 2249,839 2282,839 2315,838 2348,838 2381,837"/>
                <TextEquiv>
                    <Unicode>De eenzame weg, vooncelspel in 5</Unicode>
                </TextEquiv>
            </TextLine>
            <TextLine id="r1l10" custom="readingOrder {index:9;}">
                <Coords points="816,904 1439,904 1489,882 1488,845 1267,862 1168,847 1138,868 1020,856 982,873 913,845 815,870"/>
                <Baseline points="822,898 855,898 888,899 921,899 954,898 987,898 1020,897 1053,896 1086,895 1119,895 1152,894 1185,893 1218,892 1251,891 1284,889 1317,889 1350,888 1383,887 1416,887 1449,886 1483,886"/>
                <TextEquiv>
                    <Unicode>middernacht werd het welgeslaag¬</Unicode>
                </TextEquiv>
            </TextLine>
            <TextLine id="r1l11" custom="readingOrder {index:10;}">
                <Coords points="1655,909 2205,905 2331,884 2330,847 1837,879 1653,858"/>
                <Baseline points="1661,907 1694,907 1727,907 1760,907 1793,906 1827,905 1860,905 1893,903 1926,902 1959,900 1993,899 2026,898 2059,896 2092,894 2125,892 2159,891 2192,890 2225,888 2258,887 2291,885 2325,883"/>
                <TextEquiv>
                    <Unicode>bedrijven, door Arthur Schnitzler.</Unicode>
                </TextEquiv>
            </TextLine>
            <TextLine id="r1l12" custom="readingOrder {index:11;}">
                <Coords points="791,937 866,956 1493,940 1492,903 1388,893 790,913"/>
                <Baseline points="797,939 831,939 865,939 900,939 934,938 969,938 1003,937 1038,936 1072,936 1107,935 1141,934 1175,933 1210,932 1244,932 1279,930 1313,930 1348,929 1382,928 1417,927 1451,926 1486,926"/>
                <TextEquiv>
                    <Unicode>oten miet een sleepende, melodieuze</Unicode>
                </TextEquiv>
            </TextLine>
            <TextLine id="r1l13" custom="readingOrder {index:12;}">
                <Coords points="1536,954 1586,978 2397,936 2396,910 2346,896 1535,928"/>
                <Baseline points="1542,957 1584,957 1626,957 1669,957 1711,956 1754,955 1796,954 1838,952 1881,951 1923,949 1966,948 2008,946 2050,944 2093,942 2135,941 2178,939 2220,938 2262,936 2305,935 2347,934 2390,933"/>
                <TextEquiv>
                    <Unicode>Dit stuk yan Schnitzler is al meer dan twin¬</Unicode>
                </TextEquiv>
            </TextLine>
            <TextLine id="r1l14" custom="readingOrder {index:13;}">
                <Coords points="783,983 935,995 1172,969 1443,990 1492,985 1491,940 997,942 946,964 814,945 782,966"/>
                <Baseline points="789,978 823,978 858,978 893,978 928,978 963,977 997,977 1032,976 1067,975 1102,974 1137,973 1171,973 1206,972 1241,971 1276,970 1311,969 1345,968 1380,966 1415,966 1450,965 1485,963"/>
                <TextEquiv>
                    <Unicode>le en, last not least, een zeer</Unicode>
                </TextEquiv>
            </TextLine>
            <TextLine id="r1l15" custom="readingOrder {index:14;}">
                <Coords points="1512,1010 2399,985 2406,950 1510,961"/>
                <Baseline points="1518,1006 1562,1003 1606,1001 1650,999 1694,997 1738,996 1782,994 1827,992 1871,990 1915,989 1959,987 2003,986 2047,984 2091,983 2136,981 2180,980 2224,979 2268,977 2312,976 2356,974 2401,973"/>
                <TextEquiv>
                    <Unicode>tig jaren oud en de Haghespelers hebben het,</Unicode>
                </TextEquiv>
            </TextLine>
            <TextLine id="r1l16" custom="readingOrder {index:15;}">
                <Coords points="785,1035 929,1015 979,1037 1039,1016 1109,1035 1133,1013 1153,1026 1324,1017 1322,978 1305,975 1214,988 1089,973 896,995 783,983"/>
                <Baseline points="791,1029 817,1027 843,1026 869,1024 896,1023 922,1022 948,1021 975,1019 1001,1018 1027,1018 1054,1016 1080,1015 1106,1015 1132,1014 1159,1012 1185,1012 1211,1011 1238,1009 1264,1009 1290,1007 1317,1005"/>
                <TextEquiv>
                    <Unicode>pplaus voor The Roamers.</Unicode>
                </TextEquiv>
            </TextLine>
            <TextLine id="r1l17" custom="readingOrder {index:16;}">
                <Coords points="1523,1044 2371,1023 2411,1013 2410,980 1521,1010"/>
                <Baseline points="1529,1039 1572,1038 1616,1037 1660,1036 1704,1035 1748,1033 1791,1032 1835,1031 1879,1030 1923,1028 1967,1027 2010,1025 2054,1023 2098,1022 2142,1020 2186,1018 2229,1017 2273,1015 2317,1012 2361,1011 2405,1008"/>
                <TextEquiv>
                    <Unicode>in de vertaling van Frans Mijnssen, al veel</Unicode>
                </TextEquiv>
            </TextLine>
            <TextLine id="r1l18" custom="readingOrder {index:17;}">
                <Coords points="1521,1085 2410,1060 2408,1014 1520,1054"/>
                <Baseline points="1527,1079 1570,1078 1614,1077 1658,1076 1702,1075 1746,1074 1789,1072 1833,1071 1877,1070 1921,1068 1965,1067 2008,1066 2052,1063 2096,1062 2140,1060 2184,1058 2227,1057 2271,1054 2315,1052 2359,1050 2403,1047"/>
                <TextEquiv>
                    <Unicode>vroeger willen spelen, maar naar het schifnt</Unicode>
                </TextEquiv>
            </TextLine>
            <TextLine id="r1l19" custom="readingOrder {index:18;}">
                <Coords points="1523,1139 1685,1113 2347,1109 2402,1091 2402,1065 1522,1086"/>
                <Baseline points="1529,1119 1572,1118 1615,1117 1659,1115 1702,1114 1746,1112 1789,1111 1832,1109 1876,1108 1919,1105 1963,1103 2006,1102 2049,1100 2093,1099 2136,1097 2180,1096 2223,1094 2266,1093 2310,1092 2353,1091 2397,1091"/>
                <TextEquiv>
                    <Unicode>heeft de roiverdeeling steeds moeilijkleden ge¬</Unicode>
                </TextEquiv>
            </TextLine>
            <TextLine id="r1l20" custom="readingOrder {index:19;}">
                <Coords points="779,1115 860,1132 917,1111 957,1133 1051,1113 1386,1122 1433,1116 1432,1064 851,1065 778,1090"/>
                <Baseline points="785,1120 817,1120 849,1120 881,1120 913,1120 945,1119 977,1118 1009,1117 1041,1116 1073,1115 1106,1114 1138,1113 1170,1112 1202,1110 1234,1109 1266,1107 1298,1106 1330,1105 1362,1104 1394,1103 1427,1103"/>
                <TextEquiv>
                    <Unicode>ISTEN LETTEREN</Unicode>
                </TextEquiv>
            </TextLine>
            <TextLine id="r1l21" custom="readingOrder {index:20;}">
                <Coords points="1522,1172 2345,1148 2416,1128 2416,1104 1520,1127"/>
                <Baseline points="1527,1162 1571,1159 1615,1157 1659,1155 1703,1153 1748,1151 1792,1150 1836,1148 1880,1147 1924,1146 1969,1144 2013,1143 2057,1142 2101,1141 2145,1139 2190,1138 2234,1136 2278,1134 2322,1132 2366,1130 2411,1128"/>
                <TextEquiv>
                    <Unicode>geven. Wat“ jammer is, want, zooals de heer</Unicode>
                </TextEquiv>
            </TextLine>
            <TextLine id="r1l22" custom="readingOrder {index:21;}">
                <Coords points="1534,1218 2422,1174 2363,1132 1532,1171"/>
                <Baseline points="1539,1196 1582,1196 1626,1195 1670,1195 1714,1194 1758,1193 1801,1191 1845,1190 1889,1189 1933,1187 1977,1186 2020,1184 2064,1182 2108,1181 2152,1179 2196,1177 2239,1175 2283,1173 2327,1172 2371,1170 2415,1168"/>
                <TextEquiv>
                    <Unicode>Verkade zeif opmerkt in zijn toclichting, die</Unicode>
                </TextEquiv>
            </TextLine>
            <TextLine id="r1l23" custom="readingOrder {index:22;}">
                <Coords points="807,1210 919,1230 952,1212 1343,1226 1459,1218 1485,1171 1419,1152 1250,1176 1076,1159 996,1195 951,1166 806,1169"/>
                <Baseline points="813,1215 846,1215 879,1215 912,1215 946,1215 979,1214 1012,1214 1046,1214 1079,1213 1112,1212 1146,1211 1179,1211 1212,1210 1245,1209 1279,1207 1312,1206 1345,1205 1379,1203 1412,1203 1445,1201 1479,1199"/>
                <TextEquiv>
                    <Unicode>NST. — BORIS GODOENOP.</Unicode>
                </TextEquiv>
            </TextLine>
            <TextLine id="r1l24" custom="readingOrder {index:23;}">
                <Coords points="1523,1244 2403,1231 2410,1174 1522,1221"/>
                <Baseline points="1529,1240 1572,1238 1616,1237 1660,1236 1704,1234 1748,1233 1791,1231 1835,1230 1879,1228 1923,1227 1967,1226 2010,1224 2054,1222 2098,1220 2142,1219 2186,1217 2229,1216 2273,1215 2317,1213 2361,1211 2405,1210"/>
                <TextEquiv>
                    <Unicode>op het programma vermeld is, heeft de oorlog</Unicode>
                </TextEquiv>
            </TextLine>
            <TextLine id="r1l25" custom="readingOrder {index:24;}">
                <Coords points="803,1257 849,1277 923,1258 1494,1248 1493,1220 1369,1210 802,1239"/>
                <Baseline points="809,1261 842,1261 876,1261 910,1260 944,1260 978,1259 1012,1259 1046,1258 1080,1257 1114,1256 1148,1255 1181,1254 1215,1253 1249,1251 1283,1250 1317,1248 1351,1247 1385,1246 1419,1244 1453,1243 1487,1241"/>
                <TextEquiv>
                    <Unicode>in het hart van Rusland geweest</Unicode>
                </TextEquiv>
            </TextLine>
            <TextLine id="r1l26" custom="readingOrder {index:25;}">
                <Coords points="1515,1281 2413,1248 2364,1215 1514,1246"/>
                <Baseline points="1521,1279 1565,1279 1609,1278 1653,1277 1698,1276 1742,1274 1786,1273 1831,1272 1875,1270 1919,1269 1964,1267 2008,1265 2052,1263 2096,1262 2141,1260 2185,1258 2229,1255 2274,1254 2318,1251 2362,1249 2407,1247"/>
                <TextEquiv>
                    <Unicode>veel veranderd en zijn met name de levens</Unicode>
                </TextEquiv>
            </TextLine>
            <TextLine id="r1l27" custom="readingOrder {index:26;}">
                <Coords points="808,1306 1467,1293 1491,1288 1490,1251 984,1261 946,1285 875,1260 807,1271"/>
                <Baseline points="814,1302 847,1302 881,1301 914,1301 948,1300 981,1299 1015,1298 1048,1297 1082,1296 1115,1296 1149,1294 1183,1293 1216,1292 1250,1290 1283,1290 1317,1288 1350,1286 1384,1285 1417,1283 1451,1282 1485,1280"/>
                <TextEquiv>
                    <Unicode>uziek, die immers is het gart der</Unicode>
                </TextEquiv>
            </TextLine>
            <TextLine id="r1l28" custom="readingOrder {index:27;}">
                <Coords points="1527,1319 1935,1328 2211,1293 2384,1304 2415,1272 1526,1285"/>
                <Baseline points="1533,1319 1576,1318 1620,1317 1664,1316 1708,1315 1752,1313 1795,1312 1839,1311 1883,1310 1927,1309 1971,1307 2014,1305 2058,1304 2102,1302 2146,1301 2190,1298 2233,1296 2277,1294 2321,1292 2365,1290 2409,1287"/>
                <TextEquiv>
                    <Unicode>opvattingen anders geworden. Aan den ande¬</Unicode>
                </TextEquiv>
            </TextLine>
            <TextLine id="r1l29" custom="readingOrder {index:28;}">
                <Coords points="811,1345 1505,1336 1504,1299 810,1312"/>
                <Baseline points="817,1340 851,1340 885,1339 919,1338 953,1337 987,1337 1021,1336 1055,1334 1089,1333 1123,1333 1158,1331 1192,1330 1226,1329 1260,1328 1294,1327 1328,1326 1362,1325 1396,1323 1430,1322 1464,1321 1499,1320"/>
                <TextEquiv>
                    <Unicode>zooals Wagner ze noemde. In Rus¬</Unicode>
                </TextEquiv>
            </TextLine>
            <TextLine id="r1l30" custom="readingOrder {index:29;}">
                <Coords points="1525,1367 2410,1337 2409,1312 2345,1294 1524,1319"/>
                <Baseline points="1531,1357 1574,1357 1618,1356 1661,1356 1705,1355 1749,1354 1792,1353 1836,1352 1879,1350 1923,1348 1967,1346 2010,1345 2054,1343 2097,1341 2141,1339 2185,1336 2228,1334 2272,1332 2315,1330 2359,1328 2403,1325"/>
                <TextEquiv>
                    <Unicode>ren kant echter kan men het stuk nu objec¬</Unicode>
                </TextEquiv>
            </TextLine>
            <TextLine id="r1l31" custom="readingOrder {index:30;}">
                <Coords points="795,1380 1388,1382 1494,1373 1507,1335 871,1343 795,1369"/>
                <Baseline points="801,1381 836,1380 871,1378 906,1377 941,1376 976,1375 1011,1374 1046,1373 1081,1372 1116,1372 1151,1371 1186,1370 1221,1369 1256,1368 1291,1367 1326,1366 1361,1365 1396,1364 1431,1362 1466,1361 1501,1359"/>
                <TextEquiv>
                    <Unicode>ind der onbeperkte Europeesche mo¬</Unicode>
                </TextEquiv>
            </TextLine>
            <TextLine id="r1l32" custom="readingOrder {index:31;}">
                <Coords points="1524,1400 2424,1374 2423,1342 2375,1333 2195,1363 1524,1373"/>
                <Baseline points="1531,1395 1575,1394 1619,1394 1664,1393 1708,1392 1752,1391 1797,1390 1841,1389 1885,1388 1930,1386 1974,1385 2018,1384 2063,1382 2107,1380 2151,1379 2196,1377 2240,1375 2284,1373 2329,1370 2373,1368 2418,1366"/>
                <TextEquiv>
                    <Unicode>tiever bezien, het stuk dat de slachtoffers</Unicode>
                </TextEquiv>
            </TextLine>
            <TextLine id="r1l33" custom="readingOrder {index:32;}">
                <Coords points="807,1435 991,1410 1021,1431 1459,1416 1499,1406 1498,1373 1341,1369 1291,1393 880,1382 806,1407"/>
                <Baseline points="813,1422 847,1420 881,1419 915,1418 949,1416 983,1415 1017,1415 1051,1414 1085,1413 1119,1412 1153,1412 1187,1411 1221,1410 1255,1409 1289,1408 1323,1407 1357,1406 1391,1404 1425,1403 1459,1402 1493,1399"/>
                <TextEquiv>
                    <Unicode>, mogen we wel zeggen. Het trekt</Unicode>
                </TextEquiv>
            </TextLine>
            <TextLine id="r1l34" custom="readingOrder {index:33;}">
                <Coords points="1518,1448 2388,1426 2415,1375 1516,1396"/>
                <Baseline points="1523,1433 1567,1433 1611,1433 1655,1433 1700,1432 1744,1431 1788,1430 1833,1428 1877,1427 1921,1425 1966,1424 2010,1422 2054,1420 2098,1418 2143,1417 2187,1416 2231,1414 2276,1413 2320,1412 2364,1411 2409,1410"/>
                <TextEquiv>
                    <Unicode>eener te individualistische levensbeschouwing</Unicode>
                </TextEquiv>
            </TextLine>
            <TextLine id="r1l35" custom="readingOrder {index:34;}">
                <Coords points="799,1469 1504,1448 1486,1418 1358,1409 798,1439"/>
                <Baseline points="804,1458 838,1459 873,1459 907,1459 942,1459 977,1458 1011,1457 1046,1457 1081,1455 1115,1454 1150,1453 1185,1451 1219,1450 1254,1448 1289,1447 1323,1446 1358,1444 1393,1443 1427,1442 1462,1442 1497,1441"/>
                <TextEquiv>
                    <Unicode>ot af, door zijn magnetische on¬</Unicode>
                </TextEquiv>
            </TextLine>
            <TextLine id="r1l36" custom="readingOrder {index:35;}">
                <Coords points="1523,1480 2425,1454 2409,1416 1522,1447"/>
                <Baseline points="1529,1475 1573,1474 1618,1473 1662,1472 1707,1471 1751,1470 1796,1469 1840,1468 1885,1466 1929,1465 1974,1464 2018,1463 2063,1461 2107,1460 2152,1458 2196,1457 2241,1455 2285,1454 2330,1451 2374,1450 2419,1447"/>
                <TextEquiv>
                    <Unicode>zien laat, waaraan onze tijd zich bezig is te</Unicode>
                </TextEquiv>
            </TextLine>
            <TextLine id="r1l37" custom="readingOrder {index:36;}">
                <Coords points="806,1498 1359,1501 1437,1475 1479,1492 1496,1448 805,1469"/>
                <Baseline points="813,1499 846,1499 880,1498 914,1497 948,1497 982,1496 1016,1495 1050,1494 1084,1493 1118,1492 1152,1491 1185,1490 1219,1488 1253,1487 1287,1486 1321,1485 1355,1484 1389,1482 1423,1481 1457,1479 1491,1478"/>
                <TextEquiv>
                    <Unicode>beid. Hoor, hoe Moessorgski er</Unicode>
                </TextEquiv>
            </TextLine>
            <TextLine id="r1l38" custom="readingOrder {index:37;}">
                <Coords points="1535,1518 1568,1530 1634,1516 1669,1525 1687,1512 1756,1521 1805,1508 1804,1492 1791,1498 1722,1474 1712,1483 1698,1475 1688,1484 1657,1478 1641,1489 1624,1476 1584,1488 1534,1485"/>
                <Baseline points="1541,1513 1566,1512 1592,1512 1618,1510 1644,1509 1670,1508 1695,1508 1721,1507 1747,1506 1773,1506 1799,1506"/>
                <TextEquiv>
                    <Unicode>ontworstelen.</Unicode>
                </TextEquiv>
            </TextLine>
            <TextLine id="r1l39" custom="readingOrder {index:38;}">
                <Coords points="827,1546 1512,1533 1510,1487 1491,1486 1311,1506 1195,1487 1065,1511 826,1501"/>
                <Baseline points="833,1538 866,1538 900,1538 933,1538 967,1537 1001,1536 1034,1535 1068,1535 1101,1533 1135,1533 1169,1532 1202,1530 1236,1529 1269,1528 1303,1527 1337,1526 1370,1525 1404,1524 1437,1523 1471,1522 1505,1522"/>
                <TextEquiv>
                    <Unicode>hoe hij den hartslag van het volk,</Unicode>
                </TextEquiv>
            </TextLine>
            <TextLine id="r1l40" custom="readingOrder {index:39;}">
                <Coords points="1565,1558 2249,1550 2410,1535 2424,1494 2112,1511 2021,1478 1565,1542"/>
                <Baseline points="1571,1551 1613,1551 1655,1550 1698,1549 1740,1549 1783,1548 1825,1547 1867,1546 1910,1545 1952,1544 1995,1543 2037,1542 2079,1540 2122,1539 2164,1537 2207,1536 2249,1534 2291,1532 2334,1529 2376,1527 2419,1524"/>
                <TextEquiv>
                    <Unicode>Allen in Schnitzler’s stuk bewandelen een</Unicode>
                </TextEquiv>
            </TextLine>
            <TextLine id="r1l41" custom="readingOrder {index:40;}">
                <Coords points="824,1581 1397,1580 1478,1570 1502,1543 1447,1525 1317,1545 1159,1531 995,1560 823,1546"/>
                <Baseline points="830,1580 863,1579 896,1578 929,1577 963,1576 996,1575 1029,1574 1063,1573 1096,1572 1129,1572 1163,1571 1196,1569 1229,1568 1262,1568 1296,1566 1329,1565 1362,1564 1396,1563 1429,1561 1462,1559 1496,1558"/>
                <TextEquiv>
                    <Unicode>ooten en de kleinen beluis¬</Unicode>
                </TextEquiv>
            </TextLine>
            <TextLine id="r1l42" custom="readingOrder {index:41;}">
                <Coords points="1530,1604 2425,1562 2356,1533 1529,1564"/>
                <Baseline points="1535,1593 1579,1591 1623,1590 1667,1589 1711,1588 1756,1587 1800,1587 1844,1586 1888,1585 1932,1585 1977,1584 2021,1583 2065,1582 2109,1580 2153,1579 2198,1577 2242,1576 2286,1574 2330,1571 2374,1568 2419,1565"/>
                <TextEquiv>
                    <Unicode>eenzamen weg: Fichtner, die slechts zijn im¬</Unicode>
                </TextEquiv>
            </TextLine>
            <TextLine id="r1l43" custom="readingOrder {index:42;}">
                <Coords points="806,1619 1515,1606 1513,1559 1020,1593 835,1577 805,1596"/>
                <Baseline points="813,1623 847,1622 882,1621 917,1620 952,1618 987,1617 1021,1615 1056,1614 1091,1613 1126,1611 1161,1609 1195,1608 1230,1606 1265,1605 1300,1604 1335,1602 1369,1601 1404,1600 1439,1599 1474,1598 1509,1596"/>
                <TextEquiv>
                    <Unicode>ij het mengsel van onderworpenheid</Unicode>
                </TextEquiv>
            </TextLine>
            <TextLine id="r1l44" custom="readingOrder {index:43;}">
                <Coords points="1539,1650 2426,1610 2424,1563 2318,1589 1538,1604"/>
                <Baseline points="1545,1633 1588,1631 1632,1631 1676,1630 1719,1629 1763,1628 1807,1627 1850,1627 1894,1626 1938,1625 1982,1624 2025,1623 2069,1622 2113,1620 2156,1619 2200,1617 2244,1615 2287,1612 2331,1609 2375,1605 2419,1601"/>
                <TextEquiv>
                    <Unicode>pulsen gevolgd heeft zonder aan de gevolgen</Unicode>
                </TextEquiv>
            </TextLine>
            <TextLine id="r1l45" custom="readingOrder {index:44;}">
                <Coords points="816,1666 1502,1643 1473,1611 1410,1604 1193,1625 1101,1611 957,1640 867,1620 815,1639"/>
                <Baseline points="823,1663 856,1661 890,1660 923,1659 957,1657 991,1656 1024,1655 1058,1653 1092,1652 1125,1651 1159,1651 1193,1649 1226,1648 1260,1648 1294,1647 1327,1646 1361,1644 1395,1642 1428,1641 1462,1639 1496,1637"/>
                <TextEquiv>
                    <Unicode>igheid, van godsdienstzin en bijge¬</Unicode>
                </TextEquiv>
            </TextLine>
            <TextLine id="r1l46" custom="readingOrder {index:45;}">
                <Coords points="1532,1678 2432,1655 2431,1617 2402,1611 1531,1640"/>
                <Baseline points="1539,1673 1583,1673 1627,1672 1671,1672 1716,1671 1760,1670 1804,1670 1849,1669 1893,1668 1937,1667 1982,1665 2026,1664 2070,1662 2114,1661 2159,1658 2203,1657 2247,1655 2292,1652 2336,1649 2380,1646 2425,1642"/>
                <TextEquiv>
                    <Unicode>te denken; Wegrath, die geleefd liceft voor</Unicode>
                </TextEquiv>
            </TextLine>
            <TextLine id="r1l47" custom="readingOrder {index:46;}">
                <Coords points="815,1699 1391,1698 1506,1679 1506,1653 814,1669"/>
                <Baseline points="821,1699 856,1698 892,1697 928,1696 963,1695 999,1694 1035,1693 1071,1692 1106,1692 1142,1691 1178,1690 1214,1689 1249,1687 1285,1687 1321,1685 1357,1683 1392,1682 1428,1681 1464,1679 1500,1677"/>
                <TextEquiv>
                    <Unicode>verwildering en edelmoedigheid, hoe</Unicode>
                </TextEquiv>
            </TextLine>
            <TextLine id="r1l48" custom="readingOrder {index:47;}">
                <Coords points="1529,1720 2185,1710 2229,1685 2417,1703 2435,1654 1528,1681"/>
                <Baseline points="1535,1713 1579,1713 1624,1713 1669,1713 1713,1712 1758,1711 1803,1710 1847,1709 1892,1707 1937,1705 1982,1704 2026,1702 2071,1700 2116,1698 2160,1696 2205,1694 2250,1692 2294,1690 2339,1688 2384,1687 2429,1685"/>
                <TextEquiv>
                    <Unicode>zijn gezin, dathij niet kent en zijn werk, dat</Unicode>
                </TextEquiv>
            </TextLine>
            <TextLine id="r1l49" custom="readingOrder {index:48;}">
                <Coords points="813,1733 941,1751 1414,1719 1503,1735 1509,1682 1413,1704 1372,1687 812,1710"/>
                <Baseline points="819,1736 853,1736 887,1736 921,1736 956,1736 990,1735 1024,1734 1058,1733 1093,1732 1127,1731 1161,1729 1195,1728 1230,1726 1264,1725 1298,1724 1332,1722 1367,1721 1401,1720 1435,1719 1469,1719 1504,1718"/>
                <TextEquiv>
                    <Unicode>trouwen op het mirakel, dat</Unicode>
                </TextEquiv>
            </TextLine>
            <TextLine id="r1l50" custom="readingOrder {index:49;}">
                <Coords points="1539,1764 2433,1731 2432,1703 2295,1691 2270,1714 2223,1691 1538,1723"/>
                <Baseline points="1545,1751 1589,1751 1633,1751 1677,1750 1721,1750 1765,1748 1809,1748 1853,1747 1897,1745 1941,1744 1986,1742 2030,1741 2074,1740 2118,1737 2162,1736 2206,1734 2250,1732 2294,1730 2338,1727 2382,1726 2427,1723"/>
                <TextEquiv>
                    <Unicode>hem niet geheel voldoet; von Sala, die zich be¬</Unicode>
                </TextEquiv>
            </TextLine>
            <TextLine id="r1l51" custom="readingOrder {index:50;}">
                <Coords points="820,1780 1432,1781 1505,1770 1504,1732 819,1745"/>
                <Baseline points="825,1776 858,1776 892,1776 926,1775 959,1775 993,1774 1027,1773 1060,1773 1094,1772 1128,1771 1162,1770 1195,1769 1229,1768 1263,1766 1296,1765 1330,1764 1364,1763 1397,1761 1431,1760 1465,1758 1499,1757"/>
                <TextEquiv>
                    <Unicode>of van het volk; op elke bladzijde</Unicode>
                </TextEquiv>
            </TextLine>
            <TextLine id="r1l52" custom="readingOrder {index:51;}">
                <Coords points="1534,1799 2389,1783 2430,1771 2429,1735 1533,1768"/>
                <Baseline points="1540,1793 1584,1793 1628,1792 1672,1791 1716,1790 1761,1789 1805,1788 1849,1786 1893,1785 1937,1783 1982,1781 2026,1780 2070,1778 2114,1777 2158,1775 2203,1773 2247,1771 2291,1770 2335,1769 2379,1767 2424,1766"/>
                <TextEquiv>
                    <Unicode>wust heeft nitgeleefd en als ook hij met leege</Unicode>
                </TextEquiv>
            </TextLine>
            <TextLine id="r1l53" custom="readingOrder {index:52;}">
                <Coords points="809,1818 1470,1819 1508,1799 1507,1773 1243,1766 1194,1792 1156,1773 955,1791 875,1776 808,1796"/>
                <Baseline points="815,1819 849,1818 883,1817 917,1816 952,1815 986,1814 1020,1813 1055,1812 1089,1811 1123,1810 1158,1809 1192,1809 1226,1808 1260,1806 1295,1805 1329,1804 1363,1802 1398,1801 1432,1799 1466,1798 1501,1796"/>
                <TextEquiv>
                    <Unicode>artituur uitspreekt. Zoo voelde cen</Unicode>
                </TextEquiv>
            </TextLine>
            <TextLine id="r1l54" custom="readingOrder {index:53;}">
                <Coords points="1540,1837 2435,1824 2406,1771 1539,1801"/>
                <Baseline points="1546,1836 1590,1835 1634,1833 1678,1832 1722,1830 1766,1829 1810,1827 1854,1826 1898,1824 1942,1823 1987,1822 2031,1820 2075,1818 2119,1817 2163,1815 2207,1813 2251,1812 2295,1811 2339,1809 2383,1807 2428,1806"/>
                <TextEquiv>
                    <Unicode>handen blijkt te staan vrijwillig den dood</Unicode>
                </TextEquiv>
            </TextLine>
            <TextLine id="r1l55" custom="readingOrder {index:54;}">
                <Coords points="816,1866 935,1868 960,1847 1035,1867 1059,1852 1183,1865 1389,1847 1388,1818 1312,1807 1268,1823 1203,1808 1020,1828 996,1811 815,1831"/>
                <Baseline points="822,1856 850,1856 878,1855 906,1855 934,1854 962,1854 990,1853 1018,1852 1046,1851 1074,1849 1102,1848 1130,1847 1158,1846 1186,1844 1214,1844 1242,1843 1270,1842 1298,1841 1326,1840 1354,1840 1383,1840"/>
                <TextEquiv>
                    <Unicode> aan omstreeks 1870.</Unicode>
                </TextEquiv>
            </TextLine>
            <TextLine id="r1l56" custom="readingOrder {index:55;}">
                <Coords points="1530,1873 2446,1847 2444,1808 1529,1840"/>
                <Baseline points="1537,1876 1582,1875 1627,1873 1672,1871 1717,1870 1762,1868 1807,1867 1852,1865 1897,1863 1942,1862 1988,1860 2033,1859 2078,1858 2123,1856 2168,1855 2213,1853 2258,1850 2303,1849 2348,1846 2393,1844 2439,1842"/>
                <TextEquiv>
                    <Unicode>zoekt; mevrouw Wegrath, wier leven op een</Unicode>
                </TextEquiv>
            </TextLine>
            <TextLine id="r1l57" custom="readingOrder {index:56;}">
                <Coords points="828,1889 1000,1909 1105,1888 1454,1900 1515,1879 1514,1844 1474,1841 828,1870"/>
                <Baseline points="835,1893 868,1893 902,1893 936,1893 969,1893 1003,1892 1037,1892 1070,1891 1104,1890 1138,1889 1172,1887 1205,1887 1239,1885 1273,1884 1306,1882 1340,1881 1374,1880 1407,1879 1441,1877 1475,1877 1509,1876"/>
                <TextEquiv>
                    <Unicode>wiekslag van het genie heeft ied</Unicode>
                </TextEquiv>
            </TextLine>
            <TextLine id="r1l58" custom="readingOrder {index:57;}">
                <Coords points="1541,1914 2435,1885 2434,1856 2390,1849 1540,1879"/>
                <Baseline points="1547,1912 1591,1911 1635,1910 1679,1909 1723,1908 1767,1907 1811,1906 1855,1904 1899,1903 1943,1901 1988,1899 2032,1898 2076,1896 2120,1895 2164,1894 2208,1892 2252,1890 2296,1889 2340,1887 2384,1886 2429,1885"/>
                <TextEquiv>
                    <Unicode>leugen gebenwd was (haar zoon Felix is de</Unicode>
                </TextEquiv>
            </TextLine>
            <TextLine id="r1l59" custom="readingOrder {index:58;}">
                <Coords points="827,1940 1518,1924 1517,1894 825,1900"/>
                <Baseline points="832,1932 866,1932 900,1932 934,1932 968,1932 1002,1932 1036,1931 1070,1930 1104,1929 1138,1928 1172,1927 1206,1926 1240,1924 1274,1923 1308,1922 1342,1921 1376,1919 1410,1918 1444,1917 1478,1916 1512,1916"/>
                <TextEquiv>
                    <Unicode>ge gisteravond van de cerste tot de</Unicode>
                </TextEquiv>
            </TextLine>
            <TextLine id="r1l60" custom="readingOrder {index:59;}">
                <Coords points="1547,1958 2309,1945 2408,1933 2439,1893 1545,1917"/>
                <Baseline points="1553,1953 1597,1952 1641,1950 1685,1949 1729,1948 1773,1946 1817,1945 1861,1944 1905,1942 1949,1941 1993,1940 2037,1938 2081,1937 2125,1935 2169,1934 2213,1932 2257,1931 2301,1929 2345,1927 2389,1926 2433,1923"/>
                <TextEquiv>
                    <Unicode>natuurlijke zoon van Fichtner); Wegrath’s</Unicode>
                </TextEquiv>
            </TextLine>
            <TextLine id="r1l61" custom="readingOrder {index:60;}">
                <Coords points="817,1971 854,1988 1516,1959 1507,1919 1439,1939 1324,1920 1260,1945 1200,1929 816,1946"/>
                <Baseline points="823,1973 857,1974 891,1973 925,1973 960,1972 994,1972 1028,1970 1063,1969 1097,1968 1131,1966 1166,1965 1200,1963 1234,1962 1268,1960 1303,1959 1337,1958 1371,1956 1406,1955 1440,1954 1474,1953 1509,1953"/>
                <TextEquiv>
                    <Unicode>t door de zaal hooren ruischen. Ik</Unicode>
                </TextEquiv>
            </TextLine>
            <TextLine id="r1l62" custom="readingOrder {index:61;}">
                <Coords points="1537,1994 2440,1969 2439,1935 2401,1929 1536,1956"/>
                <Baseline points="1543,1992 1587,1990 1632,1989 1676,1988 1721,1987 1765,1986 1810,1984 1854,1983 1899,1982 1943,1980 1988,1979 2033,1977 2077,1976 2122,1974 2166,1973 2211,1971 2255,1970 2300,1969 2344,1967 2389,1966 2434,1964"/>
                <TextEquiv>
                    <Unicode>dochter, die in een droom geleefd heeit en die</Unicode>
                </TextEquiv>
            </TextLine>
            <TextLine id="r1l63" custom="readingOrder {index:62;}">
                <Coords points="816,2015 1374,2015 1529,1992 1516,1955 1270,1980 897,1976 816,1999"/>
                <Baseline points="823,2015 858,2014 893,2014 928,2013 963,2012 998,2011 1033,2009 1068,2008 1103,2007 1138,2006 1173,2004 1208,2003 1243,2001 1278,2000 1313,1999 1348,1997 1383,1996 1418,1995 1453,1994 1488,1993 1523,1993"/>
                <TextEquiv>
                    <Unicode> stil-in zitten sidderen van eerbied</Unicode>
                </TextEquiv>
            </TextLine>
            <TextLine id="r1l64" custom="readingOrder {index:63;}">
                <Coords points="1549,2033 2396,2019 2438,2007 2437,1972 1548,2000"/>
                <Baseline points="1555,2031 1598,2030 1642,2028 1686,2027 1730,2026 1774,2024 1818,2023 1861,2022 1905,2021 1949,2019 1993,2018 2037,2017 2081,2016 2125,2015 2168,2014 2212,2012 2256,2011 2300,2008 2344,2007 2388,2005 2432,2002"/>
                <TextEquiv>
                    <Unicode>het werkelijke leven vernietigt; en Irene</Unicode>
                </TextEquiv>
            </TextLine>
            <TextLine id="r1l65" custom="readingOrder {index:64;}">
                <Coords points="828,2052 1279,2064 1339,2041 1381,2061 1521,2039 1511,1997 827,2021"/>
                <Baseline points="834,2052 868,2053 902,2053 936,2053 970,2052 1004,2051 1038,2050 1072,2049 1106,2047 1140,2046 1174,2044 1208,2043 1242,2041 1276,2040 1310,2038 1344,2037 1378,2036 1412,2035 1446,2034 1480,2034 1515,2034"/>
                <TextEquiv>
                    <Unicode>its groots, iets zoo mensche¬</Unicode>
                </TextEquiv>
            </TextLine>
            <TextLine id="r1l66" custom="readingOrder {index:65;}">
                <Coords points="1554,2086 2066,2072 2095,2049 2293,2067 2413,2053 2445,2020 1753,2031 1696,2058 1553,2038"/>
                <Baseline points="1559,2069 1603,2068 1647,2067 1691,2066 1735,2065 1779,2064 1823,2063 1867,2061 1911,2060 1955,2058 1999,2057 2043,2056 2087,2054 2131,2052 2175,2051 2219,2050 2263,2048 2307,2047 2351,2046 2395,2044 2439,2043"/>
                <TextEquiv>
                    <Unicode>Herms, de tooneelspeelster, liefhebbend maar</Unicode>
                </TextEquiv>
            </TextLine>
            <TextLine id="r1l67" custom="readingOrder {index:66;}">
                <Coords points="826,2095 907,2108 931,2095 1032,2098 1051,2085 1100,2104 1165,2088 1164,2050 1106,2065 1089,2054 979,2069 917,2053 852,2060 825,2077"/>
                <Baseline points="832,2092 857,2093 882,2093 907,2093 932,2093 957,2092 982,2091 1008,2090 1033,2088 1058,2087 1083,2085 1108,2084 1133,2083 1159,2081"/>
                <TextEquiv>
                    <Unicode>200 aparts.</Unicode>
                </TextEquiv>
            </TextLine>
            <TextLine id="r1l68" custom="readingOrder {index:67;}">
                <Coords points="1543,2123 2437,2087 2436,2060 2392,2050 1542,2088"/>
                <Baseline points="1549,2106 1593,2106 1637,2106 1681,2105 1725,2105 1769,2104 1813,2103 1857,2102 1901,2101 1945,2099 1990,2098 2034,2097 2078,2095 2122,2094 2166,2092 2210,2091 2254,2089 2298,2087 2342,2086 2386,2084 2431,2083"/>
                <TextEquiv>
                    <Unicode>vereenzaamd, omdat zij geen kinderen heeft.</Unicode>
                </TextEquiv>
            </TextLine>
            <TextLine id="r1l69" custom="readingOrder {index:68;}">
                <Coords points="834,2130 1524,2119 1523,2089 1471,2074 1099,2104 1052,2084 834,2114"/>
                <Baseline points="840,2133 873,2133 907,2132 941,2132 975,2131 1009,2130 1043,2129 1076,2128 1110,2126 1144,2125 1178,2124 1212,2122 1246,2120 1280,2119 1313,2117 1347,2116 1381,2115 1415,2114 1449,2113 1483,2113 1517,2112"/>
                <TextEquiv>
                    <Unicode>vec opstellen ter voorbereiding van</Unicode>
                </TextEquiv>
            </TextLine>
            <TextLine id="r1l70" custom="readingOrder {index:69;}">
                <Coords points="1589,2156 2438,2135 2437,2103 2362,2089 1588,2116"/>
                <Baseline points="1595,2145 1636,2145 1678,2144 1720,2143 1762,2143 1804,2142 1845,2141 1887,2141 1929,2140 1971,2139 2013,2138 2054,2137 2096,2136 2138,2135 2180,2133 2222,2132 2263,2130 2305,2128 2347,2126 2389,2124 2431,2121"/>
                <TextEquiv>
                    <Unicode>Felix Wegrath is volgens von Sala de be¬</Unicode>
                </TextEquiv>
            </TextLine>
            <TextLine id="r1l71" custom="readingOrder {index:70;}">
                <Coords points="832,2176 1518,2160 1516,2121 894,2148 830,2133"/>
                <Baseline points="838,2172 871,2173 905,2173 938,2172 972,2172 1006,2171 1039,2170 1073,2169 1107,2168 1140,2166 1174,2165 1208,2163 1241,2162 1275,2160 1309,2159 1342,2157 1376,2156 1410,2155 1443,2154 1477,2153 1511,2153"/>
                <TextEquiv>
                    <Unicode>kaan ik me de weelde gewgorloven,</Unicode>
                </TextEquiv>
            </TextLine>
            <TextLine id="r1l72" custom="readingOrder {index:71;}">
                <Coords points="1540,2191 2444,2183 2443,2139 1539,2152"/>
                <Baseline points="1547,2191 1591,2190 1636,2188 1680,2187 1725,2186 1769,2184 1814,2183 1858,2182 1903,2181 1947,2180 1992,2178 2036,2177 2081,2176 2125,2175 2170,2173 2214,2172 2259,2171 2303,2169 2348,2168 2392,2166 2437,2165"/>
                <TextEquiv>
                    <Unicode>lofte van cen nieuw geslacht (minder geest en</Unicode>
                </TextEquiv>
            </TextLine>
            <TextLine id="r1l73" custom="readingOrder {index:72;}">
                <Coords points="837,2217 1522,2201 1520,2158 1490,2157 1218,2187 1150,2166 931,2176 910,2195 836,2179"/>
                <Baseline points="843,2213 876,2212 910,2212 943,2211 977,2210 1011,2209 1044,2208 1078,2206 1111,2205 1145,2204 1179,2203 1212,2202 1246,2200 1279,2199 1313,2198 1347,2196 1380,2195 1414,2194 1447,2193 1481,2193 1515,2192"/>
                <TextEquiv>
                    <Unicode>en in vogelvlucht — wat zou ik</Unicode>
                </TextEquiv>
            </TextLine>
            <TextLine id="r1l74" custom="readingOrder {index:73;}">
                <Coords points="1553,2242 2238,2209 2438,2226 2410,2170 1552,2207"/>
                <Baseline points="1559,2231 1602,2230 1646,2230 1689,2229 1733,2228 1777,2226 1820,2224 1864,2223 1907,2221 1951,2219 1995,2218 2038,2217 2082,2215 2125,2213 2169,2212 2213,2211 2256,2210 2300,2209 2343,2208 2387,2207 2431,2207"/>
                <TextEquiv>
                    <Unicode>meer houding), die ten slotte den vader, die</Unicode>
                </TextEquiv>
            </TextLine>
            <TextLine id="r1l75" custom="readingOrder {index:74;}">
                <Coords points="822,2276 1281,2238 1350,2268 1377,2245 1422,2259 1522,2236 1513,2199 1312,2201 1288,2224 1200,2201 1006,2224 915,2208 821,2233"/>
                <Baseline points="827,2255 861,2254 895,2252 930,2250 964,2249 999,2248 1033,2247 1067,2246 1102,2244 1136,2244 1171,2242 1205,2242 1239,2240 1274,2240 1308,2239 1343,2238 1377,2236 1411,2235 1446,2234 1480,2232 1515,2231"/>
                <TextEquiv>
                    <Unicode>edere maat verwijlen — de partituur</Unicode>
                </TextEquiv>
            </TextLine>
            <TextLine id="r1l76" custom="readingOrder {index:75;}">
                <Coords points="1549,2274 2439,2263 2438,2231 2379,2213 1548,2247"/>
                <Baseline points="1555,2271 1598,2269 1642,2268 1686,2267 1730,2266 1774,2265 1818,2264 1861,2262 1905,2261 1949,2260 1993,2259 2037,2257 2081,2256 2125,2254 2168,2252 2212,2251 2256,2249 2300,2247 2344,2246 2388,2244 2432,2242"/>
                <TextEquiv>
                    <Unicode>hem verzorgd en opgevoed heeft, verkiest bo¬</Unicode>
                </TextEquiv>
            </TextLine>
            <TextLine id="r1l77" custom="readingOrder {index:76;}">
                <Coords points="1553,2319 2441,2282 2423,2253 2225,2252 1552,2287"/>
                <Baseline points="1559,2309 1602,2307 1646,2306 1690,2305 1734,2303 1778,2302 1821,2301 1865,2300 1909,2299 1953,2298 1997,2298 2040,2296 2084,2296 2128,2294 2172,2293 2216,2292 2259,2290 2303,2288 2347,2287 2391,2284 2435,2282"/>
                <TextEquiv>
                    <Unicode>ven zijn natuurlijken vader. En dan is daar</Unicode>
                </TextEquiv>
            </TextLine>
            <TextLine id="r1l78" custom="readingOrder {index:77;}">
                <Coords points="827,2321 979,2343 1525,2313 1524,2281 1467,2290 1407,2261 1377,2283 1317,2270 1201,2292 1137,2263 973,2305 826,2285"/>
                <Baseline points="833,2329 867,2330 901,2330 935,2330 970,2330 1004,2329 1038,2328 1073,2327 1107,2326 1141,2324 1176,2323 1210,2321 1244,2320 1278,2318 1313,2317 1347,2315 1381,2314 1416,2312 1450,2311 1484,2310 1519,2309"/>
                <TextEquiv>
                    <Unicode>rd vooraf. De kwestie det bewer¬</Unicode>
                </TextEquiv>
            </TextLine>
            <TextLine id="r1l79" custom="readingOrder {index:78;}">
                <Coords points="1554,2352 1717,2345 1755,2366 2187,2330 2283,2352 2356,2329 2355,2298 2319,2291 1553,2319"/>
                <Baseline points="1560,2351 1599,2349 1639,2347 1678,2346 1718,2344 1757,2343 1797,2342 1836,2340 1876,2339 1915,2338 1955,2337 1994,2336 2034,2335 2073,2335 2113,2333 2152,2332 2192,2331 2231,2329 2271,2328 2310,2326 2350,2324"/>
                <TextEquiv>
                    <Unicode>nog de dokter, de troostende en gevende</Unicode>
                </TextEquiv>
            </TextLine>
            <TextLine id="r1l80" custom="readingOrder {index:79;}">
                <Coords points="833,2376 1514,2358 1531,2321 866,2334 832,2353"/>
                <Baseline points="839,2371 873,2370 907,2370 941,2369 976,2368 1010,2367 1044,2367 1079,2365 1113,2364 1147,2362 1182,2361 1216,2360 1250,2358 1284,2357 1319,2355 1353,2354 1387,2353 1422,2352 1456,2351 1490,2350 1525,2349"/>
                <TextEquiv>
                    <Unicode>Rimsky Korsakof — er zit heei wat</Unicode>
                </TextEquiv>
            </TextLine>
            <TextLine id="r1l81" custom="readingOrder {index:80;}">
                <Coords points="1551,2400 2454,2365 2453,2339 2369,2325 1550,2361"/>
                <Baseline points="1557,2390 1601,2388 1646,2386 1690,2385 1735,2383 1779,2382 1824,2381 1868,2379 1913,2378 1957,2377 2002,2376 2046,2375 2091,2373 2135,2372 2180,2371 2224,2369 2269,2367 2313,2366 2358,2364 2402,2362 2447,2360"/>
                <TextEquiv>
                    <Unicode>guur, die zii eenzaam leven leeft en anderen</Unicode>
                </TextEquiv>
            </TextLine>
            <TextLine id="r1l82" custom="readingOrder {index:81;}">
                <Coords points="858,2409 930,2432 1028,2405 1513,2403 1535,2394 1534,2356 857,2380"/>
                <Baseline points="864,2410 897,2410 930,2410 963,2409 997,2409 1030,2408 1063,2407 1096,2406 1130,2405 1163,2404 1196,2403 1229,2402 1263,2401 1296,2399 1329,2397 1362,2396 1396,2395 1429,2393 1462,2392 1495,2390 1529,2388"/>
                <TextEquiv>
                    <Unicode> kan ik hier op dit oogenblik niet</Unicode>
                </TextEquiv>
            </TextLine>
            <TextLine id="r1l83" custom="readingOrder {index:82;}">
                <Coords points="1561,2442 2444,2417 2442,2363 1559,2407"/>
                <Baseline points="1566,2428 1609,2426 1653,2425 1696,2424 1740,2423 1783,2422 1827,2421 1870,2419 1914,2418 1957,2417 2001,2416 2045,2414 2088,2413 2132,2412 2175,2410 2219,2409 2262,2407 2306,2406 2349,2404 2393,2403 2437,2401"/>
                <TextEquiv>
                    <Unicode>steunt, terwijl hij zelf zelden of nooit mag ont¬</Unicode>
                </TextEquiv>
            </TextLine>
            <TextLine id="r1l84" custom="readingOrder {index:83;}">
                <Coords points="842,2460 1483,2442 1537,2432 1536,2396 965,2411 930,2432 885,2407 841,2433"/>
                <Baseline points="847,2447 881,2448 915,2449 949,2449 983,2449 1018,2448 1052,2448 1086,2447 1120,2446 1154,2445 1189,2444 1223,2442 1257,2441 1291,2439 1325,2437 1360,2436 1394,2434 1428,2433 1462,2431 1496,2429 1531,2428"/>
                <TextEquiv>
                    <Unicode>Ik voor mij geloof, dat al moge die</Unicode>
                </TextEquiv>
            </TextLine>
            <TextLine id="r1l85" custom="readingOrder {index:84;}">
                <Coords points="1566,2472 2420,2461 2446,2455 2445,2416 1565,2442"/>
                <Baseline points="1572,2468 1615,2467 1658,2465 1702,2464 1745,2462 1789,2461 1832,2460 1875,2458 1919,2458 1962,2456 2006,2455 2049,2454 2092,2453 2136,2451 2179,2450 2223,2450 2266,2448 2309,2448 2353,2447 2396,2446 2440,2446"/>
                <TextEquiv>
                    <Unicode>vangen; zoo verzet Johanna Wegrath zich te¬</Unicode>
                </TextEquiv>
            </TextLine>
            <TextLine id="r1l86" custom="readingOrder {index:85;}">
                <Coords points="844,2492 1534,2476 1532,2430 1435,2453 1383,2437 843,2460"/>
                <Baseline points="850,2490 883,2490 917,2489 951,2488 985,2488 1019,2487 1053,2486 1086,2486 1120,2485 1154,2484 1188,2483 1222,2481 1256,2480 1290,2479 1323,2477 1357,2476 1391,2474 1425,2472 1459,2470 1493,2468 1527,2466"/>
                <TextEquiv>
                    <Unicode>hier en daar aangrijpend ziin vol¬</Unicode>
                </TextEquiv>
            </TextLine>
            <TextLine id="r1l87" custom="readingOrder {index:86;}">
                <Coords points="1551,2520 2386,2498 2385,2461 2286,2450 1551,2489"/>
                <Baseline points="1557,2511 1598,2508 1639,2507 1680,2505 1721,2503 1762,2502 1803,2500 1844,2499 1885,2498 1926,2498 1968,2496 2009,2495 2050,2494 2091,2493 2132,2492 2173,2491 2214,2489 2255,2487 2296,2485 2337,2483 2379,2479"/>
                <TextEquiv>
                    <Unicode>gen zijn ließie, alsof hij haar vijand ware.</Unicode>
                </TextEquiv>
            </TextLine>
            <TextLine id="r1l88" custom="readingOrder {index:87;}">
                <Coords points="837,2533 1540,2516 1498,2474 1406,2493 918,2491 836,2512"/>
                <Baseline points="843,2531 877,2530 912,2529 946,2529 981,2528 1015,2526 1050,2525 1084,2524 1119,2523 1153,2522 1188,2521 1222,2519 1257,2517 1291,2515 1326,2514 1360,2513 1395,2511 1429,2509 1464,2507 1498,2505 1533,2504"/>
                <TextEquiv>
                    <Unicode>rs, het machtig instinctieve en groot¬</Unicode>
                </TextEquiv>
            </TextLine>
            <TextLine id="r1l89" custom="readingOrder {index:88;}">
                <Coords points="1595,2551 2427,2533 2455,2529 2454,2482 1594,2521"/>
                <Baseline points="1601,2542 1643,2543 1685,2543 1728,2543 1770,2543 1813,2542 1855,2541 1897,2540 1940,2538 1982,2536 2025,2535 2067,2533 2109,2531 2152,2529 2194,2527 2237,2525 2279,2524 2321,2522 2364,2521 2406,2520 2449,2519"/>
                <TextEquiv>
                    <Unicode>Schnitzler heeft „deze zeven menschen fot.</Unicode>
                </TextEquiv>
            </TextLine>
            <TextLine id="r1l90" custom="readingOrder {index:89;}">
                <Coords points="914,2571 1187,2577 1536,2550 1535,2519 1516,2514 1417,2532 1340,2518 913,2538"/>
                <Baseline points="920,2568 950,2566 980,2564 1011,2563 1041,2562 1072,2561 1102,2560 1133,2559 1163,2559 1194,2558 1224,2557 1254,2557 1285,2556 1315,2555 1346,2554 1376,2552 1407,2551 1437,2548 1468,2546 1498,2543 1529,2540"/>
                <TextEquiv>
                    <Unicode>van Moussorgski, dat de inge¬</Unicode>
                </TextEquiv>
            </TextLine>
            <TextLine id="r1l91" custom="readingOrder {index:90;}">
                <Coords points="843,2574 863,2572 871,2579 875,2579 882,2572 888,2571 893,2574 902,2566 906,2569 912,2569 912,2548 904,2548 883,2541 879,2536 872,2539 868,2537 859,2539 852,2533 845,2533"/>
                <Baseline points="850,2567 878,2566 906,2569"/>
                <TextEquiv>
                    <Unicode>e</Unicode>
                </TextEquiv>
            </TextLine>
            <TextLine id="r1l92" custom="readingOrder {index:91;}">
                <Coords points="1553,2595 2440,2572 2450,2535 1551,2547"/>
                <Baseline points="1559,2586 1603,2586 1647,2585 1691,2584 1736,2583 1780,2582 1824,2581 1869,2579 1913,2578 1957,2577 2002,2575 2046,2574 2090,2572 2134,2571 2179,2570 2223,2568 2267,2567 2312,2566 2356,2565 2400,2564 2445,2563"/>
                <TextEquiv>
                    <Unicode>levende figtren gemaakt, allen zoo verschil¬</Unicode>
                </TextEquiv>
            </TextLine>
            <TextLine id="r1l93" custom="readingOrder {index:92;}">
                <Coords points="836,2611 1544,2589 1524,2550 835,2577"/>
                <Baseline points="842,2612 876,2611 911,2609 946,2608 981,2607 1015,2606 1050,2604 1085,2604 1120,2603 1154,2601 1189,2600 1224,2599 1259,2598 1293,2597 1328,2596 1363,2594 1398,2592 1432,2591 1467,2590 1502,2588 1537,2586"/>
                <TextEquiv>
                    <Unicode>ddellijk voelt, wordt er natuurlijk</Unicode>
                </TextEquiv>
            </TextLine>
            <TextLine id="r1l94" custom="readingOrder {index:93;}">
                <Coords points="1565,2630 2349,2598 2395,2618 2455,2603 2455,2578 1563,2597"/>
                <Baseline points="1571,2627 1614,2626 1658,2625 1702,2625 1746,2623 1790,2622 1834,2621 1878,2619 1922,2617 1966,2616 2010,2614 2053,2613 2097,2611 2141,2610 2185,2608 2229,2606 2273,2604 2317,2603 2361,2602 2405,2601 2449,2600"/>
                <TextEquiv>
                    <Unicode>lend en alleenstaand, terwijl hun levens toch</Unicode>
                </TextEquiv>
            </TextLine>
            <TextLine id="r1l95" custom="readingOrder {index:94;}">
                <Coords points="842,2663 1512,2647 1537,2644 1536,2603 1126,2615 1014,2598 841,2630"/>
                <Baseline points="848,2650 882,2649 916,2649 950,2648 984,2647 1018,2646 1052,2645 1087,2643 1121,2642 1155,2641 1189,2639 1223,2638 1257,2636 1291,2635 1326,2633 1360,2631 1394,2630 1428,2629 1462,2628 1496,2627 1531,2626"/>
                <TextEquiv>
                    <Unicode>angetast. Wat de instrumentatie be¬</Unicode>
                </TextEquiv>
            </TextLine>
            <TextLine id="r1l96" custom="readingOrder {index:95;}">
                <Coords points="1564,2684 2408,2657 2442,2611 1562,2644"/>
                <Baseline points="1569,2667 1612,2666 1655,2665 1699,2664 1742,2662 1786,2660 1829,2659 1872,2657 1916,2655 1959,2653 2003,2651 2046,2650 2089,2648 2133,2647 2176,2645 2220,2643 2263,2642 2306,2641 2350,2640 2393,2639 2437,2639"/>
                <TextEquiv>
                    <Unicode>in die mate onderling met elkander verstren¬</Unicode>
                </TextEquiv>
            </TextLine>
            <TextLine id="r1l97" custom="readingOrder {index:96;}">
                <Coords points="837,2698 1510,2676 1545,2661 1544,2633 1433,2634 1396,2659 1352,2637 835,2661"/>
                <Baseline points="843,2690 877,2689 912,2688 947,2686 982,2686 1017,2685 1051,2684 1086,2683 1121,2682 1156,2681 1191,2680 1225,2679 1260,2678 1295,2677 1330,2675 1365,2674 1399,2672 1434,2670 1469,2667 1504,2665 1539,2661"/>
                <TextEquiv>
                    <Unicode>gewuad van den in dezen con¬</Unicode>
                </TextEquiv>
            </TextLine>
            <TextLine id="r1l98" custom="readingOrder {index:97;}">
                <Coords points="1557,2717 2379,2698 2452,2683 2451,2654 1556,2688"/>
                <Baseline points="1563,2711 1607,2708 1651,2707 1695,2705 1739,2704 1783,2701 1827,2700 1872,2698 1916,2696 1960,2694 2004,2692 2048,2691 2092,2689 2136,2688 2181,2686 2225,2684 2269,2683 2313,2681 2357,2679 2401,2678 2446,2676"/>
                <TextEquiv>
                    <Unicode>geld zijn en sämengegroeid, dat zij als cen ge¬</Unicode>
                </TextEquiv>
            </TextLine>
            <TextLine id="r1l99" custom="readingOrder {index:98;}">
                <Coords points="915,2733 1533,2713 1516,2673 914,2697"/>
                <Baseline points="921,2723 951,2724 981,2724 1011,2724 1042,2724 1072,2724 1102,2723 1133,2722 1163,2721 1193,2720 1224,2719 1254,2717 1284,2716 1314,2715 1345,2712 1375,2711 1405,2710 1436,2709 1466,2707 1496,2705 1527,2704"/>
                <TextEquiv>
                    <Unicode>Rimsky is wel buitenge¬</Unicode>
                </TextEquiv>
            </TextLine>
            <TextLine id="r1l100" custom="readingOrder {index:99;}">
                <Coords points="856,2738 866,2737 880,2740 882,2738 892,2738 900,2731 910,2731 907,2701 901,2701 895,2697 886,2703 877,2700 867,2711 863,2709 862,2711 854,2711"/>
                <Baseline points="862,2726 903,2723"/>
                <TextEquiv>
                    <Unicode>n</Unicode>
                </TextEquiv>
            </TextLine>
            <TextLine id="r1l101" custom="readingOrder {index:100;}">
                <Coords points="1566,2758 2402,2734 2461,2726 2460,2694 1565,2728"/>
                <Baseline points="1571,2746 1615,2746 1659,2745 1703,2745 1747,2744 1792,2742 1836,2740 1880,2739 1924,2737 1968,2735 2013,2732 2057,2731 2101,2729 2145,2726 2189,2724 2234,2723 2278,2720 2322,2719 2366,2717 2410,2716 2455,2715"/>
                <TextEquiv>
                    <Unicode>meenschap amdoen. Hij heeft ze voor ons ont¬</Unicode>
                </TextEquiv>
            </TextLine>
            <TextLine id="r1l102" custom="readingOrder {index:101;}">
                <Coords points="852,2777 1540,2748 1526,2712 851,2743"/>
                <Baseline points="858,2768 891,2766 925,2765 959,2764 993,2763 1026,2762 1060,2762 1094,2761 1128,2760 1161,2759 1195,2759 1229,2758 1263,2756 1296,2756 1330,2754 1364,2753 1398,2751 1431,2749 1465,2747 1499,2745 1533,2742"/>
                <TextEquiv>
                    <Unicode>chitterend, bepaald doorfoo¬</Unicode>
                </TextEquiv>
            </TextLine>
            <TextLine id="r1l103" custom="readingOrder {index:102;}">
                <Coords points="1565,2802 2159,2759 2457,2771 2464,2722 1564,2763"/>
                <Baseline points="1571,2787 1615,2786 1659,2785 1704,2784 1748,2782 1793,2781 1837,2779 1881,2777 1926,2775 1970,2774 2015,2772 2059,2770 2103,2768 2148,2766 2192,2765 2237,2763 2281,2762 2325,2760 2370,2759 2414,2758 2459,2757"/>
                <TextEquiv>
                    <Unicode>leed in hun diepste wezen met de koelheid en.</Unicode>
                </TextEquiv>
            </TextLine>
            <TextLine id="r1l104" custom="readingOrder {index:103;}">
                <Coords points="838,2793 888,2819 997,2818 1079,2796 1153,2811 1551,2786 1550,2752 1498,2750 838,2782"/>
                <Baseline points="845,2806 880,2806 915,2805 950,2804 985,2803 1020,2802 1055,2800 1090,2800 1125,2798 1160,2797 1195,2795 1230,2793 1265,2792 1300,2791 1335,2791 1370,2790 1405,2789 1440,2788 1475,2788 1510,2788 1545,2788"/>
                <TextEquiv>
                    <Unicode>vonder van schoonheid en ongetwij¬</Unicode>
                </TextEquiv>
            </TextLine>
            <TextLine id="r1l105" custom="readingOrder {index:104;}">
                <Coords points="1567,2828 2449,2797 2403,2762 1566,2802"/>
                <Baseline points="1573,2828 1616,2827 1660,2825 1703,2824 1747,2822 1790,2821 1834,2819 1877,2818 1921,2815 1964,2814 2008,2812 2051,2810 2095,2808 2138,2807 2182,2804 2225,2803 2269,2801 2312,2800 2356,2798 2399,2797 2443,2795"/>
                <TextEquiv>
                    <Unicode>zekerheid u#n #en chirurg, maar ondanks alle</Unicode>
                </TextEquiv>
            </TextLine>
            <TextLine id="r1l106" custom="readingOrder {index:105;}">
                <Coords points="836,2837 953,2860 1024,2840 1258,2834 1299,2854 1386,2828 1537,2836 1536,2802 1362,2787 1299,2807 836,2816"/>
                <Baseline points="843,2844 877,2844 911,2844 946,2843 980,2843 1015,2842 1049,2841 1083,2840 1118,2839 1152,2839 1187,2837 1221,2836 1255,2835 1290,2834 1324,2832 1359,2832 1393,2831 1427,2830 1462,2828 1496,2827 1531,2827"/>
                <TextEquiv>
                    <Unicode>orname factor, toch geloof ik niet,</Unicode>
                </TextEquiv>
            </TextLine>
            <TextLine id="r1l107" custom="readingOrder {index:106;}">
                <Coords points="1563,2859 2403,2854 2463,2831 2462,2800 1562,2841"/>
                <Baseline points="1569,2869 1613,2868 1657,2866 1702,2865 1746,2863 1791,2862 1835,2860 1879,2858 1924,2856 1968,2854 2013,2853 2057,2851 2101,2849 2146,2847 2190,2845 2235,2843 2279,2841 2323,2840 2368,2838 2412,2837 2457,2835"/>
                <TextEquiv>
                    <Unicode>objectivkeit sarmede hij dit deed, hebben</Unicode>
                </TextEquiv>
            </TextLine>
            <TextLine id="r1l108" custom="readingOrder {index:107;}">
                <Coords points="849,2896 1067,2913 1274,2876 1341,2897 1382,2879 1547,2891 1544,2835 1487,2830 848,2857"/>
                <Baseline points="855,2888 889,2888 923,2889 957,2889 991,2888 1026,2887 1060,2886 1094,2885 1128,2883 1162,2881 1197,2879 1231,2878 1265,2875 1299,2873 1333,2872 1368,2871 1402,2869 1436,2868 1470,2867 1504,2867 1539,2867"/>
                <TextEquiv>
                    <Unicode>s zoodanig per slot cen conditio sine</Unicode>
                </TextEquiv>
            </TextLine>
            <TextLine id="r1l109" custom="readingOrder {index:108;}">
                <Coords points="1575,2911 2420,2883 2463,2866 2462,2836 2263,2864 2186,2842 1573,2868"/>
                <Baseline points="1581,2906 1624,2905 1668,2904 1712,2903 1756,2902 1800,2900 1844,2898 1887,2897 1931,2895 1975,2892 2019,2891 2063,2889 2107,2887 2151,2885 2194,2883 2238,2881 2282,2879 2326,2877 2370,2876 2414,2875 2458,2874"/>
                <TextEquiv>
                    <Unicode>deze zeven eesteskinderen van hem allen een</Unicode>
                </TextEquiv>
            </TextLine>
            <TextLine id="r1l110" custom="readingOrder {index:109;}">
                <Coords points="1565,2948 2455,2921 2453,2891 2398,2875 1564,2919"/>
                <Baseline points="1571,2948 1614,2946 1658,2944 1702,2942 1746,2941 1790,2939 1834,2937 1877,2935 1921,2933 1965,2931 2009,2930 2053,2928 2097,2926 2141,2924 2184,2923 2228,2921 2272,2919 2316,2918 2360,2917 2404,2915 2448,2914"/>
                <TextEquiv>
                    <Unicode>gevoeligheiden warmte mede gekregen, die</Unicode>
                </TextEquiv>
            </TextLine>
            <TextLine id="r1l111" custom="readingOrder {index:110;}">
                <Coords points="857,2952 1486,2954 1537,2947 1537,2910 906,2910 857,2936"/>
                <Baseline points="863,2949 896,2949 929,2949 963,2949 996,2949 1030,2949 1063,2949 1096,2949 1130,2948 1163,2948 1197,2948 1230,2947 1263,2947 1297,2946 1330,2946 1364,2946 1397,2945 1430,2945 1464,2944 1497,2943 1531,2943"/>
                <TextEquiv>
                    <Unicode>Het klooster en het geknechte, ge¬</Unicode>
                </TextEquiv>
            </TextLine>
            <TextLine id="r1l112" custom="readingOrder {index:111;}">
                <Coords points="1569,2986 2455,2959 2454,2921 2372,2914 2312,2943 1568,2947"/>
                <Baseline points="1575,2985 1618,2983 1662,2982 1706,2979 1749,2978 1793,2976 1837,2975 1880,2974 1924,2973 1968,2971 2012,2969 2055,2968 2099,2967 2143,2965 2186,2964 2230,2962 2274,2961 2317,2959 2361,2957 2405,2956 2449,2954"/>
                <TextEquiv>
                    <Unicode>ons nader tot de menschheid brengt, omdat</Unicode>
                </TextEquiv>
            </TextLine>
            <TextLine id="r1l113" custom="readingOrder {index:112;}">
                <Coords points="854,2999 1538,2982 1537,2958 1462,2945 1208,2966 854,2958"/>
                <Baseline points="860,2988 893,2989 927,2990 960,2991 994,2991 1027,2991 1061,2991 1094,2991 1128,2990 1161,2990 1195,2989 1229,2988 1262,2987 1296,2986 1329,2985 1363,2984 1396,2983 1430,2982 1463,2982 1497,2981 1531,2981"/>
                <TextEquiv>
                    <Unicode>##er voor, Stil en fel muzikaal ge¬</Unicode>
                </TextEquiv>
            </TextLine>
            <TextLine id="r1l114" custom="readingOrder {index:113;}">
                <Coords points="1565,3028 2327,2992 2401,3012 2461,2966 1564,2997"/>
                <Baseline points="1571,3023 1615,3022 1659,3021 1703,3020 1748,3019 1792,3018 1836,3016 1880,3014 1925,3013 1969,3011 2013,3010 2057,3008 2102,3006 2146,3004 2190,3004 2234,3002 2279,3001 2323,3000 2367,2999 2411,2998 2456,2998"/>
                <TextEquiv>
                    <Unicode>deze conzame figuren allen zoozeer de gene¬</Unicode>
                </TextEquiv>
            </TextLine>
            <TextLine id="r1l115" custom="readingOrder {index:114;}">
                <Coords points="855,3032 1527,3034 1547,2997 855,3000"/>
                <Baseline points="862,3030 897,3030 933,3030 969,3030 1004,3030 1040,3030 1076,3030 1112,3030 1147,3029 1183,3029 1219,3028 1255,3027 1290,3027 1326,3026 1362,3024 1398,3023 1433,3022 1469,3020 1505,3018 1541,3016"/>
                <TextEquiv>
                    <Unicode>irect met de grootste en sterk ge¬</Unicode>
                </TextEquiv>
            </TextLine>
            <TextLine id="r1l116" custom="readingOrder {index:115;}">
                <Coords points="1575,3076 2433,3049 2454,2990 2250,3025 1573,3024"/>
                <Baseline points="1581,3065 1624,3064 1667,3064 1711,3062 1754,3061 1798,3059 1841,3057 1884,3056 1928,3053 1971,3051 2015,3049 2058,3047 2101,3045 2145,3043 2188,3042 2232,3040 2275,3039 2318,3038 2362,3037 2405,3036 2449,3036"/>
                <TextEquiv>
                    <Unicode>genheld, de warmte en de liefde behoeven,</Unicode>
                </TextEquiv>
            </TextLine>
            <TextLine id="r1l117" custom="readingOrder {index:116;}">
                <Coords points="855,3057 912,3083 1382,3057 1525,3072 1537,3031 854,3042"/>
                <Baseline points="861,3069 894,3069 928,3069 961,3069 995,3069 1028,3068 1062,3068 1095,3068 1129,3068 1162,3067 1196,3067 1229,3066 1263,3066 1296,3065 1330,3064 1363,3063 1397,3062 1430,3060 1464,3058 1497,3057 1531,3054"/>
                <TextEquiv>
                    <Unicode>reerde intensiteit van uitdruk¬</Unicode>
                </TextEquiv>
            </TextLine>
            <TextLine id="r1l118" custom="readingOrder {index:117;}">
                <Coords points="1577,3103 2456,3085 2454,3044 2424,3040 1576,3075"/>
                <Baseline points="1583,3098 1626,3098 1669,3098 1712,3097 1756,3096 1799,3095 1842,3094 1886,3093 1929,3092 1972,3090 2016,3089 2059,3087 2102,3086 2145,3083 2189,3082 2232,3080 2275,3079 2319,3077 2362,3075 2405,3074 2449,3072"/>
                <TextEquiv>
                    <Unicode>waarmede zi als onverstandige kinderen spe¬</Unicode>
                </TextEquiv>
            </TextLine>
            <TextLine id="r1l119" custom="readingOrder {index:118;}">
                <Coords points="845,3103 1433,3122 1462,3096 1554,3098 1553,3068 1425,3062 1120,3086 844,3072"/>
                <Baseline points="851,3109 885,3109 920,3108 955,3107 990,3107 1025,3106 1060,3106 1094,3105 1129,3105 1164,3104 1199,3104 1234,3103 1269,3103 1304,3102 1338,3102 1373,3101 1408,3101 1443,3100 1478,3100 1513,3099 1548,3098"/>
                <TextEquiv>
                    <Unicode>ecretaris van een Doema krijgt cen</Unicode>
                </TextEquiv>
            </TextLine>
            <TextLine id="r1l120" custom="readingOrder {index:119;}">
                <Coords points="1570,3147 2342,3136 2439,3128 2456,3094 1568,3107"/>
                <Baseline points="1575,3138 1618,3138 1662,3138 1706,3137 1750,3136 1794,3135 1837,3134 1881,3133 1925,3131 1969,3129 2013,3128 2056,3126 2100,3124 2144,3122 2188,3120 2232,3119 2275,3117 2319,3116 2363,3115 2407,3114 2451,3113"/>
                <TextEquiv>
                    <Unicode>len, of waarmede door anderen gespeeld wordt.</Unicode>
                </TextEquiv>
            </TextLine>
            <TextLine id="r1l121" custom="readingOrder {index:120;}">
                <Coords points="854,3152 1546,3154 1545,3109 1472,3096 1437,3123 1027,3108 854,3134"/>
                <Baseline points="860,3147 895,3147 931,3147 967,3147 1002,3147 1038,3147 1074,3146 1110,3146 1145,3145 1181,3144 1217,3143 1253,3142 1288,3141 1324,3140 1360,3139 1396,3139 1431,3138 1467,3137 1503,3137 1539,3137"/>
                <TextEquiv>
                    <Unicode>ortret, dat we niet vergeten. Het</Unicode>
                </TextEquiv>
            </TextLine>
            <TextLine id="r1l122" custom="readingOrder {index:121;}">
                <Coords points="1612,3191 2391,3169 2463,3155 2462,3119 1610,3147"/>
                <Baseline points="1618,3178 1662,3178 1706,3177 1750,3176 1794,3175 1838,3173 1882,3172 1927,3170 1971,3169 2015,3167 2059,3165 2103,3164 2147,3162 2192,3160 2236,3159 2280,3158 2324,3156 2368,3156 2412,3155 2457,3154"/>
                <TextEquiv>
                    <Unicode>Het verlangen naar minder geest en meer</Unicode>
                </TextEquiv>
            </TextLine>
            <TextLine id="r1l123" custom="readingOrder {index:122;}">
                <Coords points="853,3188 1354,3192 1361,3160 1307,3143 1126,3162 1006,3147 918,3164 889,3151 852,3176"/>
                <Baseline points="859,3185 885,3186 911,3187 937,3187 963,3187 989,3187 1015,3187 1041,3187 1067,3186 1093,3186 1120,3185 1146,3184 1172,3184 1198,3183 1224,3182 1250,3181 1276,3180 1302,3180 1328,3179 1355,3178"/>
                <TextEquiv>
                    <Unicode>kt wonderbaarlijk raak.</Unicode>
                </TextEquiv>
            </TextLine>
            <TextLine id="r1l124" custom="readingOrder {index:123;}">
                <Coords points="1571,3218 2428,3216 2462,3211 2461,3166 1570,3185"/>
                <Baseline points="1577,3219 1620,3217 1664,3216 1708,3214 1752,3213 1796,3212 1840,3210 1884,3209 1928,3208 1972,3206 2016,3205 2059,3204 2103,3202 2147,3201 2191,3200 2235,3198 2279,3197 2323,3195 2367,3193 2411,3192 2455,3190"/>
                <TextEquiv>
                    <Unicode>levenshoudins###r#ens uit jederen regel, en dit</Unicode>
                </TextEquiv>
            </TextLine>
            <TextLine id="r1l125" custom="readingOrder {index:124;}">
                <Coords points="839,3234 1506,3228 1547,3213 1547,3186 1443,3172 1393,3192 838,3204"/>
                <Baseline points="845,3227 879,3227 914,3226 949,3226 984,3225 1019,3224 1053,3224 1088,3223 1123,3222 1158,3221 1193,3221 1227,3220 1262,3219 1297,3218 1332,3217 1367,3216 1401,3215 1436,3215 1471,3214 1506,3214 1541,3213"/>
                <TextEquiv>
                    <Unicode>miin. Klokke-inleiding, een zeid¬</Unicode>
                </TextEquiv>
            </TextLine>
            <TextLine id="r1l126" custom="readingOrder {index:125;}">
                <Coords points="1579,3269 2338,3236 2336,3198 1578,3232"/>
                <Baseline points="1585,3255 1622,3256 1659,3256 1696,3256 1734,3256 1771,3256 1808,3255 1846,3254 1883,3252 1920,3251 1958,3249 1995,3248 2032,3246 2069,3244 2107,3242 2144,3241 2181,3238 2219,3237 2256,3236 2293,3233 2331,3232"/>
                <TextEquiv>
                    <Unicode>verlangen klinkt mede als een belofte.“</Unicode>
                </TextEquiv>
            </TextLine>
            <TextLine id="r1l127" custom="readingOrder {index:126;}">
                <Coords points="860,3268 1541,3257 1540,3226 1439,3215 1410,3233 1138,3223 860,3251"/>
                <Baseline points="866,3263 899,3263 932,3263 966,3263 999,3263 1033,3263 1066,3263 1100,3262 1133,3262 1167,3262 1200,3261 1233,3260 1267,3259 1300,3258 1334,3257 1367,3257 1401,3256 1434,3255 1468,3254 1501,3253 1535,3252"/>
                <TextEquiv>
                    <Unicode>van stemming en modien (voor</Unicode>
                </TextEquiv>
            </TextLine>
            <TextLine id="r1l128" custom="readingOrder {index:127;}">
                <Coords points="1604,3300 2462,3284 2460,3239 2426,3234 1602,3263"/>
                <Baseline points="1609,3293 1651,3294 1693,3294 1735,3294 1778,3293 1820,3293 1862,3292 1905,3291 1947,3290 1989,3288 2032,3287 2074,3285 2116,3283 2158,3281 2201,3280 2243,3278 2285,3275 2328,3274 2370,3272 2412,3269 2455,3268"/>
                <TextEquiv>
                    <Unicode>Schnitzler most dit ziin beste tooneelstuk</Unicode>
                </TextEquiv>
            </TextLine>
            <TextLine id="r1l129" custom="readingOrder {index:128;}">
                <Coords points="869,3302 940,3322 1038,3302 1558,3301 1546,3252 1282,3276 1207,3259 1115,3285 869,3279"/>
                <Baseline points="875,3305 908,3305 942,3305 976,3305 1010,3304 1044,3304 1077,3303 1111,3303 1145,3302 1179,3301 1213,3300 1246,3299 1280,3298 1314,3297 1348,3295 1381,3294 1415,3293 1449,3292 1483,3291 1517,3290 1551,3289"/>
                <TextEquiv>
                    <Unicode>Hymne aan de Zon, ccn verruk¬</Unicode>
                </TextEquiv>
            </TextLine>
            <TextLine id="r1l130" custom="readingOrder {index:129;}">
                <Coords points="1567,3337 2402,3326 2465,3318 2464,3281 1566,3312"/>
                <Baseline points="1573,3336 1617,3335 1661,3335 1705,3334 1750,3333 1794,3331 1838,3331 1883,3329 1927,3328 1971,3327 2016,3325 2060,3325 2104,3323 2148,3322 2193,3320 2237,3318 2281,3317 2326,3315 2370,3313 2414,3312 2459,3310"/>
                <TextEquiv>
                    <Unicode>achten en velen, met hem. Maar wij zijn het</Unicode>
                </TextEquiv>
            </TextLine>
            <TextLine id="r1l131" custom="readingOrder {index:130;}">
                <Coords points="859,3348 1321,3334 1370,3352 1553,3322 1532,3295 1405,3320 1380,3302 1300,3323 1200,3304 859,3325"/>
                <Baseline points="866,3348 900,3348 934,3347 968,3346 1002,3346 1036,3345 1070,3344 1104,3343 1138,3342 1172,3342 1206,3340 1240,3339 1274,3337 1308,3337 1342,3336 1376,3334 1410,3332 1444,3331 1478,3330 1512,3328 1547,3327"/>
                <TextEquiv>
                    <Unicode>latuur en kunst incen, een waar.</Unicode>
                </TextEquiv>
            </TextLine>
            <TextLine id="r1l132" custom="readingOrder {index:131;}">
                <Coords points="1576,3386 2468,3355 2467,3321 2421,3314 2299,3314 2255,3345 2094,3321 1575,3349"/>
                <Baseline points="1582,3376 1628,3375 1674,3374 1720,3373 1767,3372 1813,3371 1859,3370 1905,3368 1952,3367 1998,3365 2044,3364 2090,3362 2137,3360 2183,3358 2229,3356 2275,3355 2322,3353 2368,3352 2414,3350 2461,3349"/>
                <TextEquiv>
                    <Unicode>dan met diesvelenfallerminst eens. Het stuk</Unicode>
                </TextEquiv>
            </TextLine>
            <TextLine id="r1l133" custom="readingOrder {index:132;}">
                <Coords points="854,3388 1503,3386 1545,3372 1544,3345 1319,3334 853,3365"/>
                <Baseline points="859,3385 893,3385 927,3385 961,3385 995,3384 1029,3383 1063,3383 1097,3381 1131,3380 1165,3379 1199,3378 1233,3376 1267,3375 1301,3374 1335,3372 1369,3371 1403,3370 1437,3369 1471,3368 1505,3367 1539,3367"/>
                <TextEquiv>
                    <Unicode>Ikshymnel De klokken erdoor.</Unicode>
                </TextEquiv>
            </TextLine>
            <TextLine id="r1l134" custom="readingOrder {index:133;}">
                <Coords points="1567,3431 2474,3400 2473,3367 2409,3356 1566,3386"/>
                <Baseline points="1573,3414 1617,3415 1662,3415 1707,3415 1751,3415 1796,3414 1841,3413 1885,3411 1930,3410 1975,3408 2020,3406 2064,3404 2109,3402 2154,3400 2198,3398 2243,3396 2288,3394 2332,3393 2377,3391 2422,3390 2467,3389"/>
                <TextEquiv>
                    <Unicode>doet voortdurand gan als litteratuur in dia¬</Unicode>
                </TextEquiv>
            </TextLine>
            <TextLine id="r1l135" custom="readingOrder {index:134;}">
                <Coords points="857,3429 1509,3419 1555,3404 1555,3372 1172,3381 1130,3404 1100,3384 856,3394"/>
                <Baseline points="863,3423 897,3424 931,3423 965,3423 1000,3423 1034,3422 1068,3421 1103,3421 1137,3420 1171,3419 1206,3417 1240,3416 1274,3415 1308,3414 1343,3413 1377,3412 1411,3411 1446,3410 1480,3409 1514,3409 1549,3408"/>
                <TextEquiv>
                    <Unicode>mnieen! Boris, dadelijk in ons hart</Unicode>
                </TextEquiv>
            </TextLine>
            <TextLine id="r1l136" custom="readingOrder {index:135;}">
                <Coords points="1567,3461 2472,3436 2471,3399 2371,3390 2332,3415 1914,3402 1865,3431 1567,3431"/>
                <Baseline points="1573,3457 1617,3455 1662,3454 1706,3452 1751,3451 1796,3449 1840,3448 1885,3447 1929,3445 1974,3444 2019,3442 2063,3441 2108,3439 2152,3438 2197,3437 2242,3435 2286,3434 2331,3433 2375,3431 2420,3430 2465,3428"/>
                <TextEquiv>
                    <Unicode>loogvorm, niet dis tooneel en het is cen einde¬</Unicode>
                </TextEquiv>
            </TextLine>
            <TextLine id="r1l137" custom="readingOrder {index:136;}">
                <Coords points="859,3455 905,3472 1518,3462 1547,3457 1547,3427 859,3438"/>
                <Baseline points="865,3464 898,3463 932,3461 966,3460 1000,3459 1034,3458 1067,3457 1101,3456 1135,3456 1169,3455 1203,3454 1236,3454 1270,3454 1304,3453 1338,3453 1371,3452 1405,3452 1439,3451 1473,3451 1507,3450 1541,3449"/>
                <TextEquiv>
                    <Unicode>woord een stuk ziel in muziek. Een</Unicode>
                </TextEquiv>
            </TextLine>
            <TextLine id="r1l138" custom="readingOrder {index:137;}">
                <Coords points="1575,3514 1952,3474 1993,3495 2472,3479 2471,3444 2346,3435 1574,3466"/>
                <Baseline points="1581,3491 1625,3492 1669,3492 1713,3491 1757,3490 1802,3489 1846,3488 1890,3486 1934,3485 1978,3483 2023,3482 2067,3480 2111,3478 2155,3477 2199,3475 2244,3473 2288,3473 2332,3471 2376,3471 2420,3471 2465,3471"/>
                <TextEquiv>
                    <Unicode>loos gemurmel van woorden, soms wel fiin en</Unicode>
                </TextEquiv>
            </TextLine>
            <TextLine id="r1l139" custom="readingOrder {index:138;}">
                <Coords points="847,3497 1229,3508 1271,3491 1416,3512 1551,3489 1550,3457 1474,3453 846,3471"/>
                <Baseline points="853,3502 887,3502 922,3501 956,3501 991,3500 1026,3500 1060,3499 1095,3498 1129,3498 1164,3496 1199,3496 1233,3494 1268,3494 1302,3493 1337,3491 1372,3490 1406,3489 1441,3488 1475,3487 1510,3485 1545,3484"/>
                <TextEquiv>
                    <Unicode>or ter verheerlijking. Het klinkt</Unicode>
                </TextEquiv>
            </TextLine>
            <TextLine id="r1l140" custom="readingOrder {index:139;}">
                <Coords points="1572,3539 2472,3504 2471,3479 2392,3472 1571,3510"/>
                <Baseline points="1577,3531 1621,3531 1665,3531 1710,3530 1754,3529 1799,3529 1843,3528 1888,3526 1932,3524 1977,3523 2021,3522 2065,3521 2110,3519 2154,3517 2199,3516 2243,3515 2288,3513 2332,3512 2377,3511 2421,3510 2466,3510"/>
                <TextEquiv>
                    <Unicode>soms wel treffend,Emaar vermoeiend in hun</Unicode>
                </TextEquiv>
            </TextLine>
            <TextLine id="r1l141" custom="readingOrder {index:140;}">
                <Coords points="859,3542 986,3554 1038,3537 1187,3548 1384,3533 1348,3495 859,3514"/>
                <Baseline points="865,3541 890,3541 916,3542 941,3542 967,3541 993,3541 1018,3540 1044,3540 1069,3539 1095,3538 1121,3537 1146,3536 1172,3535 1197,3534 1223,3533 1249,3532 1274,3531 1300,3530 1325,3529 1351,3528 1377,3527"/>
                <TextEquiv>
                    <Unicode>ndicos werkelijkheidsbeeld.</Unicode>
                </TextEquiv>
            </TextLine>
            <TextLine id="r1l142" custom="readingOrder {index:141;}">
                <Coords points="1570,3575 1801,3590 2473,3551 2471,3505 1569,3551"/>
                <Baseline points="1575,3572 1619,3572 1664,3572 1708,3571 1753,3570 1798,3569 1842,3567 1887,3566 1931,3564 1976,3562 2021,3560 2065,3559 2110,3557 2154,3555 2199,3554 2244,3553 2288,3552 2333,3551 2377,3551 2422,3551 2467,3551"/>
                <TextEquiv>
                    <Unicode>door geen antic gestuiten stroom. Velen in de</Unicode>
                </TextEquiv>
            </TextLine>
            <TextLine id="r1l143" custom="readingOrder {index:142;}">
                <Coords points="855,3599 1004,3573 1080,3590 1216,3568 1526,3575 1552,3567 1551,3526 854,3562"/>
                <Baseline points="861,3583 895,3582 929,3582 963,3581 998,3581 1032,3580 1066,3579 1100,3577 1135,3576 1169,3575 1203,3574 1237,3572 1272,3571 1306,3569 1340,3568 1374,3567 1409,3566 1443,3565 1477,3565 1511,3564 1546,3564"/>
                <TextEquiv>
                    <Unicode>driff. Pimen in kloostercel. We</Unicode>
                </TextEquiv>
            </TextLine>
            <TextLine id="r1l144" custom="readingOrder {index:143;}">
                <Coords points="1575,3614 2480,3584 2479,3556 2421,3553 1574,3581"/>
                <Baseline points="1581,3611 1625,3611 1670,3611 1714,3610 1759,3610 1804,3608 1848,3607 1893,3606 1938,3605 1982,3603 2027,3601 2072,3599 2116,3597 2161,3595 2206,3594 2250,3592 2295,3591 2340,3590 2384,3589 2429,3588 2474,3588"/>
                <TextEquiv>
                    <Unicode>zaal zullen gisteravönd cen zucht van verlich¬</Unicode>
                </TextEquiv>
            </TextLine>
            <TextLine id="r1l145" custom="readingOrder {index:144;}">
                <Coords points="878,3621 966,3635 1244,3607 1270,3624 1546,3612 1545,3582 1426,3571 912,3584 878,3603"/>
                <Baseline points="884,3622 916,3621 949,3621 982,3620 1015,3619 1047,3618 1080,3618 1113,3617 1146,3616 1178,3615 1211,3614 1244,3613 1277,3612 1309,3611 1342,3610 1375,3609 1408,3608 1440,3607 1473,3605 1506,3604 1539,3603"/>
                <TextEquiv>
                    <Unicode>stemming. Het is wonder van so¬</Unicode>
                </TextEquiv>
            </TextLine>
            <TextLine id="r1l146" custom="readingOrder {index:145;}">
                <Coords points="1567,3649 1804,3666 2482,3631 2481,3593 2449,3586 1567,3635"/>
                <Baseline points="1573,3648 1618,3648 1663,3648 1708,3647 1753,3646 1798,3646 1843,3644 1889,3643 1934,3642 1979,3641 2024,3639 2069,3638 2114,3637 2159,3635 2205,3634 2250,3633 2295,3632 2340,3631 2385,3631 2430,3630 2476,3630"/>
                <TextEquiv>
                    <Unicode>ting hebben gestaakt, toen von Sala (Verkade)</Unicode>
                </TextEquiv>
            </TextLine>
            <TextLine id="r1l147" custom="readingOrder {index:146;}">
                <Coords points="872,3652 947,3673 1097,3651 1409,3667 1550,3648 1549,3612 1495,3607 1464,3629 1403,3608 1274,3635 1231,3613 872,3635"/>
                <Baseline points="879,3661 912,3660 945,3660 978,3659 1011,3658 1045,3657 1078,3656 1111,3656 1144,3655 1177,3654 1211,3654 1244,3653 1277,3652 1310,3651 1343,3651 1377,3650 1410,3649 1443,3648 1476,3646 1509,3645 1543,3643"/>
                <TextEquiv>
                    <Unicode>zuiverheid. Niets te veël (ja, dat</Unicode>
                </TextEquiv>
            </TextLine>
            <TextLine id="r1l148" custom="readingOrder {index:147;}">
                <Coords points="1573,3694 2039,3678 2126,3706 2199,3676 2432,3689 2475,3644 1572,3652"/>
                <Baseline points="1579,3687 1623,3687 1668,3687 1712,3686 1757,3686 1801,3685 1846,3684 1890,3683 1935,3682 1979,3681 2024,3680 2068,3678 2113,3677 2157,3676 2202,3675 2246,3673 2291,3672 2335,3671 2380,3670 2424,3669 2469,3669"/>
                <TextEquiv>
                    <Unicode>z00 tegen kwart vüor twaalven zei: „Onze</Unicode>
                </TextEquiv>
            </TextLine>
            <TextLine id="r1l149" custom="readingOrder {index:148;}">
                <Coords points="860,3703 1249,3690 1384,3707 1408,3686 1537,3693 1548,3650 858,3669"/>
                <Baseline points="865,3700 898,3700 932,3699 966,3698 1000,3698 1034,3697 1068,3696 1101,3695 1135,3693 1169,3692 1203,3691 1237,3690 1271,3688 1305,3687 1338,3686 1372,3685 1406,3684 1440,3683 1474,3682 1508,3681 1542,3680"/>
                <TextEquiv>
                    <Unicode>yy wel, die tot zijn vrienden schert¬</Unicode>
                </TextEquiv>
            </TextLine>
            <TextLine id="r1l150" custom="readingOrder {index:149;}">
                <Coords points="1581,3744 1634,3729 1884,3736 1909,3722 2000,3735 2073,3701 2072,3681 2039,3676 1872,3701 1790,3689 1746,3705 1697,3685 1580,3702"/>
                <Baseline points="1587,3725 1612,3725 1637,3725 1662,3725 1688,3725 1713,3725 1738,3725 1763,3725 1789,3725 1814,3725 1839,3725 1864,3724 1890,3723 1915,3722 1940,3720 1965,3718 1991,3715 2016,3712 2041,3707 2067,3703"/>
                <TextEquiv>
                    <Unicode>dialogen ziin ten einde!“</Unicode>
                </TextEquiv>
            </TextLine>
            <TextLine id="r1l151" custom="readingOrder {index:150;}">
                <Coords points="859,3741 1555,3725 1554,3699 1515,3689 1469,3710 1376,3688 976,3712 918,3696 859,3716"/>
                <Baseline points="865,3739 899,3739 933,3739 967,3738 1001,3738 1036,3737 1070,3736 1104,3735 1138,3734 1172,3733 1207,3731 1241,3730 1275,3728 1309,3728 1343,3726 1378,3725 1412,3725 1446,3724 1480,3723 1514,3723 1549,3723"/>
                <TextEquiv>
                    <Unicode>zei, toen Boris te Parijs werd uit¬</Unicode>
                </TextEquiv>
            </TextLine>
            <TextLine id="r1l152" custom="readingOrder {index:151;}">
                <Coords points="1618,3775 2466,3758 2465,3725 2430,3713 1617,3737"/>
                <Baseline points="1624,3762 1665,3763 1707,3763 1749,3763 1791,3763 1833,3763 1874,3762 1916,3761 1958,3761 2000,3760 2042,3759 2083,3757 2125,3756 2167,3755 2209,3754 2251,3753 2292,3752 2334,3751 2376,3750 2418,3749 2460,3748"/>
                <TextEquiv>
                    <Unicode>We dachten ouder de vertooning aan cen</Unicode>
                </TextEquiv>
            </TextLine>
            <TextLine id="r1l153" custom="readingOrder {index:152;}">
                <Coords points="860,3789 1531,3774 1546,3735 858,3748"/>
                <Baseline points="865,3779 898,3779 932,3779 966,3779 1000,3778 1034,3777 1067,3776 1101,3775 1135,3774 1169,3773 1203,3771 1236,3771 1270,3769 1304,3768 1338,3766 1371,3765 1405,3763 1439,3762 1473,3760 1507,3759 1541,3758"/>
                <TextEquiv>
                    <Unicode>lister, daar zit mijn heele Pelldas</Unicode>
                </TextEquiv>
            </TextLine>
            <TextLine id="r1l154" custom="readingOrder {index:153;}">
                <Coords points="1575,3805 2472,3790 2418,3757 1574,3784"/>
                <Baseline points="1581,3807 1625,3807 1669,3807 1713,3807 1757,3806 1802,3805 1846,3804 1890,3803 1934,3802 1978,3801 2023,3799 2067,3798 2111,3796 2155,3795 2199,3793 2244,3791 2288,3790 2332,3788 2376,3787 2420,3786 2465,3785"/>
                <TextEquiv>
                    <Unicode>ander ook wel verouderd stuk van cenzaam¬</Unicode>
                </TextEquiv>
            </TextLine>
            <TextLine id="r1l155" custom="readingOrder {index:154;}">
                <Coords points="859,3818 954,3835 1006,3812 1045,3828 1418,3800 1550,3812 1549,3770 859,3796"/>
                <Baseline points="865,3819 898,3818 932,3816 966,3815 1000,3814 1034,3813 1068,3812 1102,3811 1136,3811 1170,3810 1204,3809 1237,3809 1271,3808 1305,3807 1339,3806 1373,3805 1407,3804 1441,3803 1475,3802 1509,3799 1543,3798"/>
                <TextEquiv>
                    <Unicode>esprek der monniken: we leven</Unicode>
                </TextEquiv>
            </TextLine>
            <TextLine id="r1l156" custom="readingOrder {index:155;}">
                <Coords points="1571,3857 2467,3834 2448,3790 2410,3812 1570,3807"/>
                <Baseline points="1577,3848 1621,3847 1665,3846 1709,3845 1753,3844 1798,3843 1842,3843 1886,3842 1930,3840 1974,3840 2019,3838 2063,3838 2107,3836 2151,3835 2195,3834 2240,3833 2284,3831 2328,3829 2372,3828 2416,3826 2461,3824"/>
                <TextEquiv>
                    <Unicode>heid: Eenzame Menschen van Hauptmann, en</Unicode>
                </TextEquiv>
            </TextLine>
            <TextLine id="r1l157" custom="readingOrder {index:156;}">
                <Coords points="866,3863 1252,3848 1335,3868 1372,3846 1549,3841 1548,3812 1417,3801 1336,3823 981,3822 866,3844"/>
                <Baseline points="872,3859 905,3858 939,3857 972,3856 1006,3855 1039,3854 1073,3853 1106,3852 1140,3851 1173,3850 1207,3849 1241,3848 1274,3847 1308,3846 1341,3845 1375,3844 1408,3843 1442,3842 1475,3841 1509,3840 1543,3839"/>
                <TextEquiv>
                    <Unicode>nee, 200 verrassend overgl alles van</Unicode>
                </TextEquiv>
            </TextLine>
            <TextLine id="r1l158" custom="readingOrder {index:157;}">
                <Coords points="1575,3882 2441,3877 2471,3873 2470,3835 1574,3861"/>
                <Baseline points="1581,3886 1625,3886 1669,3885 1713,3885 1757,3884 1802,3884 1846,3883 1890,3882 1934,3881 1978,3880 2023,3879 2067,3877 2111,3876 2155,3875 2199,3874 2244,3872 2288,3870 2332,3868 2376,3867 2420,3865 2465,3863"/>
                <TextEquiv>
                    <Unicode>het aan den Schouwburg aangeslagen Eenzaam</Unicode>
                </TextEquiv>
            </TextLine>
            <TextLine id="r1l159" custom="readingOrder {index:158;}">
                <Coords points="868,3892 1547,3895 1546,3855 1495,3846 868,3864"/>
                <Baseline points="875,3895 908,3895 941,3895 974,3894 1008,3894 1041,3893 1074,3892 1108,3891 1141,3890 1174,3889 1208,3888 1241,3887 1274,3886 1307,3885 1341,3884 1374,3883 1407,3882 1441,3881 1474,3880 1507,3879 1541,3879"/>
                <TextEquiv>
                    <Unicode>ide natuur en waarheid en innig¬</Unicode>
                </TextEquiv>
            </TextLine>
            <TextLine id="r1l160" custom="readingOrder {index:159;}">
                <Coords points="1575,3922 1688,3942 2468,3915 2450,3870 1575,3904"/>
                <Baseline points="1582,3928 1628,3926 1674,3925 1720,3923 1767,3923 1813,3921 1859,3921 1905,3920 1952,3919 1998,3918 2044,3917 2090,3916 2137,3915 2183,3914 2229,3913 2275,3911 2322,3909 2368,3908 2414,3905 2461,3902"/>
                <TextEquiv>
                    <Unicode>van Fabricius. Ahn.., Dat is ander werk, geen</Unicode>
                </TextEquiv>
            </TextLine>
            <TextLine id="r1l161" custom="readingOrder {index:160;}">
                <Coords points="884,3945 1066,3947 1141,3926 1219,3949 1294,3927 1380,3949 1461,3925 1547,3935 1546,3900 1059,3894 883,3921"/>
                <Baseline points="889,3933 921,3934 954,3935 986,3935 1019,3935 1052,3935 1084,3934 1117,3933 1149,3932 1182,3931 1215,3930 1247,3929 1280,3927 1312,3926 1345,3924 1378,3923 1410,3922 1443,3921 1475,3921 1508,3921 1541,3921"/>
                <TextEquiv>
                    <Unicode>zacite koor op den achtergrond,</Unicode>
                </TextEquiv>
            </TextLine>
            <TextLine id="r1l162" custom="readingOrder {index:161;}">
                <Coords points="1573,3980 2472,3960 2471,3921 1572,3944"/>
                <Baseline points="1579,3966 1623,3965 1667,3964 1711,3963 1756,3962 1800,3961 1844,3960 1889,3960 1933,3959 1977,3958 2022,3957 2066,3956 2110,3954 2154,3953 2199,3952 2243,3951 2287,3949 2332,3947 2376,3945 2420,3943 2465,3941"/>
                <TextEquiv>
                    <Unicode>litteratuur maar tooncel, geen mnededeelingen</Unicode>
                </TextEquiv>
            </TextLine>
            <TextLine id="r1l163" custom="readingOrder {index:162;}">
                <Coords points="859,3986 911,3989 936,3977 997,3984 1016,3975 1049,3982 1115,3976 1115,3941 1095,3949 1031,3944 1022,3936 970,3946 924,3936 908,3945 859,3941"/>
                <Baseline points="865,3972 892,3974 919,3974 946,3974 973,3974 1000,3974 1027,3973 1054,3973 1081,3972 1109,3972"/>
                <TextEquiv>
                    <Unicode>nd hiertoe.</Unicode>
                </TextEquiv>
            </TextLine>
            <TextLine id="r1l164" custom="readingOrder {index:163;}">
                <Coords points="1581,4014 2480,4001 2479,3961 1580,3977"/>
                <Baseline points="1587,4003 1631,4003 1675,4003 1719,4003 1764,4002 1808,4001 1852,4000 1897,3999 1941,3997 1985,3995 2030,3994 2074,3992 2118,3991 2162,3989 2207,3988 2251,3987 2295,3986 2340,3986 2384,3986 2428,3987 2473,3988"/>
                <TextEquiv>
                    <Unicode>van ecnige op de planken stilstaande personen,</Unicode>
                </TextEquiv>
            </TextLine>
            <TextLine id="r1l165" custom="readingOrder {index:164;}">
                <Coords points="867,4014 1525,4012 1551,4004 1550,3955 1345,3980 866,3986"/>
                <Baseline points="873,4011 906,4012 940,4013 973,4014 1007,4014 1041,4014 1074,4013 1108,4012 1141,4011 1175,4011 1209,4009 1242,4008 1276,4007 1309,4005 1343,4004 1377,4002 1410,4001 1444,4000 1477,3998 1511,3997 1545,3996"/>
                <TextEquiv>
                    <Unicode>eeld. Voor de herberg. Het lied</Unicode>
                </TextEquiv>
            </TextLine>
            <TextLine id="r1l166" custom="readingOrder {index:165;}">
                <Coords points="1575,4056 2473,4023 2472,3999 2323,3992 1574,4023"/>
                <Baseline points="1581,4045 1625,4045 1669,4044 1713,4043 1758,4042 1802,4040 1846,4039 1891,4038 1935,4037 1979,4035 2024,4034 2068,4033 2112,4031 2156,4030 2201,4029 2245,4028 2289,4027 2334,4025 2378,4024 2422,4024 2467,4023"/>
                <TextEquiv>
                    <Unicode>maar actie, handeling. Er hoeveel echter wor¬</Unicode>
                </TextEquiv>
            </TextLine>
            <TextLine id="r1l167" custom="readingOrder {index:166;}">
                <Coords points="871,4067 1437,4040 1538,4056 1552,4005 870,4026"/>
                <Baseline points="877,4051 910,4051 943,4051 977,4050 1010,4050 1044,4050 1077,4049 1111,4049 1144,4048 1178,4048 1211,4047 1244,4046 1278,4045 1311,4045 1345,4043 1378,4043 1412,4041 1445,4040 1479,4039 1512,4037 1546,4036"/>
                <TextEquiv>
                    <Unicode>bergierster, het Tartarenlied van</Unicode>
                </TextEquiv>
            </TextLine>
            <TextLine id="r1l168" custom="readingOrder {index:167;}">
                <Coords points="1569,4099 2392,4061 2455,4084 2474,4019 2384,4049 2172,4032 1568,4064"/>
                <Baseline points="1575,4087 1619,4085 1664,4083 1709,4081 1753,4080 1798,4079 1843,4077 1887,4076 1932,4075 1977,4073 2022,4073 2066,4072 2111,4070 2156,4070 2200,4069 2245,4068 2290,4067 2334,4066 2379,4065 2424,4064 2469,4062"/>
                <TextEquiv>
                    <Unicode>den, zoodra er handeling is, de personen ook</Unicode>
                </TextEquiv>
            </TextLine>
            <TextLine id="r1l169" custom="readingOrder {index:168;}">
                <Coords points="878,4096 1558,4080 1557,4050 1421,4044 1350,4068 1311,4047 926,4055 878,4078"/>
                <Baseline points="884,4092 917,4091 950,4089 984,4088 1017,4087 1050,4087 1084,4086 1117,4086 1150,4086 1184,4086 1217,4085 1250,4085 1284,4085 1317,4084 1350,4083 1384,4082 1417,4082 1450,4080 1484,4079 1517,4077 1551,4074"/>
                <TextEquiv>
                    <Unicode>ziin dronkemansdeuntje, de ont¬</Unicode>
                </TextEquiv>
            </TextLine>
            <TextLine id="r1l170" custom="readingOrder {index:169;}">
                <Coords points="1580,4133 2271,4122 2446,4111 2478,4083 1579,4102"/>
                <Baseline points="1586,4130 1630,4127 1674,4124 1718,4121 1763,4119 1807,4117 1851,4115 1896,4114 1940,4112 1984,4111 2029,4110 2073,4109 2117,4108 2161,4107 2206,4107 2250,4106 2294,4105 2339,4104 2383,4103 2427,4103 2472,4102"/>
                <TextEquiv>
                    <Unicode>op het tooneel. Nu mocten ie meernialen den¬</Unicode>
                </TextEquiv>
            </TextLine>
            <TextLine id="r1l171" custom="readingOrder {index:170;}">
                <Coords points="875,4138 1545,4122 1544,4092 1489,4080 875,4107"/>
                <Baseline points="881,4131 913,4131 946,4130 979,4130 1012,4129 1045,4129 1078,4128 1111,4127 1144,4127 1177,4126 1210,4125 1242,4124 1275,4123 1308,4122 1341,4121 1374,4120 1407,4119 1440,4118 1473,4116 1506,4114 1539,4113"/>
                <TextEquiv>
                    <Unicode>illes geest en humor, onvergelijke¬</Unicode>
                </TextEquiv>
            </TextLine>
            <TextLine id="r1l172" custom="readingOrder {index:171;}">
                <Coords points="1580,4171 2474,4142 2452,4110 2381,4107 1579,4133"/>
                <Baseline points="1587,4166 1631,4165 1675,4163 1719,4161 1763,4160 1807,4159 1851,4157 1895,4156 1939,4154 1983,4153 2027,4151 2071,4149 2115,4148 2159,4147 2203,4146 2247,4145 2291,4145 2335,4144 2379,4144 2423,4143 2467,4143"/>
                <TextEquiv>
                    <Unicode>ken: die Worte hör' ich wohl, allein mir fehlt</Unicode>
                </TextEquiv>
            </TextLine>
            <TextLine id="r1l173" custom="readingOrder {index:172;}">
                <Coords points="886,4184 1559,4159 1558,4127 1464,4120 885,4144"/>
                <Baseline points="891,4170 924,4170 957,4169 990,4168 1023,4168 1056,4167 1089,4166 1122,4166 1155,4165 1188,4164 1222,4164 1255,4163 1288,4162 1321,4161 1354,4160 1387,4159 1420,4158 1453,4156 1486,4155 1519,4154 1553,4153"/>
                <TextEquiv>
                    <Unicode>end tableau voor alle tijden! Groo¬</Unicode>
                </TextEquiv>
            </TextLine>
            <TextLine id="r1l174" custom="readingOrder {index:173;}">
                <Coords points="1574,4225 2046,4187 2448,4196 2485,4156 1572,4181"/>
                <Baseline points="1579,4205 1624,4204 1669,4202 1714,4201 1759,4200 1804,4198 1849,4196 1894,4194 1939,4193 1984,4191 2029,4190 2074,4188 2119,4187 2164,4186 2209,4185 2254,4184 2299,4183 2344,4182 2389,4182 2434,4182 2480,4182"/>
                <TextEquiv>
                    <Unicode>der Glauben. Hrei, heel laat komen we tot de</Unicode>
                </TextEquiv>
            </TextLine>
            <TextLine id="r1l175" custom="readingOrder {index:174;}">
                <Coords points="884,4210 1127,4227 1357,4195 1519,4221 1560,4210 1559,4166 883,4182"/>
                <Baseline points="890,4210 923,4209 956,4208 989,4207 1022,4207 1056,4206 1089,4205 1122,4204 1155,4203 1188,4202 1222,4201 1255,4201 1288,4200 1321,4199 1354,4198 1388,4198 1421,4198 1454,4197 1487,4197 1520,4197 1554,4198"/>
                <TextEquiv>
                    <Unicode>Tioz, de verwante. Elke noot met</Unicode>
                </TextEquiv>
            </TextLine>
            <TextLine id="r1l176" custom="readingOrder {index:175;}">
                <Coords points="1587,4246 2481,4227 2480,4199 2345,4183 1587,4221"/>
                <Baseline points="1594,4248 1638,4245 1682,4243 1726,4241 1770,4239 1814,4237 1858,4235 1902,4234 1946,4232 1990,4230 2034,4229 2078,4228 2122,4227 2166,4226 2210,4225 2254,4224 2298,4224 2342,4223 2386,4223 2430,4223 2475,4223"/>
                <TextEquiv>
                    <Unicode>ontdekking, dat we toch eigenlijk den he len</Unicode>
                </TextEquiv>
            </TextLine>
            <TextLine id="r1l177" custom="readingOrder {index:176;}">
                <Coords points="873,4250 891,4246 908,4255 913,4251 934,4255 946,4248 967,4254 981,4251 992,4240 1006,4242 1006,4226 992,4228 982,4218 971,4220 963,4214 947,4219 925,4213 911,4222 892,4211 873,4217"/>
                <Baseline points="879,4242 909,4244 939,4244 969,4243 1000,4245"/>
                <TextEquiv>
                    <Unicode>verf.</Unicode>
                </TextEquiv>
            </TextLine>
            <TextLine id="r1l178" custom="readingOrder {index:177;}">
                <Coords points="1588,4291 2469,4265 2468,4240 2348,4223 1587,4261"/>
                <Baseline points="1594,4290 1637,4287 1680,4284 1724,4282 1767,4280 1811,4278 1854,4276 1898,4274 1941,4273 1985,4271 2028,4270 2071,4269 2115,4268 2158,4267 2202,4266 2245,4265 2289,4264 2332,4264 2376,4263 2419,4262 2463,4261"/>
                <TextEquiv>
                    <Unicode>avond naar wat pioerten hebben zitten kijken.</Unicode>
                </TextEquiv>
            </TextLine>
            <TextLine id="r1l179" custom="readingOrder {index:178;}">
                <Coords points="873,4291 1546,4281 1553,4248 1514,4233 872,4257"/>
                <Baseline points="879,4287 912,4286 945,4286 979,4285 1012,4285 1046,4284 1079,4284 1112,4283 1146,4283 1179,4282 1213,4282 1246,4281 1279,4280 1313,4279 1346,4279 1380,4277 1413,4276 1446,4275 1480,4273 1513,4271 1547,4268"/>
                <TextEquiv>
                    <Unicode>edrijf. De Tsarenkinderen met de</Unicode>
                </TextEquiv>
            </TextLine>
            <TextLine id="r1l180" custom="readingOrder {index:179;}">
                <Coords points="2383,4301 2423,4301 2426,4298 2431,4302 2447,4302 2449,4299 2462,4300 2471,4293 2481,4293 2479,4266 2463,4264 2457,4269 2447,4269 2445,4266 2434,4268 2426,4278 2398,4265 2381,4270"/>
                <Baseline points="2389,4301 2417,4300 2446,4298 2475,4295"/>
                <TextEquiv>
                    <Unicode>Dal¬</Unicode>
                </TextEquiv>
            </TextLine>
            <TextLine id="r1l181" custom="readingOrder {index:180;}">
                <Coords points="2018,4315 2045,4310 2081,4313 2100,4294 2126,4308 2142,4310 2156,4304 2174,4313 2185,4311 2182,4277 2119,4271 2108,4280 2081,4286 2066,4279 2043,4280 2032,4272 2015,4273"/>
                <Baseline points="2024,4314 2049,4312 2075,4308 2101,4305 2126,4303 2152,4303 2178,4306"/>
                <TextEquiv>
                    <Unicode>Kbrrigen</Unicode>
                </TextEquiv>
            </TextLine>
            <TextLine id="r1l182" custom="readingOrder {index:181;}">
                <Coords points="1364,4315 1392,4307 1400,4311 1406,4307 1421,4310 1427,4304 1448,4303 1455,4297 1469,4304 1488,4302 1487,4280 1450,4281 1440,4277 1429,4287 1386,4288 1372,4281 1362,4285"/>
                <Baseline points="1370,4314 1398,4310 1426,4308 1454,4307 1482,4308"/>
                <TextEquiv>
                    <Unicode>Dreci####</Unicode>
                </TextEquiv>
            </TextLine>
            <TextEquiv>
                <Unicode>box 23/5
W
1 8 e den es et e e ehee   AR R E I
de neeren be w. Meulman en C.
KON. SCHOUWBURG.
 heeft voor de winnende paren on¬
DE HAGHESPBLBRS.
s verschillende fraaie prijzen toege¬
De eenzame weg, vooncelspel in 5
middernacht werd het welgeslaag¬
bedrijven, door Arthur Schnitzler.
oten miet een sleepende, melodieuze
Dit stuk yan Schnitzler is al meer dan twin¬
le en, last not least, een zeer
tig jaren oud en de Haghespelers hebben het,
pplaus voor The Roamers.
in de vertaling van Frans Mijnssen, al veel
vroeger willen spelen, maar naar het schifnt
heeft de roiverdeeling steeds moeilijkleden ge¬
ISTEN LETTEREN
geven. Wat“ jammer is, want, zooals de heer
Verkade zeif opmerkt in zijn toclichting, die
NST. — BORIS GODOENOP.
op het programma vermeld is, heeft de oorlog
in het hart van Rusland geweest
veel veranderd en zijn met name de levens
uziek, die immers is het gart der
opvattingen anders geworden. Aan den ande¬
zooals Wagner ze noemde. In Rus¬
ren kant echter kan men het stuk nu objec¬
ind der onbeperkte Europeesche mo¬
tiever bezien, het stuk dat de slachtoffers
, mogen we wel zeggen. Het trekt
eener te individualistische levensbeschouwing
ot af, door zijn magnetische on¬
zien laat, waaraan onze tijd zich bezig is te
beid. Hoor, hoe Moessorgski er
ontworstelen.
hoe hij den hartslag van het volk,
Allen in Schnitzler’s stuk bewandelen een
ooten en de kleinen beluis¬
eenzamen weg: Fichtner, die slechts zijn im¬
ij het mengsel van onderworpenheid
pulsen gevolgd heeft zonder aan de gevolgen
igheid, van godsdienstzin en bijge¬
te denken; Wegrath, die geleefd liceft voor
verwildering en edelmoedigheid, hoe
zijn gezin, dathij niet kent en zijn werk, dat
trouwen op het mirakel, dat
hem niet geheel voldoet; von Sala, die zich be¬
of van het volk; op elke bladzijde
wust heeft nitgeleefd en als ook hij met leege
artituur uitspreekt. Zoo voelde cen
handen blijkt te staan vrijwillig den dood
 aan omstreeks 1870.
zoekt; mevrouw Wegrath, wier leven op een
wiekslag van het genie heeft ied
leugen gebenwd was (haar zoon Felix is de
ge gisteravond van de cerste tot de
natuurlijke zoon van Fichtner); Wegrath’s
t door de zaal hooren ruischen. Ik
dochter, die in een droom geleefd heeit en die
 stil-in zitten sidderen van eerbied
het werkelijke leven vernietigt; en Irene
its groots, iets zoo mensche¬
Herms, de tooneelspeelster, liefhebbend maar
200 aparts.
vereenzaamd, omdat zij geen kinderen heeft.
vec opstellen ter voorbereiding van
Felix Wegrath is volgens von Sala de be¬
kaan ik me de weelde gewgorloven,
lofte van cen nieuw geslacht (minder geest en
en in vogelvlucht — wat zou ik
meer houding), die ten slotte den vader, die
edere maat verwijlen — de partituur
hem verzorgd en opgevoed heeft, verkiest bo¬
ven zijn natuurlijken vader. En dan is daar
rd vooraf. De kwestie det bewer¬
nog de dokter, de troostende en gevende
Rimsky Korsakof — er zit heei wat
guur, die zii eenzaam leven leeft en anderen
 kan ik hier op dit oogenblik niet
steunt, terwijl hij zelf zelden of nooit mag ont¬
Ik voor mij geloof, dat al moge die
vangen; zoo verzet Johanna Wegrath zich te¬
hier en daar aangrijpend ziin vol¬
gen zijn ließie, alsof hij haar vijand ware.
rs, het machtig instinctieve en groot¬
Schnitzler heeft „deze zeven menschen fot.
van Moussorgski, dat de inge¬
e
levende figtren gemaakt, allen zoo verschil¬
ddellijk voelt, wordt er natuurlijk
lend en alleenstaand, terwijl hun levens toch
angetast. Wat de instrumentatie be¬
in die mate onderling met elkander verstren¬
gewuad van den in dezen con¬
geld zijn en sämengegroeid, dat zij als cen ge¬
Rimsky is wel buitenge¬
n
meenschap amdoen. Hij heeft ze voor ons ont¬
chitterend, bepaald doorfoo¬
leed in hun diepste wezen met de koelheid en.
vonder van schoonheid en ongetwij¬
zekerheid u#n #en chirurg, maar ondanks alle
orname factor, toch geloof ik niet,
objectivkeit sarmede hij dit deed, hebben
s zoodanig per slot cen conditio sine
deze zeven eesteskinderen van hem allen een
gevoeligheiden warmte mede gekregen, die
Het klooster en het geknechte, ge¬
ons nader tot de menschheid brengt, omdat
##er voor, Stil en fel muzikaal ge¬
deze conzame figuren allen zoozeer de gene¬
irect met de grootste en sterk ge¬
genheld, de warmte en de liefde behoeven,
reerde intensiteit van uitdruk¬
waarmede zi als onverstandige kinderen spe¬
ecretaris van een Doema krijgt cen
len, of waarmede door anderen gespeeld wordt.
ortret, dat we niet vergeten. Het
Het verlangen naar minder geest en meer
kt wonderbaarlijk raak.
levenshoudins###r#ens uit jederen regel, en dit
miin. Klokke-inleiding, een zeid¬
verlangen klinkt mede als een belofte.“
van stemming en modien (voor
Schnitzler most dit ziin beste tooneelstuk
Hymne aan de Zon, ccn verruk¬
achten en velen, met hem. Maar wij zijn het
latuur en kunst incen, een waar.
dan met diesvelenfallerminst eens. Het stuk
Ikshymnel De klokken erdoor.
doet voortdurand gan als litteratuur in dia¬
mnieen! Boris, dadelijk in ons hart
loogvorm, niet dis tooneel en het is cen einde¬
woord een stuk ziel in muziek. Een
loos gemurmel van woorden, soms wel fiin en
or ter verheerlijking. Het klinkt
soms wel treffend,Emaar vermoeiend in hun
ndicos werkelijkheidsbeeld.
door geen antic gestuiten stroom. Velen in de
driff. Pimen in kloostercel. We
zaal zullen gisteravönd cen zucht van verlich¬
stemming. Het is wonder van so¬
ting hebben gestaakt, toen von Sala (Verkade)
zuiverheid. Niets te veël (ja, dat
z00 tegen kwart vüor twaalven zei: „Onze
yy wel, die tot zijn vrienden schert¬
dialogen ziin ten einde!“
zei, toen Boris te Parijs werd uit¬
We dachten ouder de vertooning aan cen
lister, daar zit mijn heele Pelldas
ander ook wel verouderd stuk van cenzaam¬
esprek der monniken: we leven
heid: Eenzame Menschen van Hauptmann, en
nee, 200 verrassend overgl alles van
het aan den Schouwburg aangeslagen Eenzaam
ide natuur en waarheid en innig¬
van Fabricius. Ahn.., Dat is ander werk, geen
zacite koor op den achtergrond,
litteratuur maar tooncel, geen mnededeelingen
nd hiertoe.
van ecnige op de planken stilstaande personen,
eeld. Voor de herberg. Het lied
maar actie, handeling. Er hoeveel echter wor¬
bergierster, het Tartarenlied van
den, zoodra er handeling is, de personen ook
ziin dronkemansdeuntje, de ont¬
op het tooneel. Nu mocten ie meernialen den¬
illes geest en humor, onvergelijke¬
ken: die Worte hör' ich wohl, allein mir fehlt
end tableau voor alle tijden! Groo¬
der Glauben. Hrei, heel laat komen we tot de
Tioz, de verwante. Elke noot met
ontdekking, dat we toch eigenlijk den he len
verf.
avond naar wat pioerten hebben zitten kijken.
edrijf. De Tsarenkinderen met de
Dal¬
Kbrrigen
Dreci####</Unicode>
            </TextEquiv>
        </TextRegion>
        <TextRegion orientation="0.0" id="r2" custom="readingOrder {index:1;}">
            <Coords points="2433,671 2433,4297 2706,4297 2706,671"/>
            <TextLine id="r2l1" custom="readingOrder {index:0;}">
                <Coords points="2429,704 2452,701 2465,710 2485,697 2491,701 2501,696 2523,699 2553,691 2553,655 2529,661 2521,655 2512,660 2493,659 2480,651 2463,659 2441,650 2428,654"/>
                <Baseline points="2435,695 2463,694 2491,693 2519,692 2547,693"/>
                <TextEquiv>
                    <Unicode>foon¬</Unicode>
                </TextEquiv>
            </TextLine>
            <TextLine id="r2l2" custom="readingOrder {index:1;}">
                <Coords points="2454,764 2472,758 2489,769 2498,767 2518,777 2524,775 2531,782 2556,778 2568,767 2582,768 2581,717 2551,711 2546,716 2529,714 2517,722 2481,720 2464,731 2453,728"/>
                <Baseline points="2460,764 2489,762 2518,761 2547,761 2576,762"/>
                <TextEquiv>
                    <Unicode>Nad</Unicode>
                </TextEquiv>
            </TextLine>
            <TextLine id="r2l3" custom="readingOrder {index:2;}">
                <Coords points="2463,813 2488,809 2505,813 2511,819 2549,804 2570,815 2579,811 2592,814 2592,790 2576,789 2562,779 2534,780 2531,784 2499,768 2493,773 2484,768 2463,773"/>
                <Baseline points="2470,807 2499,806 2528,805 2557,806 2586,807"/>
                <TextEquiv>
                    <Unicode>In</Unicode>
                </TextEquiv>
            </TextLine>
            <TextLine id="r2l4" custom="readingOrder {index:3;}">
                <Coords points="2433,859 2466,864 2494,860 2525,872 2555,851 2572,852 2573,825 2548,824 2539,829 2526,820 2518,827 2507,823 2498,826 2480,812 2461,811 2457,806 2435,808"/>
                <Baseline points="2439,854 2464,853 2489,852 2515,853 2540,855 2566,859"/>
                <TextEquiv>
                    <Unicode>king</Unicode>
                </TextEquiv>
            </TextLine>
            <TextLine id="r2l5" custom="readingOrder {index:4;}">
                <Coords points="2432,927 2445,926 2469,906 2487,907 2493,902 2509,910 2533,899 2552,912 2581,908 2582,876 2544,869 2533,869 2527,875 2493,860 2454,862 2440,873 2433,872"/>
                <Baseline points="2438,899 2465,898 2492,898 2520,899 2547,900 2575,902"/>
                <TextEquiv>
                    <Unicode>Het g</Unicode>
                </TextEquiv>
            </TextLine>
            <TextLine id="r2l6" custom="readingOrder {index:5;}">
                <Coords points="2429,973 2481,958 2499,946 2523,954 2544,945 2571,949 2589,939 2587,907 2559,914 2547,908 2536,915 2492,903 2476,919 2462,912 2447,925 2426,929"/>
                <Baseline points="2433,951 2458,946 2483,943 2508,941 2533,939 2558,939 2583,939"/>
                <TextEquiv>
                    <Unicode>gekru</Unicode>
                </TextEquiv>
            </TextLine>
            <TextLine id="r2l7" custom="readingOrder {index:6;}">
                <Coords points="2428,987 2448,988 2483,1004 2495,997 2514,1001 2542,994 2600,1003 2598,940 2582,940 2570,953 2535,948 2503,960 2490,953 2479,961 2462,959 2442,973 2427,973"/>
                <Baseline points="2435,994 2461,991 2488,988 2515,986 2541,985 2568,985 2595,987"/>
                <TextEquiv>
                    <Unicode>op hu</Unicode>
                </TextEquiv>
            </TextLine>
            <TextLine id="r2l8" custom="readingOrder {index:7;}">
                <Coords points="2435,1047 2450,1051 2469,1039 2481,1044 2495,1035 2505,1041 2529,1037 2548,1046 2594,1041 2601,1039 2600,1003 2566,1007 2544,994 2523,1001 2495,997 2483,1004 2460,993 2445,1010 2434,1011"/>
                <Baseline points="2441,1035 2466,1034 2492,1033 2518,1031 2543,1030 2569,1030 2595,1033"/>
                <TextEquiv>
                    <Unicode>houder</Unicode>
                </TextEquiv>
            </TextLine>
            <TextLine id="r2l9" custom="readingOrder {index:8;}">
                <Coords points="2441,1090 2457,1093 2476,1083 2485,1090 2499,1083 2509,1090 2532,1082 2552,1092 2566,1082 2593,1076 2592,1041 2575,1044 2570,1040 2549,1049 2539,1043 2508,1053 2487,1050 2471,1037 2453,1051 2440,1051"/>
                <Baseline points="2447,1079 2475,1077 2503,1075 2531,1074 2559,1075 2587,1075"/>
                <TextEquiv>
                    <Unicode>toeste!</Unicode>
                </TextEquiv>
            </TextLine>
            <TextLine id="r2l10" custom="readingOrder {index:9;}">
                <Coords points="2446,1122 2478,1136 2487,1129 2514,1128 2521,1123 2571,1123 2575,1127 2591,1123 2589,1078 2577,1080 2557,1097 2532,1082 2522,1090 2501,1086 2487,1094 2445,1091"/>
                <Baseline points="2452,1122 2478,1120 2505,1118 2531,1117 2558,1116 2585,1117"/>
                <TextEquiv>
                    <Unicode>werke</Unicode>
                </TextEquiv>
            </TextLine>
            <TextLine id="r2l11" custom="readingOrder {index:10;}">
                <Coords points="2474,1157 2486,1161 2499,1174 2522,1175 2527,1170 2540,1179 2548,1172 2563,1175 2583,1161 2601,1156 2601,1135 2578,1136 2568,1129 2557,1133 2549,1124 2522,1123 2474,1133"/>
                <Baseline points="2480,1163 2508,1162 2537,1161 2566,1162 2595,1166"/>
                <TextEquiv>
                    <Unicode>Ziel</Unicode>
                </TextEquiv>
            </TextLine>
            <TextLine id="r2l12" custom="readingOrder {index:11;}">
                <Coords points="2441,1219 2462,1216 2482,1225 2520,1216 2528,1224 2544,1225 2559,1217 2571,1225 2603,1218 2602,1181 2573,1183 2557,1171 2528,1182 2493,1170 2477,1169 2471,1175 2441,1172"/>
                <Baseline points="2447,1211 2472,1210 2497,1210 2522,1210 2547,1209 2572,1209 2597,1208"/>
                <TextEquiv>
                    <Unicode>werper</Unicode>
                </TextEquiv>
            </TextLine>
            <TextLine id="r2l13" custom="readingOrder {index:12;}">
                <Coords points="2445,1282 2455,1285 2482,1272 2516,1271 2523,1265 2531,1266 2541,1256 2555,1268 2575,1251 2585,1249 2585,1224 2550,1221 2526,1224 2518,1233 2509,1228 2496,1234 2487,1228 2480,1234 2444,1237"/>
                <Baseline points="2451,1259 2476,1257 2502,1256 2527,1254 2553,1255 2579,1257"/>
                <TextEquiv>
                    <Unicode>pers;</Unicode>
                </TextEquiv>
            </TextLine>
            <TextLine id="r2l14" custom="readingOrder {index:13;}">
                <Coords points="2447,1311 2473,1307 2491,1313 2500,1306 2523,1304 2552,1311 2571,1306 2584,1315 2594,1314 2593,1278 2577,1275 2568,1267 2553,1272 2544,1264 2535,1264 2504,1276 2472,1270 2446,1274"/>
                <Baseline points="2453,1303 2480,1303 2507,1303 2534,1302 2561,1301 2588,1300"/>
                <TextEquiv>
                    <Unicode>in de</Unicode>
                </TextEquiv>
            </TextLine>
            <TextLine id="r2l15" custom="readingOrder {index:14;}">
                <Coords points="2445,1358 2468,1353 2481,1363 2499,1350 2509,1355 2524,1350 2581,1369 2611,1369 2610,1307 2583,1315 2572,1304 2555,1309 2542,1323 2516,1305 2496,1311 2444,1309"/>
                <Baseline points="2450,1348 2475,1347 2501,1346 2527,1346 2552,1345 2578,1345 2604,1344"/>
                <TextEquiv>
                    <Unicode>Noord</Unicode>
                </TextEquiv>
            </TextLine>
            <TextLine id="r2l16" custom="readingOrder {index:15;}">
                <Coords points="2445,1396 2472,1401 2517,1396 2527,1402 2533,1396 2552,1396 2586,1409 2613,1410 2612,1363 2600,1361 2586,1368 2570,1362 2550,1365 2524,1349 2499,1350 2482,1363 2469,1353 2444,1357"/>
                <Baseline points="2451,1393 2477,1392 2503,1391 2529,1391 2555,1390 2581,1390 2607,1389"/>
                <TextEquiv>
                    <Unicode>beider</Unicode>
                </TextEquiv>
            </TextLine>
            <TextLine id="r2l17" custom="readingOrder {index:16;}">
                <Coords points="2445,1438 2489,1452 2504,1441 2540,1441 2548,1447 2569,1441 2601,1451 2613,1445 2612,1410 2572,1410 2553,1397 2534,1412 2503,1397 2458,1397 2444,1403"/>
                <Baseline points="2451,1439 2477,1438 2503,1438 2529,1436 2555,1436 2581,1436 2607,1437"/>
                <TextEquiv>
                    <Unicode>Meche</Unicode>
                </TextEquiv>
            </TextLine>
            <TextLine id="r2l18" custom="readingOrder {index:17;}">
                <Coords points="2454,1484 2483,1493 2497,1487 2511,1486 2520,1493 2538,1488 2563,1504 2618,1481 2617,1454 2585,1450 2575,1441 2565,1440 2542,1455 2535,1449 2525,1454 2510,1447 2497,1458 2453,1453"/>
                <Baseline points="2460,1484 2485,1483 2510,1483 2536,1481 2561,1480 2586,1479 2612,1478"/>
                <TextEquiv>
                    <Unicode>neerge</Unicode>
                </TextEquiv>
            </TextLine>
            <TextLine id="r2l19" custom="readingOrder {index:18;}">
                <Coords points="2442,1543 2478,1543 2517,1530 2570,1530 2594,1540 2613,1540 2613,1502 2581,1495 2574,1502 2558,1503 2540,1489 2477,1492 2457,1481 2441,1484"/>
                <Baseline points="2448,1532 2474,1530 2501,1529 2527,1529 2554,1528 2580,1529 2607,1529"/>
                <TextEquiv>
                    <Unicode>en hu</Unicode>
                </TextEquiv>
            </TextLine>
            <TextLine id="r2l20" custom="readingOrder {index:19;}">
                <Coords points="2450,1569 2461,1568 2487,1589 2506,1580 2529,1594 2539,1593 2552,1579 2578,1586 2623,1569 2622,1546 2609,1546 2601,1539 2586,1541 2571,1530 2551,1545 2544,1541 2526,1549 2484,1547 2466,1540 2450,1543"/>
                <Baseline points="2457,1575 2483,1574 2510,1573 2537,1572 2563,1571 2590,1572 2617,1573"/>
                <TextEquiv>
                    <Unicode>monde</Unicode>
                </TextEquiv>
            </TextLine>
            <TextLine id="r2l21" custom="readingOrder {index:20;}">
                <Coords points="2453,1625 2481,1624 2498,1634 2534,1616 2564,1624 2611,1621 2610,1584 2590,1580 2575,1585 2560,1579 2547,1593 2530,1594 2506,1581 2487,1589 2471,1578 2452,1576"/>
                <Baseline points="2459,1621 2488,1619 2517,1618 2546,1618 2575,1618 2604,1618"/>
                <TextEquiv>
                    <Unicode>toc lie</Unicode>
                </TextEquiv>
            </TextLine>
            <TextLine id="r2l22" custom="readingOrder {index:21;}">
                <Coords points="2453,1682 2473,1676 2490,1685 2506,1673 2550,1670 2556,1675 2562,1670 2607,1690 2623,1689 2622,1634 2600,1623 2592,1626 2572,1617 2565,1624 2550,1619 2537,1626 2527,1620 2500,1633 2452,1624"/>
                <Baseline points="2459,1667 2485,1666 2511,1665 2538,1664 2564,1664 2590,1664 2617,1665"/>
                <TextEquiv>
                    <Unicode>bereikt</Unicode>
                </TextEquiv>
            </TextLine>
            <TextLine id="r2l23" custom="readingOrder {index:22;}">
                <Coords points="2487,1789 2499,1790 2512,1802 2535,1796 2567,1799 2620,1815 2635,1808 2638,1768 2624,1767 2616,1758 2592,1767 2574,1753 2552,1763 2544,1756 2533,1759 2522,1750 2489,1755"/>
                <Baseline points="2493,1792 2520,1789 2547,1790 2575,1793 2602,1796 2630,1799"/>
                <TextEquiv>
                    <Unicode>Belg</Unicode>
                </TextEquiv>
            </TextLine>
            <TextLine id="r2l24" custom="readingOrder {index:23;}">
                <Coords points="2489,1857 2517,1854 2528,1847 2553,1856 2588,1827 2599,1827 2599,1803 2593,1803 2587,1809 2581,1803 2571,1804 2560,1799 2543,1802 2536,1796 2529,1802 2525,1799 2511,1801 2498,1790 2491,1790"/>
                <Baseline points="2496,1835 2528,1833 2560,1834 2592,1837"/>
                <TextEquiv>
                    <Unicode>De</Unicode>
                </TextEquiv>
            </TextLine>
            <TextLine id="r2l25" custom="readingOrder {index:24;}">
                <Coords points="2456,1886 2484,1893 2494,1886 2525,1887 2532,1895 2550,1888 2566,1895 2586,1884 2608,1899 2626,1899 2626,1850 2574,1840 2551,1856 2528,1847 2511,1856 2489,1852 2456,1865"/>
                <Baseline points="2462,1884 2488,1882 2514,1881 2541,1881 2567,1881 2593,1881 2620,1882"/>
                <TextEquiv>
                    <Unicode>waar 8</Unicode>
                </TextEquiv>
            </TextLine>
            <TextLine id="r2l26" custom="readingOrder {index:25;}">
                <Coords points="2464,1934 2475,1932 2483,1937 2497,1929 2507,1936 2533,1935 2549,1929 2557,1934 2564,1928 2571,1931 2580,1924 2595,1924 2594,1897 2585,1895 2580,1899 2574,1894 2553,1901 2541,1892 2535,1895 2525,1887 2510,1889 2503,1884 2485,1893 2481,1889 2463,1890"/>
                <Baseline points="2470,1926 2499,1924 2529,1922 2558,1921 2588,1922"/>
                <TextEquiv>
                    <Unicode>Prins</Unicode>
                </TextEquiv>
            </TextLine>
            <TextLine id="r2l27" custom="readingOrder {index:26;}">
                <Coords points="2465,1981 2485,1982 2494,1975 2536,1991 2571,1975 2583,1984 2613,1981 2621,1978 2620,1924 2609,1930 2587,1922 2559,1933 2549,1929 2507,1936 2499,1928 2483,1936 2463,1935"/>
                <Baseline points="2471,1971 2499,1971 2528,1968 2557,1967 2586,1966 2615,1969"/>
                <TextEquiv>
                    <Unicode>telijke</Unicode>
                </TextEquiv>
            </TextLine>
            <TextLine id="r2l28" custom="readingOrder {index:27;}">
                <Coords points="2458,2172 2500,2176 2526,2159 2539,2167 2578,2152 2609,2167 2635,2156 2632,2121 2609,2113 2578,2127 2572,2122 2549,2128 2534,2120 2521,2129 2514,2123 2498,2125 2456,2142"/>
                <Baseline points="2464,2166 2491,2162 2518,2158 2546,2154 2573,2152 2600,2152 2628,2154"/>
                <TextEquiv>
                    <Unicode>gen—V</Unicode>
                </TextEquiv>
            </TextLine>
            <TextLine id="r2l29" custom="readingOrder {index:28;}">
                <Coords points="2454,2213 2498,2219 2514,2204 2576,2206 2590,2199 2622,2214 2631,2212 2629,2159 2598,2169 2582,2153 2566,2152 2539,2166 2525,2158 2500,2176 2471,2173 2453,2180"/>
                <Baseline points="2459,2209 2486,2205 2514,2203 2541,2203 2569,2203 2596,2203 2624,2202"/>
                <TextEquiv>
                    <Unicode>onbeke</Unicode>
                </TextEquiv>
            </TextLine>
            <TextLine id="r2l30" custom="readingOrder {index:29;}">
                <Coords points="2454,2270 2470,2271 2481,2259 2495,2261 2511,2251 2533,2254 2546,2248 2569,2260 2591,2262 2637,2249 2634,2213 2616,2212 2603,2201 2574,2207 2552,2201 2537,2208 2515,2205 2495,2222 2488,2216 2452,2227"/>
                <Baseline points="2459,2255 2487,2252 2516,2250 2544,2248 2573,2246 2601,2245 2630,2244"/>
                <TextEquiv>
                    <Unicode>geblaze</Unicode>
                </TextEquiv>
            </TextLine>
            <TextLine id="r2l31" custom="readingOrder {index:30;}">
                <Coords points="2465,2432 2526,2426 2540,2430 2550,2422 2573,2427 2584,2416 2607,2429 2646,2421 2646,2387 2619,2395 2605,2384 2586,2395 2569,2379 2537,2387 2499,2365 2465,2359"/>
                <Baseline points="2472,2420 2500,2420 2528,2420 2556,2419 2584,2419 2612,2419 2640,2418"/>
                <TextEquiv>
                    <Unicode>Nieuw-4.</Unicode>
                </TextEquiv>
            </TextLine>
            <TextLine id="r2l32" custom="readingOrder {index:31;}">
                <Coords points="2454,2455 2513,2475 2539,2464 2559,2481 2608,2479 2621,2488 2649,2484 2648,2433 2625,2425 2586,2430 2552,2422 2539,2430 2495,2427 2454,2437"/>
                <Baseline points="2461,2463 2487,2462 2513,2462 2539,2461 2565,2461 2591,2460 2617,2460 2643,2459"/>
                <TextEquiv>
                    <Unicode>Loch Go.</Unicode>
                </TextEquiv>
            </TextLine>
            <TextLine id="r2l33" custom="readingOrder {index:32;}">
                <Coords points="2461,2570 2478,2576 2486,2570 2504,2579 2511,2572 2560,2569 2574,2578 2585,2570 2602,2580 2635,2570 2656,2579 2654,2513 2595,2531 2567,2524 2552,2510 2535,2519 2500,2507 2484,2514 2460,2509"/>
                <Baseline points="2467,2570 2493,2568 2519,2567 2545,2567 2571,2566 2597,2566 2623,2566 2649,2565"/>
                <TextEquiv>
                    <Unicode>Promethei</Unicode>
                </TextEquiv>
            </TextLine>
            <TextLine id="r2l34" custom="readingOrder {index:33;}">
                <Coords points="2473,2617 2488,2620 2509,2613 2514,2618 2520,2613 2549,2621 2578,2617 2611,2629 2621,2622 2633,2626 2656,2616 2656,2578 2634,2570 2607,2582 2585,2571 2573,2578 2544,2570 2472,2580"/>
                <Baseline points="2479,2609 2507,2610 2536,2609 2564,2609 2593,2608 2621,2608 2650,2608"/>
                <TextEquiv>
                    <Unicode>Euryades</Unicode>
                </TextEquiv>
            </TextLine>
            <TextLine id="r2l35" custom="readingOrder {index:34;}">
                <Coords points="2470,2658 2496,2653 2508,2658 2534,2656 2540,2649 2549,2656 2567,2649 2574,2656 2594,2659 2622,2645 2640,2646 2640,2632 2618,2634 2604,2623 2591,2625 2577,2616 2550,2623 2520,2613 2486,2620 2470,2615"/>
                <Baseline points="2476,2651 2502,2650 2528,2649 2555,2649 2581,2649 2607,2650 2634,2651"/>
                <TextEquiv>
                    <Unicode>Pereeus,</Unicode>
                </TextEquiv>
            </TextLine>
            <TextLine id="r2l36" custom="readingOrder {index:35;}">
                <Coords points="2472,2717 2515,2715 2553,2692 2576,2697 2584,2691 2609,2696 2615,2690 2630,2693 2630,2667 2616,2671 2586,2655 2564,2661 2541,2649 2533,2657 2527,2653 2510,2660 2497,2653 2472,2662"/>
                <Baseline points="2478,2687 2507,2689 2536,2689 2565,2689 2594,2689 2624,2689"/>
                <TextEquiv>
                    <Unicode>Lycaon,</Unicode>
                </TextEquiv>
            </TextLine>
            <TextLine id="r2l37" custom="readingOrder {index:36;}">
                <Coords points="2482,2810 2522,2816 2532,2824 2566,2802 2579,2810 2599,2802 2659,2810 2658,2731 2628,2742 2616,2738 2598,2757 2574,2765 2552,2754 2523,2771 2511,2762 2481,2764"/>
                <Baseline points="2487,2793 2514,2794 2542,2794 2570,2793 2597,2793 2625,2792 2653,2791"/>
                <TextEquiv>
                    <Unicode>Oostkerk,</Unicode>
                </TextEquiv>
            </TextLine>
            <TextLine id="r2l38" custom="readingOrder {index:37;}">
                <Coords points="2468,2922 2509,2908 2562,2919 2595,2911 2623,2917 2643,2899 2673,2893 2673,2865 2649,2870 2639,2863 2620,2873 2604,2860 2562,2874 2510,2858 2494,2871 2466,2868"/>
                <Baseline points="2473,2904 2500,2902 2528,2902 2556,2900 2583,2900 2611,2899 2639,2898 2667,2897"/>
                <TextEquiv>
                    <Unicode>Rijperken</Unicode>
                </TextEquiv>
            </TextLine>
            <TextLine id="r2l39" custom="readingOrder {index:38;}">
                <Coords points="2478,3024 2493,3024 2504,3015 2528,3026 2539,3018 2562,3026 2587,3024 2632,3005 2659,3025 2661,2977 2627,2970 2601,2980 2580,2964 2552,2975 2528,2973 2520,2980 2506,2972 2480,2974"/>
                <Baseline points="2484,3008 2512,3010 2540,3010 2568,3011 2596,3012 2624,3013 2653,3016"/>
                <TextEquiv>
                    <Unicode>Grotius,</Unicode>
                </TextEquiv>
            </TextLine>
            <TextLine id="r2l40" custom="readingOrder {index:39;}">
                <Coords points="2470,3074 2483,3076 2510,3061 2527,3067 2544,3054 2575,3071 2589,3066 2601,3076 2617,3065 2662,3068 2663,3024 2653,3024 2632,3005 2587,3025 2579,3021 2566,3027 2535,3018 2528,3026 2505,3015 2493,3024 2471,3024"/>
                <Baseline points="2476,3049 2501,3050 2527,3050 2553,3051 2578,3051 2604,3051 2630,3051 2656,3049"/>
                <TextEquiv>
                    <Unicode>Prinses Ju</Unicode>
                </TextEquiv>
            </TextLine>
            <TextLine id="r2l41" custom="readingOrder {index:40;}">
                <Coords points="2481,3155 2548,3166 2574,3157 2604,3162 2665,3151 2690,3157 2689,3096 2628,3108 2593,3125 2572,3124 2563,3115 2543,3129 2509,3115 2480,3119"/>
                <Baseline points="2487,3157 2515,3156 2543,3156 2571,3155 2599,3155 2627,3154 2655,3154 2683,3153"/>
                <TextEquiv>
                    <Unicode>Medan, ti</Unicode>
                </TextEquiv>
            </TextLine>
            <TextLine id="r2l42" custom="readingOrder {index:41;}">
                <Coords points="2489,3215 2537,3216 2571,3200 2645,3221 2701,3211 2699,3160 2678,3153 2643,3153 2626,3161 2616,3154 2599,3163 2555,3159 2548,3166 2488,3157"/>
                <Baseline points="2495,3195 2523,3196 2551,3196 2580,3195 2608,3195 2637,3193 2665,3191 2694,3189"/>
                <TextEquiv>
                    <Unicode>Kawi, th</Unicode>
                </TextEquiv>
            </TextLine>
            <TextLine id="r2l43" custom="readingOrder {index:42;}">
                <Coords points="2481,3312 2533,3307 2548,3317 2571,3319 2585,3307 2598,3313 2607,3305 2620,3313 2636,3306 2664,3320 2674,3318 2673,3271 2653,3267 2643,3277 2595,3261 2555,3276 2537,3270 2523,3274 2512,3266 2498,3273 2480,3268"/>
                <Baseline points="2487,3305 2512,3303 2538,3302 2564,3301 2589,3301 2615,3301 2641,3301 2667,3299"/>
                <TextEquiv>
                    <Unicode>Saturnus,</Unicode>
                </TextEquiv>
            </TextLine>
            <TextLine id="r2l44" custom="readingOrder {index:43;}">
                <Coords points="2485,3342 2532,3352 2549,3347 2570,3355 2593,3345 2605,3354 2633,3342 2653,3348 2679,3339 2679,3311 2655,3315 2636,3306 2621,3313 2606,3305 2560,3321 2533,3307 2484,3314"/>
                <Baseline points="2491,3342 2517,3342 2543,3341 2569,3341 2595,3339 2621,3339 2647,3338 2673,3337"/>
                <TextEquiv>
                    <Unicode>Orestes, 20</Unicode>
                </TextEquiv>
            </TextLine>
            <TextLine id="r2l45" custom="readingOrder {index:44;}">
                <Coords points="2496,3401 2530,3385 2557,3400 2574,3400 2588,3390 2616,3394 2628,3387 2648,3396 2658,3392 2657,3353 2634,3345 2621,3356 2614,3349 2606,3354 2594,3346 2573,3354 2549,3346 2533,3352 2508,3344 2494,3346"/>
                <Baseline points="2501,3385 2526,3385 2551,3385 2576,3384 2601,3382 2626,3381 2651,3381"/>
                <TextEquiv>
                    <Unicode>Riinland</Unicode>
                </TextEquiv>
            </TextLine>
            <TextLine id="r2l46" custom="readingOrder {index:45;}">
                <Coords points="2537,3495 2590,3509 2609,3495 2625,3507 2646,3506 2689,3487 2712,3487 2711,3461 2666,3456 2658,3448 2636,3453 2612,3441 2584,3454 2559,3447 2536,3456"/>
                <Baseline points="2543,3493 2570,3495 2597,3494 2624,3493 2651,3492 2678,3491 2706,3492"/>
                <TextEquiv>
                    <Unicode>FIN</Unicode>
                </TextEquiv>
            </TextLine>
            <TextLine id="r2l47" custom="readingOrder {index:46;}">
                <Coords points="2496,3687 2530,3680 2545,3689 2562,3682 2590,3689 2602,3680 2646,3676 2683,3692 2686,3641 2611,3640 2602,3650 2575,3656 2534,3636 2520,3646 2495,3639"/>
                <Baseline points="2502,3677 2527,3678 2552,3678 2578,3677 2603,3677 2629,3676 2654,3676 2680,3677"/>
                <TextEquiv>
                    <Unicode>Wissel </Unicode>
                </TextEquiv>
            </TextLine>
            <TextLine id="r2l48" custom="readingOrder {index:47;}">
                <Coords points="2490,3721 2507,3719 2528,3729 2538,3721 2549,3728 2580,3716 2600,3723 2619,3719 2632,3727 2697,3712 2696,3687 2668,3691 2647,3677 2602,3680 2590,3689 2562,3682 2551,3689 2519,3686 2490,3694"/>
                <Baseline points="2497,3721 2524,3719 2552,3718 2580,3718 2607,3717 2635,3717 2663,3716 2691,3715"/>
                <TextEquiv>
                    <Unicode>qué 68.20</Unicode>
                </TextEquiv>
            </TextLine>
            <TextLine id="r2l49" custom="readingOrder {index:48;}">
                <Coords points="2498,3760 2509,3757 2542,3774 2551,3766 2563,3776 2575,3769 2585,3774 2596,3765 2623,3780 2641,3773 2671,3788 2691,3784 2692,3722 2620,3728 2612,3720 2575,3716 2557,3730 2538,3721 2531,3728 2499,3721"/>
                <Baseline points="2504,3755 2529,3756 2555,3758 2581,3758 2607,3758 2633,3758 2659,3757 2685,3758"/>
                <TextEquiv>
                    <Unicode>Berlijn c</Unicode>
                </TextEquiv>
            </TextLine>
            <TextLine id="r2l50" custom="readingOrder {index:49;}">
                <Coords points="2516,3893 2567,3888 2592,3897 2627,3885 2657,3891 2695,3882 2693,3840 2669,3843 2646,3836 2630,3845 2620,3840 2593,3848 2562,3838 2554,3847 2545,3841 2533,3849 2513,3846"/>
                <Baseline points="2521,3883 2549,3882 2577,3881 2605,3879 2633,3878 2661,3877 2689,3875"/>
                <TextEquiv>
                    <Unicode>AMSTE</Unicode>
                </TextEquiv>
            </TextLine>
            <TextLine id="r2l51" custom="readingOrder {index:50;}">
                <Coords points="2489,3922 2500,3918 2514,3931 2538,3928 2557,3939 2573,3939 2590,3926 2607,3938 2641,3931 2653,3939 2675,3922 2697,3918 2696,3882 2687,3880 2657,3891 2619,3886 2607,3896 2573,3893 2549,3903 2512,3895 2489,3901"/>
                <Baseline points="2495,3923 2523,3924 2551,3924 2579,3923 2607,3922 2635,3921 2663,3919 2691,3919"/>
                <TextEquiv>
                    <Unicode>2.55 7/8;</Unicode>
                </TextEquiv>
            </TextLine>
            <TextLine id="r2l52" custom="readingOrder {index:51;}">
                <Coords points="2501,3967 2538,3972 2556,3966 2598,3983 2608,3973 2615,3976 2646,3960 2682,3964 2682,3931 2654,3932 2638,3947 2626,3935 2605,3936 2593,3926 2572,3939 2553,3939 2531,3928 2501,3936"/>
                <Baseline points="2508,3961 2536,3963 2564,3964 2592,3963 2620,3962 2648,3962 2676,3963"/>
                <TextEquiv>
                    <Unicode>Bankp.</Unicode>
                </TextEquiv>
            </TextLine>
            <TextLine id="r2l53" custom="readingOrder {index:52;}">
                <Coords points="2495,4002 2537,4005 2550,4016 2566,4010 2583,4015 2604,4003 2643,4011 2673,4000 2697,4009 2697,3968 2661,3960 2637,3976 2610,3973 2598,3983 2578,3972 2495,3982"/>
                <Baseline points="2501,4001 2528,4004 2555,4005 2582,4006 2609,4005 2636,4004 2663,4002 2691,3999"/>
                <TextEquiv>
                    <Unicode>1.55—1. 6</Unicode>
                </TextEquiv>
            </TextLine>
            <TextLine id="r2l54" custom="readingOrder {index:53;}">
                <Coords points="2504,4059 2534,4054 2575,4060 2616,4053 2634,4040 2668,4040 2667,4022 2653,4028 2632,4027 2604,4003 2584,4014 2567,4010 2554,4018 2533,4005 2523,4009 2502,4004"/>
                <Baseline points="2509,4043 2534,4044 2560,4043 2585,4043 2611,4041 2636,4039 2662,4038"/>
                <TextEquiv>
                    <Unicode>Belg.</Unicode>
                </TextEquiv>
            </TextLine>
            <TextLine id="r2l55" custom="readingOrder {index:54;}">
                <Coords points="2508,4094 2526,4096 2562,4086 2589,4096 2601,4091 2634,4096 2658,4082 2670,4086 2697,4076 2694,4039 2649,4056 2631,4048 2574,4061 2563,4054 2506,4059"/>
                <Baseline points="2513,4087 2538,4085 2563,4083 2589,4081 2614,4080 2640,4078 2665,4078 2691,4077"/>
                <TextEquiv>
                    <Unicode>7.05—7.1</Unicode>
                </TextEquiv>
            </TextLine>
            <TextLine id="r2l56" custom="readingOrder {index:55;}">
                <Coords points="2497,4133 2574,4125 2594,4135 2604,4126 2627,4134 2641,4132 2652,4120 2663,4126 2705,4117 2703,4074 2665,4087 2657,4082 2642,4095 2593,4096 2566,4087 2522,4096 2495,4092"/>
                <Baseline points="2503,4122 2531,4123 2559,4123 2587,4121 2615,4119 2643,4118 2671,4116 2699,4116"/>
                <TextEquiv>
                    <Unicode>11.87 1/2</Unicode>
                </TextEquiv>
            </TextLine>
            <TextLine id="r2l57" custom="readingOrder {index:56;}">
                <Coords points="2503,4168 2535,4167 2560,4175 2571,4167 2582,4173 2609,4169 2620,4175 2641,4159 2661,4169 2684,4154 2701,4157 2700,4122 2651,4121 2633,4140 2613,4130 2593,4136 2580,4126 2502,4138"/>
                <Baseline points="2509,4162 2535,4164 2562,4164 2588,4164 2615,4162 2641,4161 2668,4159 2695,4156"/>
                <TextEquiv>
                    <Unicode>17.45; Pr.</Unicode>
                </TextEquiv>
            </TextLine>
            <TextLine id="r2l58" custom="readingOrder {index:57;}">
                <Coords points="2504,4209 2536,4203 2556,4214 2572,4206 2626,4217 2673,4202 2702,4219 2701,4180 2658,4170 2630,4180 2609,4169 2594,4174 2571,4167 2560,4175 2521,4166 2502,4173"/>
                <Baseline points="2509,4200 2535,4200 2562,4200 2588,4199 2615,4198 2641,4197 2668,4196 2695,4195"/>
                <TextEquiv>
                    <Unicode>Italié 12</Unicode>
                </TextEquiv>
            </TextLine>
            <TextLine id="r2l59" custom="readingOrder {index:58;}">
                <Coords points="2493,4250 2510,4247 2522,4256 2562,4258 2582,4245 2608,4248 2629,4237 2651,4250 2685,4251 2683,4201 2623,4218 2603,4217 2592,4206 2554,4217 2534,4205 2492,4216"/>
                <Baseline points="2499,4247 2524,4245 2550,4242 2575,4241 2601,4240 2626,4240 2652,4240 2678,4242"/>
                <TextEquiv>
                    <Unicode>Japan (</Unicode>
                </TextEquiv>
            </TextLine>
            <TextLine id="r2l60" custom="readingOrder {index:59;}">
                <Coords points="2501,4287 2526,4290 2537,4281 2574,4291 2603,4277 2614,4288 2638,4281 2646,4290 2662,4292 2683,4273 2696,4276 2696,4258 2664,4250 2656,4256 2635,4243 2616,4255 2610,4251 2596,4265 2576,4251 2543,4258 2530,4252 2516,4262 2500,4261"/>
                <Baseline points="2507,4287 2533,4286 2559,4285 2585,4286 2611,4286 2637,4286 2663,4285 2690,4282"/>
                <TextEquiv>
                    <Unicode>0.00 3/4:</Unicode>
                </TextEquiv>
            </TextLine>
            <TextEquiv>
                <Unicode>foon¬
Nad
In
king
Het g
gekru
op hu
houder
toeste!
werke
Ziel
werper
pers;
in de
Noord
beider
Meche
neerge
en hu
monde
toc lie
bereikt
Belg
De
waar 8
Prins
telijke
gen—V
onbeke
geblaze
Nieuw-4.
Loch Go.
Promethei
Euryades
Pereeus,
Lycaon,
Oostkerk,
Rijperken
Grotius,
Prinses Ju
Medan, ti
Kawi, th
Saturnus,
Orestes, 20
Riinland
FIN
Wissel 
qué 68.20
Berlijn c
AMSTE
2.55 7/8;
Bankp.
1.55—1. 6
Belg.
7.05—7.1
11.87 1/2
17.45; Pr.
Italié 12
Japan (
0.00 3/4:</Unicode>
            </TextEquiv>
        </TextRegion>
        <TextRegion orientation="0.0" id="r3" custom="readingOrder {index:2;}">
            <Coords points="3288,4176 3288,4328 3338,4328 3338,4176"/>
            <TextLine id="r3l1" custom="readingOrder {index:0;}">
                <Coords points="3282,4287 3344,4286 3342,4222 3335,4222 3327,4227 3325,4225 3319,4231 3302,4237 3285,4227 3279,4227"/>
                <Baseline points="3288,4278 3313,4278 3338,4276"/>
                <TextEquiv>
                    <Unicode></Unicode>
                </TextEquiv>
            </TextLine>
            <TextEquiv>
                <Unicode></Unicode>
            </TextEquiv>
        </TextRegion>
    </Page>
</PcGts>
