3436 4320
1416 235 1895 328 box 23/5
260 224 1297 355 18. Der einsane Neg
481 1231 1514 1351 Königsberger Hartungsche Zeitung
834 1368 1286 1448 4 9. Apr. 1926
2130 1420 2221 1515 —
2408 1421 2711 1516 KEerhu
2775 1423 3348 1517 escsharine Seecrnen
1672 1483 2985 1563 eine Versicherung — nicht gegen das Sterben, wohl aber gegen die
2985 1482 3373 1571 Irene Herms, die
621 1512 1435 1609 Neues Schauspielhaus.
1668 1527 2995 1594 Trostlosigkeit des Alterns: die Liebe der anderen. Sie ist das ein¬
2987 1549 3375 1614 nun in unerfüllter
1670 1586 2990 1647 zige, was den Uebergang ins ältere Fach oder den Einzug ins Nir¬
2986 1591 3353 1654 verzehrt. Da ist
606 1577 1434 1664 Arthur Schnitzler: „Der einsame Weg“.
1672 1631 2985 1693 wana erleichtern kann. Aber sie ist ganz gewiß nicht von einem Tag
2983 1630 3363 1695 hätte zu einer den
417 1650 1679 1723 Der einsame Weg — was ist das? Es ist der letzte, abschüssige,
1671 1658 2991 1734 zum andern zu haben, sondern sie will durch ein langes Leben erwor¬
2983 1683 3374 1745 die letzten Monate
358 1683 1678 1764 trauerverhangene Teil der Lebensbahn, wie er den meisten von uns
1670 1724 2983 1780 ben, erkämpft, erobert sein. Und wie weit ist oavon diese verspielte,
2978 1714 3358 1791 Liebe umkränzen;
363 1755 1683 1817 beschieden ist. Zwangsläufig, unentrinnbar? „Nein,“ scheint uns
1671 1755 2987 1821 verwöhnte Lebemannswelt entfernt, die Schnitzler so gut kennt und
2978 1766 3358 1832 bedingungslos zu
362 1800 1678 1854 der Dichter zu trösten, „nur dann ist Euch dieser Dornenweg sicher,
1678 1807 2984 1861 so treffend darzustellen weiß! Diese Leute machen aus dem Leben ein
2990 1817 3369 1892 die Menschen, die
361 1836 1685 1910 wenn Ihr es nicht verstanden habt, Liebe zu säen und Liebe zu
1669 1845 2993 1905 Spiel, aus der Neigung zu andern eine Unterhaltung, aus der Liebe
2979 1860 3363 1922 Alten, so sind die
360 1886 544 1957 ernten.“
1683 1895 2989 1957 eine Liebelei (lieben heißt ihnen nur: sich lieben lassen). So bleiben
2975 1902 3358 1972 Egoismus, deren ##
434 1911 1677 1980 Vielleicht könnte „Der einsame Weg“ auch — „Die Kinder“
1667 1944 2988 2010 sie arm bis zuletzt, weil sie nicht gelernt haben, sich zu verschwenden
2982 1950 3365 2012 der geblendet ist un
343 1970 1674 2046 heißen. Jedenfalls wirkt dieser Schnitzler, als wäre er die Quelle
1667 1972 2984 2062 und zu verschenken, bleiben verlassen, weil ihnen der Einsatz zu teuer
2981 1981 3354 2055 Charakter zu sein,
361 2021 1681 2078 für die also benannte Komödie Hermann Bahrs, die wir kürzlich an
1668 2019 2514 2087 war, mit dem man Herzen gewinnen kann.
2965 2024 3359 2094 auf dem allerhand
353 2063 1688 2147 der gleichen Stelle kennen lernten. Ein Hauptmotiv ist in beiden
2982 2081 3362 2153 Dauerglück gedeiht.
1733 2065 2988 2135 Urbild dieser Kaste ist der berufslose Aesthet und Gelegenheits¬
349 2105 1669 2178 Stücken dasselbe: ein Sohn erfährt nach dem Tode seiner Mutter,
3041 2124 3355 2191 Aus dieser bet
1671 2120 2988 2187 dichter Stephan von Sala, eine der lebensvollsten und eigenartigsten.
345 2156 1676 2209 daß nicht sein „Vater“ ihn gezeugt habe, sondern ein anderer, und
2978 2154 3354 2232 blick in die Zukunf
1672 2176 2981 2238 Gestalten, die Schnitzler geschaffen hat, ein hochmütiger Betrachter
348 2197 1672 2264 sieht sich, da beide Väter noch leben, somit plötzlich vor eine ganz neue
2979 2217 3348 2280 jetzt wieder ein
1670 2220 2987 2287 der Dinge, der wie kein anderer auch seine Umwelt zu charakteri¬
352 2248 1668 2304 Wahl gestellt. Bahr hat ins Lustige gewendet, was bei Schnitzler in
1667 2255 3323 2328 sieren weiß: „Lioben heißt, für jemand anderen auf der Geist und mehr
356 2285 1679 2345 ernster Schwermut einherschreitet. Aber Bahrs Drama ist von 1910,
1671 2291 3367 2360 Weltsein. Was hat aber das, was unsereins in die Welt bringt, schlecht die Feuerpr#
346 2327 1677 2412 das Schnitzlersche von 1903 — eine Feststellung, die in diesem Fall
1668 2354 3364 2405 mit Liebe zu tun? Es mag allerlei Lustiges, Verlogenes, Zärtliches, ob es ethisch empor
356 2382 896 2454 nicht ganz gleichgültig ist.
1673 2393 3001 2466 Gemeines, Leidenschaftliches sein, das sich als Liebe ausgibt, — aber
3042 2398 3367 2467 Sonderbar, de
424 2413 1656 2497 Schnitzler ist ohne Zweifel der tiefere, reichere, gehaltvollere —
1667 2430 3345 2493 Liebe ist es doch nicht Haben wir jemals ein Opfer gebracht, von Moxalist. Wenn
342 2466 1673 2534 wenn naturgemäß auch nicht der amüsantere. Neben dem mehrfach
1660 2466 3363 2545 dem nicht unsere Sinnlichkeit oder unsere Eitelkeit ihren Vorteil Evangelium der Li
346 2518 1670 2584 abgewandelten Kindesproblem beschäftigt ihn die Verantwortungs¬
1672 2532 3364 2587 gehabt hätte?“ Und da ist weiter Salas Artverwandter — sie sind eine Mahnung an
353 2567 1662 2646 losigkeit, die Oberflächlichkeit menschlicher Beziehungen und die Ge¬
1663 2578 3355 2630 „Freunde“, weil sie sich so hübsch das Stichwort reichen —, der Zug sführt, umzukehren
344 2609 928 2682 fahr selbstsüchtigen Alterns.
1658 2611 3357 2679 um Zug den Beleg zu diesem Steckbrief liefert. Julian Fichtner ist lich trägt Schnitzle
1662 2658 3369 2730 ein genial begabter Maler, der gleichwohl sein Leben genießerisch vor. Im Gegenteil
418 2654 1680 2723 Der Dichter macht uns mit der Familie des Akademiedirektors
1657 2693 3367 2780 vertan hat und nun vor seinem seelischen Bankerott steht. Eine Frau, steht. Nur gibt er
342 2696 1673 2769 Wegrat und mit ihrem Freundeskreis bekannt. Da ist eine Anzahl
1660 2742 2981 2815 die Braut Wegrats, schenkte sich ihm dereinst in voller Hingabe; er
341 2749 1665 2815 Menschen — vier, sechs, acht, die sich Verwandte, Freunde nennen
2969 2758 3353 2829 weil sie durch die
1661 2795 2992 2853 verließ sie bei Nacht und Nebel aus Ueberangst, daß seine Künstler¬
354 2799 1667 2857 und die doch voneinander nichts wissen und aneinander vorbeileben.
2971 2800 3362 2865 werden; sondern er
1664 2843 2977 2902 laufbahn verengt und beschränkt werden könnte. Und doch ist aus ihm
343 2827 1670 2910 Selbst die Familie ist weit mehr Wohn= als Seelengemeinschaft. Ein
2968 2846 3370 2911 recht leiden als Um
1666 2887 2972 2939 nichts geworden als ein unbefriedigter liebe= und haltbedürftiger
348 2873 1668 2946 Mitglied kennt vom anderen nicht einmal die Voraussetzungen, auf
2965 2892 3359 2948 Himmelsstürmer, n
1673 2924 2975 2983 Weltbummler ohne Leistung und Ruh. Auf seine alten Tage will er
344 2916 1675 2997 die sich sein ganzes Leben aufbaut, geschweige denn sein Wesen und
2969 2939 3353 2997 der gute Hahnrei, d
1662 2973 2979 3034 sich, husch husch, ein Vaterglück zulegen und den Sohn, den Wegrat
355 2976 1675 3040 seine Herzensnot. Vollends sind die Freunde nur Gäste im Leben,
2969 2970 3374 3042 ins Nest legte, und
1657 3015 2977 3072 Zeit seines Lebens als sein eigen Kind betreut hat, für sich gewin¬
353 3019 1677 3081 die, wenn abgespeist ist, sich vom Tisch erheben und ihren eigenen Ge¬
2964 3023 3362 3093 rechtigkeit des Bet
1673 3046 2967 3118 nen. Aber nun muß er erfahren, daß man sehr wenig für einen
352 3067 1672 3118 schäften nachgehen. So ist im Grunde jeder ein Einsiedler — um
2974 3070 3364 3133 liebte, — nicht des
1664 3101 2973 3159 Menschen getan hat, wenn man ihn nur in die Welt gesetzt hat, und
359 3110 1686 3171 so mehr, je höher er in die Jahre kommt. Eines Tages, wenn der
2971 3104 3365 3176 geführt und nun de
1660 3147 2973 3211 sich von dem jungen Mann ins Gesicht sagen lassen: Sie sind vir
349 3156 1680 3222 Rausch und die Illusionen der Jugend verflogen sind, erfolgt ein
2961 3168 3371 3231 liebenden Vater zu
1670 3195 2768 3264 fremder geworden, seit ich von Ihrer Vaterschaft weiß.
341 3202 1661 3267 peinliches Erwachen: man blickt um sich und sieht sich isoliert. „Und
3032 3203 3364 3277 Nein, Theaterd
338 3246 1673 3308 wenn uns ein Zug von Bacchanten begleitet, — den Weg hinab
1736 3233 2976 3317 So sind sie alle betrogene Betrüger, sie, die nur der Gegenwart
2961 3245 3367 3326 Stück die weiche 9#
341 3276 1560 3350 gehen wir allein ... wir, die selbst niemandem gehört haben.“
1653 3281 2977 3354 leben und denen die Form des Lebens wichtiger ist als sein Inhalt.
2964 3291 3359 3357 Stille eines späten
415 3341 3368 3424 Ja, da liegt's. „Die selbst niemandem gehört haben.“ Es gibt! Da ist noch eine verklungene Geliebte Fichtners, die Schauspielerin Schneeböen niederg#
