3436 4320
243 2817 308 2898 1
1401 323 1859 434 box 23/5
236 338 1270 435 18. Der einsane Neg
3065 1558 3246 1654 Nr. 40
1438 1570 2080 1674 Berliner Illustrirte Zeitung
250 1572 407 1676 1156
334 1651 3251 1743 „..
257 2696 3247 2794 * Die Ausdruckskraft des modernen Schauspielers: Köpfe einiger Darsteller aus der Neuaufführung von Schnitzlers Schauspiel „Der einsame Weg“ in dem Theater:
1507 2761 1980 2839 Die Tribüne in Berlin.
2715 2773 3129 2877 Albext Bassermann.
2200 2778 2488 2879 Käthe Haack.
1544 2811 1943 2886 Ed. v. Winterstein.
978 2789 1381 2891 Albert Bassermann.
412 2789 726 2896 Lucie Höflich.
2235 2880 3180 2950 ordentlich gesteigertes mimisches Ausdrucksvermögen, das
1289 2879 2227 2954 Zukunft vorweggenommen, aber das sind die großen
441 2882 1295 2963 m „Maske machen“, wie man beim Theater
2236 2943 3174 2999 die zarteste psychische Schwingung in Gesicht und Auge
1286 2939 2231 2996 Einzelfälle. Wenn man alte photographische Rollen¬
346 2924 1285 3013 4) die gesichtsplastische Veränderung für die be¬
2231 2977 3180 3032 reflektiert. Hier hat der Film als Erzieher zu inten¬
1279 2981 2239 3041 bilder betrachtet in ihren erstarrten Stellungen, aus¬
343 2989 1281 3050 stimmte Rolle nannte, lag schon das Starre, Einge¬
2226 3011 3182 3067 siverem Körper= und Gesichtsausdruck Außerordentliches
1288 3022 2230 3073 druckschwachen Maskengesichtern, sie dann mit neuen
347 3017 1285 3082 frorene, Stereotype des Ausdrucks einer mimisch=schau¬
2227 3037 3190 3114 bewirkt; er hat die Expression des Gefühls im Gesichts=
1283 3064 2228 3119 Aufnahmen aus jüngster Zeit vergleicht und nun oft
345 3053 1294 3123 spielerisch undifferenzierteren Zeit. Das Entscheidende
2226 3082 3186 3147 bild verstärken gelehrt. Jahrelang vom Theater feindlichs
1282 3097 2238 3153 durch seelisch vertieften Ausdruck überrascht wird, so
344 3104 1286 3163 war das Wort, die Gestaltung aus der Sprache. Dem¬
2231 3128 3166 3195 verfolgt, weil er es vielfach schädigte, gibt er ihm jetzte
1294 3141 2236 3206 ist das nicht so sehr au die vervollkommnete photo¬
342 3135 1295 3196 gegenüber trat der Körperausdruck weit zurück. Gewiß
345 3162 3165 3275 haben genialische Persönlichkeiten die schauspielerische graphische Technik zurückzuführen als auf ein außer=, künstlerisch zurück, was er ihm wirtschaftlich genommen.
