<?xml version="1.0" encoding="UTF-8" standalone="yes"?>
<PcGts xmlns="http://schema.primaresearch.org/PAGE/gts/pagecontent/2013-07-15" xmlns:xsi="http://www.w3.org/2001/XMLSchema-instance" xsi:schemaLocation="http://schema.primaresearch.org/PAGE/gts/pagecontent/2013-07-15 http://schema.primaresearch.org/PAGE/gts/pagecontent/2013-07-15/pagecontent.xsd">
    <Metadata>
        <Creator>prov=University of Rostock/Institute of Mathematics/CITlab/Gundram Leifert/gundram.leifert@uni-rostock.de:name=ONB_Newseye_GT_M1+(htr_id=10810)::::v=2.4.2
prov=University of Rostock/Institute of Mathematics/CITlab/Tobias Gruening/tobias.gruening@uni-rostock.de:name=de.uros.citlab.module.baseline2polygon.B2PSeamMultiOriented:v=2.4.2
prov=University of Rostock/Institute of Mathematics/CITlab/Tobias Gruening/tobias.gruening@uni-rostock.de:name=/mnt/transkribus/LA/DEA/URO/LA_news_onb_att.pb:de.uros.citlab.segmentation.CITlab_LA_ML:v=2.4.2
Transkribus</Creator>
        <Created>2019-10-07T11:28:40.705+02:00</Created>
        <LastChange>2019-10-08T10:28:11.490+02:00</LastChange>
        <TranskribusMetadata docId="223970" pageId="9500437" pageNr="279" tsid="16518911" status="IN_PROGRESS" userId="40391" imgUrl="https://files.transkribus.eu/Get?id=AMLCTPMQJLTRHUUUCCMGNWIO&amp;fileType=view" xmlUrl="https://files.transkribus.eu/Get?id=ZUZOSCAOTECXWUCSAERQTQQL" imageId="6190659"/>
    </Metadata>
    <Page imageFilename="223970_0279.jpeg" imageWidth="3436" imageHeight="4320">
        <ReadingOrder>
            <OrderedGroup id="ro_1711450725018" caption="Regions reading order">
                <RegionRefIndexed index="0" regionRef="r1"/>
                <RegionRefIndexed index="1" regionRef="r2"/>
                <RegionRefIndexed index="2" regionRef="r3"/>
            </OrderedGroup>
        </ReadingOrder>
        <TextRegion orientation="0.0" id="r1" custom="readingOrder {index:0;}">
            <Coords points="260,255 260,3264 2251,3264 2251,255"/>
            <TextLine id="r1l1" custom="readingOrder {index:0;}">
                <Coords points="1073,279 1089,279 1098,286 1107,286 1112,282 1116,287 1125,287 1135,280 1141,285 1144,282 1157,283 1158,221 1133,221 1124,212 1113,219 1104,212 1090,223 1088,220 1074,220"/>
                <Baseline points="1085,276 1115,275 1146,277"/>
                <TextEquiv>
                    <Unicode>W</Unicode>
                </TextEquiv>
            </TextLine>
            <TextLine id="r1l2" custom="readingOrder {index:1;}">
                <Coords points="1418,281 1562,296 1631,279 1757,301 1787,279 1820,300 1863,301 1864,237 1810,216 1679,219 1608,256 1568,222 1530,217 1486,239 1419,215"/>
                <Baseline points="1430,278 1456,278 1482,278 1509,278 1535,279 1561,279 1588,280 1614,280 1641,281 1667,282 1693,282 1720,282 1746,283 1772,283 1799,283 1825,282 1852,282"/>
                <TextEquiv>
                    <Unicode>box 23/3</Unicode>
                </TextEquiv>
            </TextLine>
            <TextLine id="r1l3" custom="readingOrder {index:2;}">
                <Coords points="248,310 377,285 565,327 1196,327 1255,312 1256,242 1097,279 960,230 249,236"/>
                <Baseline points="260,280 309,284 358,287 407,290 457,293 506,295 555,296 604,297 654,297 703,298 752,298 801,298 851,297 900,297 949,297 998,296 1048,296 1097,296 1146,296 1195,297 1245,297"/>
                <TextEquiv>
                    <Unicode>18. Der einsng</Unicode>
                </TextEquiv>
            </TextLine>
            <TextLine id="r1l4" custom="readingOrder {index:3;}">
                <Coords points="1580,866 1623,872 1629,865 1641,869 1652,857 1675,866 1686,859 1706,863 1715,854 1745,864 1786,863 1784,809 1757,817 1741,808 1726,813 1707,802 1669,803 1652,787 1632,785 1605,800 1578,793"/>
                <Baseline points="1591,855 1617,853 1643,852 1669,851 1696,851 1722,850 1748,850 1775,851"/>
                <TextEquiv>
                    <Unicode>2—</Unicode>
                </TextEquiv>
            </TextLine>
            <TextLine id="r1l5" custom="readingOrder {index:4;}">
                <Coords points="394,872 536,871 564,894 584,875 636,884 833,865 858,876 858,802 792,822 760,813 726,832 649,809 624,821 586,805 538,817 504,799 393,804"/>
                <Baseline points="406,866 431,866 457,866 483,866 509,866 535,866 561,866 587,866 613,866 638,866 664,866 690,866 716,865 742,865 768,865 794,864 820,864 846,863"/>
                <TextEquiv>
                    <Unicode>der Ludwig Lowesche..</Unicode>
                </TextEquiv>
            </TextLine>
            <TextLine id="r1l6" custom="readingOrder {index:5;}">
                <Coords points="1289,922 1515,896 1597,919 2145,906 2174,900 2172,819 1858,866 1591,869 1554,838 1287,852"/>
                <Baseline points="1299,908 1342,907 1385,906 1428,905 1471,903 1514,902 1557,901 1600,899 1643,898 1686,897 1730,896 1773,894 1816,893 1859,892 1902,891 1945,890 1988,889 2031,888 2074,887 2117,886 2161,885"/>
                <TextEquiv>
                    <Unicode>Krach der rechten Seite des Hauses formu#</Unicode>
                </TextEquiv>
            </TextLine>
            <TextLine id="r1l7" custom="readingOrder {index:6;}">
                <Coords points="401,932 1277,909 1276,848 1057,840 982,873 889,853 847,877 401,882"/>
                <Baseline points="413,914 455,914 498,913 540,913 583,913 626,912 668,912 711,911 753,911 796,910 839,910 881,909 924,908 966,908 1009,907 1052,907 1094,906 1137,905 1179,905 1222,904 1265,903"/>
                <TextEquiv>
                    <Unicode>fabriken übernommen — praktische Kenntnisse</Unicode>
                </TextEquiv>
            </TextLine>
            <TextLine id="r1l8" custom="readingOrder {index:7;}">
                <Coords points="1301,971 1801,962 1830,936 2177,952 2175,900 2146,891 1299,912"/>
                <Baseline points="1313,957 1355,955 1398,954 1440,952 1483,952 1526,951 1568,949 1611,948 1653,947 1696,946 1739,946 1781,945 1824,944 1866,943 1909,941 1952,940 1994,939 2037,937 2079,935 2122,934 2165,931"/>
                <TextEquiv>
                    <Unicode>abgebettelt hatte, und nicht bloß das, sondern</Unicode>
                </TextEquiv>
            </TextLine>
            <TextLine id="r1l9" custom="readingOrder {index:8;}">
                <Coords points="394,966 1284,963 1267,911 394,930"/>
                <Baseline points="406,964 449,963 492,963 535,962 579,961 622,960 665,960 709,959 752,959 795,958 839,958 882,957 925,957 968,956 1012,956 1055,955 1098,955 1142,955 1185,954 1228,954 1272,953"/>
                <TextEquiv>
                    <Unicode>des Verwaltungswesens erworben hatte. Im</Unicode>
                </TextEquiv>
            </TextLine>
            <TextLine id="r1l10" custom="readingOrder {index:9;}">
                <Coords points="1303,1017 2161,998 2184,934 1820,970 1747,949 1302,971"/>
                <Baseline points="1313,1003 1356,1002 1399,1001 1442,1000 1485,999 1528,998 1571,997 1614,996 1657,995 1700,994 1743,993 1786,991 1829,990 1872,989 1915,987 1958,986 2001,985 2044,982 2087,981 2130,978 2173,976"/>
                <TextEquiv>
                    <Unicode>er stimmte auch allen jenen verkehrshindernden</Unicode>
                </TextEquiv>
            </TextLine>
            <TextLine id="r1l11" custom="readingOrder {index:10;}">
                <Coords points="406,1022 1280,1017 1279,963 1254,959 405,972"/>
                <Baseline points="418,1016 460,1015 503,1015 545,1014 588,1013 630,1012 673,1011 715,1011 758,1009 800,1008 843,1008 886,1007 928,1006 971,1005 1013,1004 1056,1003 1098,1002 1141,1001 1183,1000 1226,1000 1269,999"/>
                <TextEquiv>
                    <Unicode>Juni 1902 ward er als Thielens Nachfolger</Unicode>
                </TextEquiv>
            </TextLine>
            <TextLine id="r1l12" custom="readingOrder {index:11;}">
                <Coords points="1294,1052 1575,1070 1627,1041 2093,1049 2190,1024 2169,988 1293,1012"/>
                <Baseline points="1305,1051 1348,1050 1392,1049 1435,1048 1479,1047 1523,1045 1566,1044 1610,1043 1654,1042 1697,1041 1741,1040 1785,1039 1828,1037 1872,1037 1916,1035 1959,1034 2003,1032 2047,1032 2090,1030 2134,1029 2178,1027"/>
                <TextEquiv>
                    <Unicode>Maßnahmen zu — wie der Erhebung von Schiff¬</Unicode>
                </TextEquiv>
            </TextLine>
            <TextLine id="r1l13" custom="readingOrder {index:12;}">
                <Coords points="408,1068 1282,1068 1281,1018 1244,1008 407,1023"/>
                <Baseline points="418,1067 460,1066 503,1065 545,1064 588,1063 630,1062 673,1061 715,1060 758,1059 800,1058 843,1057 886,1056 928,1055 971,1054 1013,1053 1056,1052 1098,1051 1141,1050 1183,1049 1226,1048 1269,1047"/>
                <TextEquiv>
                    <Unicode>in das Ministerium der öffentlichen Arbeiten</Unicode>
                </TextEquiv>
            </TextLine>
            <TextLine id="r1l14" custom="readingOrder {index:13;}">
                <Coords points="1316,1110 1737,1109 1915,1078 2172,1100 2192,1038 1314,1063"/>
                <Baseline points="1327,1095 1369,1096 1412,1096 1455,1095 1497,1095 1540,1094 1583,1093 1625,1092 1668,1091 1711,1090 1754,1088 1796,1086 1839,1084 1882,1083 1924,1081 1967,1079 2010,1078 2052,1077 2095,1075 2138,1074 2181,1073"/>
                <TextEquiv>
                    <Unicode>fahrtsabgaben auf den offenen Strömen —,</Unicode>
                </TextEquiv>
            </TextLine>
            <TextLine id="r1l15" custom="readingOrder {index:14;}">
                <Coords points="393,1115 978,1129 1287,1102 1286,1061 1157,1055 392,1067"/>
                <Baseline points="404,1113 447,1113 491,1112 534,1111 578,1111 621,1110 665,1109 708,1109 752,1108 795,1107 839,1106 883,1105 926,1104 970,1103 1013,1102 1057,1101 1100,1100 1144,1098 1187,1097 1231,1096 1275,1094"/>
                <TextEquiv>
                    <Unicode>berufen, aber noch nicht vier Jahre der Minister¬</Unicode>
                </TextEquiv>
            </TextLine>
            <TextLine id="r1l16" custom="readingOrder {index:15;}">
                <Coords points="1294,1155 2179,1143 2177,1077 1293,1128"/>
                <Baseline points="1305,1147 1348,1146 1391,1144 1434,1143 1477,1142 1520,1141 1563,1140 1606,1139 1649,1138 1692,1138 1736,1137 1779,1136 1822,1135 1865,1134 1908,1133 1951,1131 1994,1130 2037,1128 2080,1126 2123,1123 2167,1121"/>
                <TextEquiv>
                    <Unicode> welche die Konservativen als Lohn für die Be¬</Unicode>
                </TextEquiv>
            </TextLine>
            <TextLine id="r1l17" custom="readingOrder {index:16;}">
                <Coords points="395,1168 1239,1168 1295,1143 1295,1097 960,1131 908,1109 394,1118"/>
                <Baseline points="406,1161 452,1160 498,1160 544,1159 591,1159 637,1158 683,1157 729,1156 776,1155 822,1154 868,1153 914,1152 961,1152 1007,1150 1053,1150 1099,1149 1146,1148 1192,1147 1238,1147 1285,1146"/>
                <TextEquiv>
                    <Unicode>tätigkeit waren ihm beschieden. Seit Jahr und</Unicode>
                </TextEquiv>
            </TextLine>
            <TextLine id="r1l18" custom="readingOrder {index:17;}">
                <Coords points="398,1219 2190,1166 2096,1127 397,1169"/>
                <Baseline points="410,1210 498,1208 586,1207 675,1205 763,1203 852,1202 940,1201 1029,1199 1117,1198 1206,1197 1294,1195 1382,1193 1471,1191 1559,1189 1648,1187 1736,1184 1825,1182 1913,1179 2002,1176 2090,1172 2179,1168"/>
                <TextEquiv>
                    <Unicode>Tag schon konnte er seines zehrenden Leidens willigung des Kanalstummels forderten. Seine</Unicode>
                </TextEquiv>
            </TextLine>
            <TextLine id="r1l19" custom="readingOrder {index:18;}">
                <Coords points="1314,1304 2197,1287 2195,1239 2154,1229 1313,1256"/>
                <Baseline points="1325,1290 1368,1290 1411,1289 1454,1289 1497,1288 1540,1288 1583,1287 1626,1287 1669,1286 1712,1285 1755,1284 1798,1282 1841,1281 1884,1280 1927,1278 1970,1277 2013,1275 2056,1273 2099,1271 2142,1269 2185,1267"/>
                <TextEquiv>
                    <Unicode>hundertfünfzig Jahren ein Begriff schon ge¬</Unicode>
                </TextEquiv>
            </TextLine>
            <TextLine id="r1l20" custom="readingOrder {index:19;}">
                <Coords points="409,1315 986,1325 1035,1292 1063,1317 1251,1318 1278,1310 1277,1263 408,1276"/>
                <Baseline points="420,1317 462,1317 504,1317 546,1317 589,1317 631,1316 673,1315 716,1315 758,1313 800,1313 843,1312 885,1311 927,1310 969,1309 1012,1308 1054,1307 1096,1306 1139,1306 1181,1305 1223,1305 1266,1304"/>
                <TextEquiv>
                    <Unicode>aller Menschen noch umschwebt. Und durch¬</Unicode>
                </TextEquiv>
            </TextLine>
            <TextLine id="r1l21" custom="readingOrder {index:20;}">
                <Coords points="1306,1354 2182,1323 2180,1284 2117,1275 1305,1309"/>
                <Baseline points="1317,1335 1359,1335 1402,1334 1444,1333 1487,1332 1530,1332 1572,1331 1615,1330 1657,1329 1700,1327 1743,1327 1785,1325 1828,1324 1870,1323 1913,1322 1956,1320 1998,1318 2041,1317 2083,1315 2126,1313 2169,1311"/>
                <TextEquiv>
                    <Unicode>worden ist, vermag es nicht, immerfort zu be¬</Unicode>
                </TextEquiv>
            </TextLine>
            <TextLine id="r1l22" custom="readingOrder {index:21;}">
                <Coords points="408,1374 1295,1359 1294,1309 407,1315"/>
                <Baseline points="418,1360 461,1360 504,1359 547,1359 591,1358 634,1357 677,1357 720,1356 764,1356 807,1355 850,1354 893,1353 937,1352 980,1352 1023,1351 1066,1350 1110,1349 1153,1348 1196,1348 1239,1347 1283,1346"/>
                <TextEquiv>
                    <Unicode>schimmernd schon der freie Naturalismus seiner</Unicode>
                </TextEquiv>
            </TextLine>
            <TextLine id="r1l23" custom="readingOrder {index:22;}">
                <Coords points="1311,1398 2196,1370 2194,1318 2110,1316 1310,1352"/>
                <Baseline points="1322,1380 1365,1379 1408,1378 1451,1377 1494,1377 1537,1376 1580,1375 1624,1374 1667,1373 1710,1372 1753,1371 1796,1369 1839,1368 1882,1367 1926,1365 1969,1364 2012,1362 2055,1360 2098,1358 2141,1356 2185,1354"/>
                <TextEquiv>
                    <Unicode>denken, wie kühn dieses Lustspiel einst gewesen,</Unicode>
                </TextEquiv>
            </TextLine>
            <TextLine id="r1l24" custom="readingOrder {index:23;}">
                <Coords points="407,1414 671,1399 776,1427 810,1401 1290,1396 1289,1357 1243,1354 406,1375"/>
                <Baseline points="417,1402 460,1403 503,1403 546,1403 589,1403 632,1403 675,1402 718,1402 761,1401 804,1399 848,1399 891,1397 934,1396 977,1395 1020,1394 1063,1392 1106,1391 1149,1390 1192,1389 1235,1389 1279,1389"/>
                <TextEquiv>
                    <Unicode>Anschauung. Ihm sind alle diese Familien ein</Unicode>
                </TextEquiv>
            </TextLine>
            <TextLine id="r1l25" custom="readingOrder {index:24;}">
                <Coords points="1314,1433 1853,1435 1884,1413 2169,1412 2198,1381 1312,1394"/>
                <Baseline points="1325,1421 1368,1422 1411,1422 1454,1422 1497,1421 1540,1421 1583,1420 1626,1419 1669,1418 1712,1417 1756,1415 1799,1414 1842,1413 1885,1411 1928,1410 1971,1407 2014,1406 2057,1403 2100,1401 2143,1399 2187,1397"/>
                <TextEquiv>
                    <Unicode>(vor dritthalb hundert Jahren) und ist nicht im¬</Unicode>
                </TextEquiv>
            </TextLine>
            <TextLine id="r1l26" custom="readingOrder {index:25;}">
                <Coords points="403,1457 1300,1445 1298,1388 1129,1417 403,1421"/>
                <Baseline points="414,1451 457,1450 501,1449 544,1448 588,1448 632,1447 675,1446 719,1445 763,1444 806,1444 850,1443 894,1442 937,1441 981,1440 1025,1440 1068,1439 1112,1438 1156,1437 1199,1436 1243,1435 1287,1434"/>
                <TextEquiv>
                    <Unicode>wenig wurmstichig. „Wie viele Familien habe ich</Unicode>
                </TextEquiv>
            </TextLine>
            <TextLine id="r1l27" custom="readingOrder {index:26;}">
                <Coords points="1318,1481 2199,1463 2198,1422 2014,1405 1317,1433"/>
                <Baseline points="1329,1468 1371,1468 1414,1468 1457,1467 1500,1466 1543,1466 1586,1465 1629,1464 1672,1463 1715,1462 1758,1461 1800,1459 1843,1458 1886,1457 1929,1455 1972,1453 2015,1452 2058,1450 2101,1449 2144,1447 2187,1445"/>
                <TextEquiv>
                    <Unicode>stande, sich unaufhörlich zu besinnen, welche</Unicode>
                </TextEquiv>
            </TextLine>
            <TextLine id="r1l28" custom="readingOrder {index:27;}">
                <Coords points="410,1491 1275,1497 1299,1449 409,1461"/>
                <Baseline points="421,1495 464,1494 507,1493 550,1492 594,1491 637,1491 680,1490 724,1489 767,1488 810,1488 854,1487 897,1486 940,1486 983,1484 1027,1484 1070,1483 1113,1482 1157,1481 1200,1479 1243,1478 1287,1476"/>
                <TextEquiv>
                    <Unicode>schon näher und ferner durch Banqueroute, Ehe¬</Unicode>
                </TextEquiv>
            </TextLine>
            <TextLine id="r1l29" custom="readingOrder {index:28;}">
                <Coords points="1308,1520 1656,1512 1686,1537 1749,1510 2204,1492 2189,1445 1307,1491"/>
                <Baseline points="1319,1514 1362,1514 1406,1513 1450,1512 1493,1511 1537,1510 1581,1509 1624,1508 1668,1507 1712,1505 1756,1504 1799,1502 1843,1501 1887,1499 1930,1498 1974,1497 2018,1495 2061,1494 2105,1493 2149,1492 2193,1491"/>
                <TextEquiv>
                    <Unicode>Jolge Molière gehabt hat. Man langweilt sich,</Unicode>
                </TextEquiv>
            </TextLine>
            <TextLine id="r1l30" custom="readingOrder {index:29;}">
                <Coords points="403,1541 1186,1540 1294,1524 1294,1490 402,1503"/>
                <Baseline points="414,1537 457,1536 500,1535 544,1534 587,1533 631,1532 674,1532 718,1531 761,1531 805,1530 848,1529 891,1529 935,1528 978,1527 1022,1526 1065,1525 1109,1524 1152,1523 1196,1522 1239,1520 1283,1519"/>
                <TextEquiv>
                    <Unicode>scheidungen, verführte Töchter, Morde, Haus¬</Unicode>
                </TextEquiv>
            </TextLine>
            <TextLine id="r1l31" custom="readingOrder {index:30;}">
                <Coords points="1309,1569 2158,1552 2198,1548 2197,1494 1806,1525 1308,1519"/>
                <Baseline points="1321,1558 1364,1557 1407,1556 1450,1555 1494,1554 1537,1554 1580,1553 1624,1552 1667,1551 1710,1550 1754,1549 1797,1548 1840,1546 1883,1545 1927,1544 1970,1543 2013,1541 2057,1540 2100,1538 2143,1536 2187,1535"/>
                <TextEquiv>
                    <Unicode>halten zu Gnaden. Und man denkt: was ist</Unicode>
                </TextEquiv>
            </TextLine>
            <TextLine id="r1l32" custom="readingOrder {index:31;}">
                <Coords points="401,1588 1300,1577 1298,1520 400,1545"/>
                <Baseline points="412,1580 455,1580 499,1580 543,1579 587,1579 631,1578 675,1577 718,1576 762,1575 806,1574 850,1573 894,1572 938,1571 982,1570 1025,1569 1069,1568 1113,1567 1157,1567 1201,1566 1245,1565 1289,1565"/>
                <TextEquiv>
                    <Unicode>diebstähle, Vergiftungen entweder ins Verderben</Unicode>
                </TextEquiv>
            </TextLine>
            <TextLine id="r1l33" custom="readingOrder {index:32;}">
                <Coords points="1308,1604 1643,1594 1703,1622 1786,1584 2126,1601 2195,1588 2195,1547 1307,1568"/>
                <Baseline points="1319,1601 1362,1599 1405,1598 1448,1597 1492,1596 1535,1595 1578,1595 1621,1594 1665,1593 1708,1593 1751,1592 1794,1591 1838,1590 1881,1589 1924,1588 1967,1587 2011,1585 2054,1584 2097,1581 2140,1579 2184,1577"/>
                <TextEquiv>
                    <Unicode>uns heute dieses Spiel? Weiland König Lud¬</Unicode>
                </TextEquiv>
            </TextLine>
            <TextLine id="r1l34" custom="readingOrder {index:33;}">
                <Coords points="409,1625 1297,1619 1296,1578 1235,1572 408,1582"/>
                <Baseline points="420,1622 463,1622 506,1621 549,1621 593,1620 636,1620 679,1619 722,1618 766,1618 809,1617 852,1616 895,1615 939,1614 982,1613 1025,1612 1068,1611 1112,1611 1155,1610 1198,1609 1241,1609 1285,1608"/>
                <TextEquiv>
                    <Unicode>stürzen oder auf dem Rand kümmerlich erhalten</Unicode>
                </TextEquiv>
            </TextLine>
            <TextLine id="r1l35" custom="readingOrder {index:34;}">
                <Coords points="1309,1648 2180,1642 2195,1588 1787,1584 1709,1618 1647,1594 1308,1605"/>
                <Baseline points="1319,1647 1362,1646 1405,1645 1448,1643 1492,1642 1535,1642 1578,1640 1622,1640 1665,1639 1708,1638 1752,1638 1795,1636 1838,1636 1881,1635 1925,1634 1968,1632 2011,1631 2055,1629 2098,1627 2141,1625 2185,1623"/>
                <TextEquiv>
                    <Unicode>wigs Wurstltheater. Mehr nicht, halten zu</Unicode>
                </TextEquiv>
            </TextLine>
            <TextLine id="r1l36" custom="readingOrder {index:35;}">
                <Coords points="415,1682 1296,1663 1295,1625 1231,1615 1082,1638 566,1624 544,1648 414,1629"/>
                <Baseline points="427,1667 469,1666 512,1666 555,1666 598,1665 641,1664 684,1664 727,1663 770,1663 813,1662 856,1661 898,1661 941,1660 984,1659 1027,1658 1070,1657 1113,1656 1156,1655 1199,1653 1242,1652 1285,1651"/>
                <TextEquiv>
                    <Unicode>sehen, und hatte, so jung ich war, in solchen</Unicode>
                </TextEquiv>
            </TextLine>
            <TextLine id="r1l37" custom="readingOrder {index:36;}">
                <Coords points="1309,1700 2033,1691 2080,1665 2207,1697 2206,1627 1308,1661"/>
                <Baseline points="1319,1689 1362,1688 1406,1687 1450,1686 1494,1686 1538,1685 1581,1684 1625,1683 1669,1683 1713,1682 1757,1681 1800,1680 1844,1679 1888,1678 1932,1677 1976,1676 2019,1675 2063,1674 2107,1672 2151,1671 2195,1669"/>
                <TextEquiv>
                    <Unicode>Gnaden! Ein verfehltes Unternehmen, diese</Unicode>
                </TextEquiv>
            </TextLine>
            <TextLine id="r1l38" custom="readingOrder {index:37;}">
                <Coords points="410,1712 623,1742 691,1708 885,1698 1182,1721 1306,1711 1305,1657 409,1683"/>
                <Baseline points="421,1713 464,1712 508,1712 552,1711 595,1710 639,1710 683,1709 726,1708 770,1708 814,1707 858,1706 901,1705 945,1704 989,1704 1032,1702 1076,1701 1120,1700 1163,1698 1207,1697 1251,1695 1295,1693"/>
                <TextEquiv>
                    <Unicode>Fällen zur Rettung und Hilfe öfter die Hand</Unicode>
                </TextEquiv>
            </TextLine>
            <TextLine id="r1l39" custom="readingOrder {index:38;}">
                <Coords points="1308,1741 1974,1743 2196,1717 2195,1679 2081,1665 2030,1692 1792,1677 1564,1712 1307,1698"/>
                <Baseline points="1319,1731 1362,1731 1405,1731 1448,1731 1491,1731 1535,1731 1578,1731 1621,1730 1664,1730 1707,1729 1751,1728 1794,1727 1837,1726 1880,1724 1923,1723 1967,1721 2010,1718 2053,1717 2096,1714 2139,1712 2183,1708"/>
                <TextEquiv>
                    <Unicode>Aufführung. Doppelt verfehlt mit Frank Wede¬</Unicode>
                </TextEquiv>
            </TextLine>
            <TextLine id="r1l40" custom="readingOrder {index:39;}">
                <Coords points="411,1766 1298,1746 1297,1712 1102,1696 937,1723 887,1696 410,1721"/>
                <Baseline points="421,1759 464,1758 507,1756 550,1755 594,1754 637,1753 680,1752 723,1751 767,1750 810,1749 853,1748 896,1748 940,1747 983,1746 1026,1745 1069,1744 1113,1743 1156,1742 1199,1741 1242,1739 1286,1738"/>
                <TextEquiv>
                    <Unicode>geboten ..“ Ihm ist Alceste doch nur der noble</Unicode>
                </TextEquiv>
            </TextLine>
            <TextLine id="r1l41" custom="readingOrder {index:40;}">
                <Coords points="1311,1785 1903,1790 2198,1761 2197,1716 1969,1745 1310,1739"/>
                <Baseline points="1323,1777 1366,1777 1409,1777 1452,1777 1495,1777 1539,1776 1582,1775 1625,1775 1668,1773 1711,1773 1755,1771 1798,1769 1841,1768 1884,1766 1927,1765 1971,1763 2014,1761 2057,1759 2100,1757 2143,1755 2187,1753"/>
                <TextEquiv>
                    <Unicode>kind als Tartüff. Frank Wedekind glaubt Ta¬</Unicode>
                </TextEquiv>
            </TextLine>
            <TextLine id="r1l42" custom="readingOrder {index:41;}">
                <Coords points="409,1797 1310,1804 1309,1752 687,1773 636,1751 408,1778"/>
                <Baseline points="421,1798 464,1797 508,1797 552,1796 596,1795 640,1794 684,1793 727,1792 771,1791 815,1791 859,1790 903,1789 947,1788 991,1787 1034,1786 1078,1785 1122,1784 1166,1784 1210,1783 1254,1782 1298,1782"/>
                <TextEquiv>
                    <Unicode>Kavalier, dem zuletzt jedes Mittel recht ist, die</Unicode>
                </TextEquiv>
            </TextLine>
            <TextLine id="r1l43" custom="readingOrder {index:42;}">
                <Coords points="1312,1825 2193,1815 2191,1756 1902,1791 1311,1787"/>
                <Baseline points="1324,1823 1366,1821 1409,1819 1452,1818 1495,1816 1538,1816 1581,1814 1623,1813 1666,1812 1709,1812 1752,1811 1795,1810 1838,1809 1881,1808 1923,1808 1966,1807 2009,1805 2052,1804 2095,1802 2138,1801 2181,1799"/>
                <TextEquiv>
                    <Unicode>lent zum Schauspieler zu haben. Warum nicht?</Unicode>
                </TextEquiv>
            </TextLine>
            <TextLine id="r1l44" custom="readingOrder {index:43;}">
                <Coords points="406,1840 1298,1839 1297,1796 1238,1790 405,1801"/>
                <Baseline points="417,1843 460,1842 503,1841 547,1839 590,1838 634,1837 677,1836 721,1835 764,1835 808,1834 851,1833 894,1832 938,1831 981,1831 1025,1830 1068,1830 1112,1829 1155,1828 1199,1827 1242,1827 1286,1826"/>
                <TextEquiv>
                    <Unicode>kleine Wirtstochter zu besitzen. Spricht er zu</Unicode>
                </TextEquiv>
            </TextLine>
            <TextLine id="r1l45" custom="readingOrder {index:44;}">
                <Coords points="1305,1874 2193,1857 2192,1816 2103,1809 1633,1837 1304,1820"/>
                <Baseline points="1317,1868 1360,1867 1403,1865 1446,1864 1490,1863 1533,1861 1576,1860 1619,1859 1663,1858 1706,1857 1749,1856 1792,1855 1836,1854 1879,1852 1922,1852 1965,1851 2009,1850 2052,1849 2095,1848 2138,1847 2182,1847"/>
                <TextEquiv>
                    <Unicode>Da er so zäh daran festhält, bezweifle ich es</Unicode>
                </TextEquiv>
            </TextLine>
            <TextLine id="r1l46" custom="readingOrder {index:45;}">
                <Coords points="409,1884 1269,1884 1305,1843 408,1839"/>
                <Baseline points="421,1884 464,1884 508,1883 551,1883 595,1882 639,1881 682,1880 726,1879 769,1878 813,1877 857,1876 900,1875 944,1874 987,1873 1031,1872 1075,1871 1118,1870 1162,1869 1205,1869 1249,1868 1293,1868"/>
                <TextEquiv>
                    <Unicode>der Bürgerlichen, der er von seiner Standeshöhe</Unicode>
                </TextEquiv>
            </TextLine>
            <TextLine id="r1l47" custom="readingOrder {index:46;}">
                <Coords points="1312,1917 2181,1908 2202,1853 1310,1874"/>
                <Baseline points="1323,1916 1366,1914 1410,1913 1453,1911 1497,1909 1540,1908 1584,1907 1627,1905 1671,1904 1714,1903 1758,1902 1801,1901 1845,1900 1888,1899 1932,1897 1975,1896 2019,1895 2062,1894 2106,1893 2149,1891 2193,1889"/>
                <TextEquiv>
                    <Unicode>gar nicht; bezweifle es nicht, wenn ein Künstler</Unicode>
                </TextEquiv>
            </TextLine>
            <TextLine id="r1l48" custom="readingOrder {index:47;}">
                <Coords points="419,1927 1229,1913 1293,1935 1292,1880 1244,1872 918,1898 814,1875 418,1886"/>
                <Baseline points="431,1929 473,1929 516,1928 558,1927 601,1926 643,1926 686,1925 728,1924 771,1923 813,1922 856,1921 898,1920 941,1919 983,1918 1026,1917 1068,1916 1111,1915 1153,1914 1196,1913 1238,1912 1281,1911"/>
                <TextEquiv>
                    <Unicode>herab auch den Diebstahl zutraut, verliebt in</Unicode>
                </TextEquiv>
            </TextLine>
            <TextLine id="r1l49" custom="readingOrder {index:48;}">
                <Coords points="1322,1953 1407,1978 1664,1949 1717,1970 2176,1956 2210,1950 2209,1903 1321,1919"/>
                <Baseline points="1333,1956 1376,1955 1419,1954 1462,1953 1505,1952 1549,1951 1592,1950 1635,1950 1678,1949 1721,1948 1765,1947 1808,1946 1851,1945 1894,1944 1937,1942 1981,1941 2024,1940 2067,1937 2110,1936 2153,1933 2197,1930"/>
                <TextEquiv>
                    <Unicode>von seinem Rang, im Mensch von seiner Quali¬</Unicode>
                </TextEquiv>
            </TextLine>
            <TextLine id="r1l50" custom="readingOrder {index:49;}">
                <Coords points="415,1981 674,1987 816,1958 968,1978 1022,1956 1296,1976 1295,1915 415,1942"/>
                <Baseline points="427,1971 469,1971 512,1971 555,1971 598,1970 641,1970 684,1969 727,1968 770,1967 813,1967 856,1966 898,1965 941,1964 984,1963 1027,1962 1070,1961 1113,1960 1156,1959 1199,1959 1242,1959 1285,1958"/>
                <TextEquiv>
                    <Unicode>lyrischen Worten, so hats nicht viel auf sich.</Unicode>
                </TextEquiv>
            </TextLine>
            <TextLine id="r1l51" custom="readingOrder {index:50;}">
                <Coords points="1320,2014 2090,2002 2207,1988 2206,1945 1319,1971"/>
                <Baseline points="1331,1999 1374,1998 1417,1997 1460,1997 1504,1996 1547,1995 1590,1995 1633,1994 1677,1993 1720,1992 1763,1992 1806,1991 1850,1989 1893,1989 1936,1987 1979,1985 2023,1984 2066,1982 2109,1980 2152,1978 2196,1976"/>
                <TextEquiv>
                    <Unicode>tät, aus irgend einer inneren Quelle solche Zu¬</Unicode>
                </TextEquiv>
            </TextLine>
            <TextLine id="r1l52" custom="readingOrder {index:51;}">
                <Coords points="409,2018 1297,2007 1296,1967 1031,1956 408,1971"/>
                <Baseline points="420,2016 463,2015 506,2015 549,2014 593,2013 636,2013 679,2012 722,2012 766,2011 809,2010 852,2009 895,2008 939,2007 982,2006 1025,2005 1068,2004 1112,2003 1155,2002 1198,2001 1241,2000 1285,1999"/>
                <TextEquiv>
                    <Unicode>Man war in den Tagen der Schäferspiele ge¬</Unicode>
                </TextEquiv>
            </TextLine>
            <TextLine id="r1l53" custom="readingOrder {index:52;}">
                <Coords points="1312,2062 2208,2027 2207,1989 2157,1985 1311,2014"/>
                <Baseline points="1323,2042 1366,2041 1410,2041 1454,2041 1497,2040 1541,2040 1585,2039 1628,2039 1672,2038 1716,2037 1760,2036 1803,2035 1847,2034 1891,2032 1934,2031 1978,2030 2022,2028 2065,2026 2109,2025 2153,2023 2197,2021"/>
                <TextEquiv>
                    <Unicode>versicht schöpft. Was ihn bisher hinderte, ist seine</Unicode>
                </TextEquiv>
            </TextLine>
            <TextLine id="r1l54" custom="readingOrder {index:53;}">
                <Coords points="416,2056 747,2078 807,2054 1297,2060 1296,2014 1180,2007 415,2020"/>
                <Baseline points="428,2060 470,2058 513,2057 556,2055 599,2054 642,2053 685,2052 727,2051 770,2051 813,2050 856,2049 899,2049 942,2048 985,2048 1027,2047 1070,2047 1113,2047 1156,2046 1199,2045 1242,2045 1285,2044"/>
                <TextEquiv>
                    <Unicode>wöhnt, bei solchem Anlaß die Pfeifen gleich ganz</Unicode>
                </TextEquiv>
            </TextLine>
            <TextLine id="r1l55" custom="readingOrder {index:54;}">
                <Coords points="1315,2090 1779,2099 1967,2066 2189,2088 2208,2027 1314,2056"/>
                <Baseline points="1327,2084 1370,2084 1414,2084 1457,2083 1501,2083 1544,2082 1588,2081 1631,2081 1675,2080 1718,2079 1762,2079 1805,2078 1849,2076 1892,2075 1936,2074 1979,2074 2023,2072 2066,2071 2110,2069 2153,2068 2197,2067"/>
                <TextEquiv>
                    <Unicode>Empfindlichkeit, sein Lampenfieber. Es war in</Unicode>
                </TextEquiv>
            </TextLine>
            <TextLine id="r1l56" custom="readingOrder {index:55;}">
                <Coords points="411,2103 1301,2101 1286,2049 410,2058"/>
                <Baseline points="423,2103 466,2102 509,2102 552,2101 596,2100 639,2099 682,2099 726,2098 769,2097 812,2096 856,2095 899,2094 942,2093 985,2092 1029,2091 1072,2090 1115,2088 1159,2087 1202,2086 1245,2084 1289,2082"/>
                <TextEquiv>
                    <Unicode>hoch zu stimmen. Sophie flötet in denselben</Unicode>
                </TextEquiv>
            </TextLine>
            <TextLine id="r1l57" custom="readingOrder {index:56;}">
                <Coords points="1320,2144 2207,2116 2172,2080 1975,2071 1319,2092"/>
                <Baseline points="1330,2130 1373,2129 1416,2129 1459,2129 1503,2128 1546,2127 1589,2126 1633,2125 1676,2124 1719,2123 1763,2122 1806,2121 1849,2120 1892,2118 1936,2118 1979,2117 2022,2116 2066,2115 2109,2115 2152,2114 2196,2114"/>
                <TextEquiv>
                    <Unicode>kleinen, wichtigen und scharfen Episoden zu</Unicode>
                </TextEquiv>
            </TextLine>
            <TextLine id="r1l58" custom="readingOrder {index:57;}">
                <Coords points="410,2164 1306,2146 1305,2090 408,2108"/>
                <Baseline points="421,2151 464,2149 508,2147 551,2146 595,2144 639,2143 682,2142 726,2141 769,2140 813,2139 857,2138 900,2138 944,2137 987,2136 1031,2135 1075,2134 1118,2133 1162,2132 1205,2131 1249,2130 1293,2129"/>
                <TextEquiv>
                    <Unicode>Tönen, die von Edelmut nur so vibriren und</Unicode>
                </TextEquiv>
            </TextLine>
            <TextLine id="r1l59" custom="readingOrder {index:58;}">
                <Coords points="1308,2202 1640,2167 2204,2172 2203,2125 1949,2112 1855,2140 1307,2139"/>
                <Baseline points="1319,2174 1362,2174 1406,2174 1450,2173 1493,2172 1537,2172 1581,2171 1624,2170 1668,2169 1712,2168 1756,2167 1799,2166 1843,2165 1887,2164 1930,2162 1974,2161 2018,2160 2061,2159 2105,2157 2149,2156 2193,2155"/>
                <TextEquiv>
                    <Unicode> überwinden. Es mußte schonend behandelt sein,</Unicode>
                </TextEquiv>
            </TextLine>
            <TextLine id="r1l60" custom="readingOrder {index:59;}">
                <Coords points="412,2194 1304,2193 1303,2145 1234,2136 411,2148"/>
                <Baseline points="423,2193 466,2193 510,2192 553,2190 597,2190 640,2189 684,2187 727,2186 771,2185 814,2184 858,2183 901,2182 945,2181 988,2180 1032,2179 1075,2178 1119,2177 1162,2176 1206,2175 1249,2175 1293,2174"/>
                <TextEquiv>
                    <Unicode>fügt sich dann doch gerne dem Lüderjahn von</Unicode>
                </TextEquiv>
            </TextLine>
            <TextLine id="r1l61" custom="readingOrder {index:60;}">
                <Coords points="1319,2228 2054,2229 2203,2210 2203,2167 1318,2189"/>
                <Baseline points="1330,2220 1373,2219 1416,2218 1459,2218 1502,2217 1545,2216 1588,2215 1631,2214 1674,2214 1717,2213 1760,2212 1803,2211 1846,2211 1889,2209 1932,2209 1975,2208 2018,2206 2061,2205 2104,2204 2147,2203 2191,2201"/>
                <TextEquiv>
                    <Unicode>mußte davor beschützt bleiben, durch einen argen</Unicode>
                </TextEquiv>
            </TextLine>
            <TextLine id="r1l62" custom="readingOrder {index:61;}">
                <Coords points="420,2241 1303,2229 1302,2193 1216,2174 1008,2204 420,2205"/>
                <Baseline points="432,2235 477,2234 522,2233 567,2233 612,2232 658,2232 703,2231 748,2230 793,2230 838,2229 884,2228 929,2227 974,2225 1019,2224 1064,2223 1110,2221 1155,2219 1200,2217 1245,2215 1291,2213"/>
                <TextEquiv>
                    <Unicode>Gatten Da ist dann wieder die jugendlich¬</Unicode>
                </TextEquiv>
            </TextLine>
            <TextLine id="r1l63" custom="readingOrder {index:62;}">
                <Coords points="1316,2277 2210,2248 2208,2196 1980,2231 1826,2212 1315,2236"/>
                <Baseline points="1327,2265 1370,2264 1414,2263 1457,2263 1501,2262 1544,2262 1588,2261 1631,2261 1675,2260 1718,2259 1762,2259 1805,2258 1849,2257 1892,2256 1936,2254 1979,2252 2023,2250 2066,2248 2110,2246 2153,2243 2197,2240"/>
                <TextEquiv>
                    <Unicode>Mißerfolg noch schlimmer, vollends gar unheil¬</Unicode>
                </TextEquiv>
            </TextLine>
            <TextLine id="r1l64" custom="readingOrder {index:63;}">
                <Coords points="413,2283 687,2272 723,2297 1302,2266 1301,2225 1249,2222 412,2237"/>
                <Baseline points="424,2278 467,2277 510,2277 553,2276 597,2275 640,2274 683,2273 727,2273 770,2272 813,2271 857,2270 900,2269 943,2268 986,2267 1030,2266 1073,2265 1116,2264 1160,2263 1203,2262 1246,2261 1290,2260"/>
                <TextEquiv>
                    <Unicode>naive Verve des „Schwamm drüber“ ergreifend,</Unicode>
                </TextEquiv>
            </TextLine>
            <TextLine id="r1l65" custom="readingOrder {index:64;}">
                <Coords points="1315,2321 2211,2291 2210,2248 1314,2276"/>
                <Baseline points="1325,2312 1368,2311 1412,2309 1456,2308 1499,2307 1543,2306 1587,2305 1630,2304 1674,2303 1718,2302 1762,2301 1805,2301 1849,2300 1893,2299 1936,2298 1980,2296 2024,2295 2067,2294 2111,2292 2155,2291 2199,2289"/>
                <TextEquiv>
                    <Unicode>bar zu werden. Wedekind als Tartüff, als einen</Unicode>
                </TextEquiv>
            </TextLine>
            <TextLine id="r1l66" custom="readingOrder {index:65;}">
                <Coords points="423,2325 1238,2327 1310,2317 1309,2269 422,2289"/>
                <Baseline points="434,2322 477,2321 520,2321 563,2320 607,2319 650,2319 693,2318 736,2317 780,2316 823,2315 866,2314 909,2313 953,2312 996,2311 1039,2310 1082,2308 1126,2307 1169,2307 1212,2306 1255,2304 1299,2304"/>
                <TextEquiv>
                    <Unicode>mit der Gocthe ein wenig frech und verächtlich</Unicode>
                </TextEquiv>
            </TextLine>
            <TextLine id="r1l67" custom="readingOrder {index:66;}">
                <Coords points="1311,2379 1521,2350 2205,2340 2203,2299 2090,2296 1310,2325"/>
                <Baseline points="1323,2359 1366,2358 1410,2356 1453,2355 1497,2354 1540,2353 1584,2352 1627,2350 1671,2349 1714,2348 1758,2347 1801,2346 1845,2345 1888,2343 1932,2342 1975,2341 2019,2340 2062,2338 2106,2336 2149,2335 2193,2333"/>
                <TextEquiv>
                    <Unicode>zwei Akte lang angekündigten, zwei Akte lang</Unicode>
                </TextEquiv>
            </TextLine>
            <TextLine id="r1l68" custom="readingOrder {index:67;}">
                <Coords points="419,2374 1313,2356 1312,2325 1237,2311 860,2341 418,2320"/>
                <Baseline points="430,2368 473,2367 517,2366 560,2365 604,2364 648,2363 691,2361 735,2360 778,2359 822,2358 866,2357 909,2356 953,2355 996,2354 1040,2353 1084,2352 1127,2351 1171,2350 1214,2348 1258,2348 1302,2346"/>
                <TextEquiv>
                    <Unicode>diese Figürchen abtut, sie nasenstübernd par¬</Unicode>
                </TextEquiv>
            </TextLine>
            <TextLine id="r1l69" custom="readingOrder {index:68;}">
                <Coords points="1325,2400 1694,2419 1764,2394 2208,2393 2206,2345 2163,2342 1324,2373"/>
                <Baseline points="1335,2402 1378,2401 1421,2400 1464,2399 1507,2398 1550,2397 1593,2396 1636,2395 1679,2393 1722,2392 1766,2391 1809,2389 1852,2388 1895,2387 1938,2386 1981,2384 2024,2383 2067,2381 2110,2380 2153,2379 2197,2377"/>
                <TextEquiv>
                    <Unicode>erwarteten Stückträger exponiert zu haben, ist</Unicode>
                </TextEquiv>
            </TextLine>
            <TextLine id="r1l70" custom="readingOrder {index:69;}">
                <Coords points="421,2427 1088,2394 1315,2419 1313,2355 419,2373"/>
                <Baseline points="432,2410 475,2409 519,2408 562,2407 606,2406 649,2405 693,2404 736,2403 780,2402 823,2401 867,2400 911,2399 954,2398 998,2398 1041,2397 1085,2396 1128,2395 1172,2394 1215,2392 1259,2391 1303,2390"/>
                <TextEquiv>
                    <Unicode>donniert und von der Szene fegt. Die Regie</Unicode>
                </TextEquiv>
            </TextLine>
            <TextLine id="r1l71" custom="readingOrder {index:70;}">
                <Coords points="1327,2442 2192,2443 2211,2390 1740,2396 1700,2420 1326,2404"/>
                <Baseline points="1337,2443 1380,2443 1423,2442 1466,2441 1509,2441 1552,2440 1595,2439 1639,2438 1682,2437 1725,2436 1768,2435 1811,2434 1854,2433 1897,2432 1941,2431 1984,2430 2027,2429 2070,2427 2113,2426 2156,2425 2200,2424"/>
                <TextEquiv>
                    <Unicode>Reinhardts Fehler. Frank Wedekind kann in</Unicode>
                </TextEquiv>
            </TextLine>
            <TextLine id="r1l72" custom="readingOrder {index:71;}">
                <Coords points="415,2467 1282,2453 1301,2401 414,2427"/>
                <Baseline points="426,2456 469,2455 512,2454 555,2453 598,2452 642,2451 685,2450 728,2449 771,2447 814,2446 858,2445 901,2444 944,2443 987,2442 1030,2441 1074,2440 1117,2439 1160,2438 1203,2438 1246,2437 1290,2436"/>
                <TextEquiv>
                    <Unicode>ging diesmal ganz aufs Inwendige, auf die</Unicode>
                </TextEquiv>
            </TextLine>
            <TextLine id="r1l73" custom="readingOrder {index:72;}">
                <Coords points="1324,2509 2093,2473 2145,2492 2208,2473 2208,2439 1323,2457"/>
                <Baseline points="1334,2485 1377,2485 1420,2485 1463,2485 1506,2485 1550,2485 1593,2484 1636,2484 1679,2483 1722,2482 1766,2481 1809,2480 1852,2479 1895,2478 1938,2476 1982,2475 2025,2474 2068,2473 2111,2471 2154,2470 2198,2468"/>
                <TextEquiv>
                    <Unicode>dieser Rolle gar nicht kritisiert werden. Ja,</Unicode>
                </TextEquiv>
            </TextLine>
            <TextLine id="r1l74" custom="readingOrder {index:73;}">
                <Coords points="414,2496 1173,2500 1306,2490 1305,2449 413,2467"/>
                <Baseline points="425,2498 468,2497 512,2497 555,2495 599,2494 642,2494 686,2493 729,2492 773,2491 816,2490 860,2489 903,2488 947,2487 990,2486 1034,2484 1077,2483 1121,2482 1164,2480 1208,2479 1251,2477 1295,2475"/>
                <TextEquiv>
                    <Unicode>Menschlichkeiten dieses Gedichtes, fand dann von</Unicode>
                </TextEquiv>
            </TextLine>
            <TextLine id="r1l75" custom="readingOrder {index:74;}">
                <Coords points="1325,2546 2188,2526 2213,2471 1324,2505"/>
                <Baseline points="1336,2534 1379,2532 1422,2531 1466,2530 1509,2529 1552,2529 1596,2528 1639,2527 1682,2526 1726,2525 1769,2524 1812,2524 1856,2523 1899,2521 1942,2520 1986,2519 2029,2518 2072,2517 2116,2515 2159,2513 2203,2511"/>
                <TextEquiv>
                    <Unicode>wenn er sie schlecht, wenn er sie falsch, wenn er</Unicode>
                </TextEquiv>
            </TextLine>
            <TextLine id="r1l76" custom="readingOrder {index:75;}">
                <Coords points="420,2546 1267,2540 1307,2526 1307,2487 419,2501"/>
                <Baseline points="431,2544 474,2542 517,2541 560,2540 604,2538 647,2537 690,2535 734,2534 777,2534 820,2532 864,2531 907,2530 950,2529 993,2528 1037,2527 1080,2526 1123,2525 1167,2524 1210,2524 1253,2522 1297,2521"/>
                <TextEquiv>
                    <Unicode>hier aus seine zierliche äußere Form und führte</Unicode>
                </TextEquiv>
            </TextLine>
            <TextLine id="r1l77" custom="readingOrder {index:76;}">
                <Coords points="1323,2580 2210,2575 2209,2518 1322,2548"/>
                <Baseline points="1333,2578 1376,2577 1419,2577 1462,2575 1506,2575 1549,2574 1592,2573 1636,2572 1679,2571 1722,2570 1766,2569 1809,2567 1852,2566 1895,2565 1939,2564 1982,2563 2025,2561 2069,2560 2112,2559 2155,2558 2199,2556"/>
                <TextEquiv>
                    <Unicode>sie überhaupt gespielt hätte! Aber in diesem</Unicode>
                </TextEquiv>
            </TextLine>
            <TextLine id="r1l78" custom="readingOrder {index:77;}">
                <Coords points="415,2604 886,2573 1312,2593 1311,2539 414,2554"/>
                <Baseline points="427,2587 470,2586 514,2585 557,2584 601,2583 645,2582 688,2581 732,2580 775,2580 819,2579 863,2578 906,2578 950,2577 993,2576 1037,2575 1081,2573 1124,2572 1168,2571 1211,2569 1255,2568 1299,2565"/>
                <TextEquiv>
                    <Unicode>die Mitschuldigen auf, wie man ein altes</Unicode>
                </TextEquiv>
            </TextLine>
            <TextLine id="r1l79" custom="readingOrder {index:78;}">
                <Coords points="1326,2637 1460,2639 1488,2613 1602,2644 1774,2613 2209,2618 2194,2564 1325,2585"/>
                <Baseline points="1337,2625 1380,2623 1423,2620 1466,2619 1509,2617 1552,2616 1595,2616 1638,2614 1681,2614 1724,2613 1767,2612 1810,2612 1853,2611 1896,2610 1939,2609 1982,2608 2025,2607 2068,2605 2111,2604 2154,2601 2197,2598"/>
                <TextEquiv>
                    <Unicode>Zustand krampfartiger, fast schon an Ver¬</Unicode>
                </TextEquiv>
            </TextLine>
            <TextLine id="r1l80" custom="readingOrder {index:79;}">
                <Coords points="428,2637 1309,2627 1276,2573 427,2603"/>
                <Baseline points="438,2630 483,2630 528,2629 573,2628 618,2628 664,2626 709,2626 754,2624 799,2623 844,2622 890,2621 935,2619 980,2618 1025,2617 1070,2616 1116,2615 1161,2614 1206,2613 1251,2612 1297,2611"/>
                <TextEquiv>
                    <Unicode>Konzertstück spielt, mit reduziertem Orchester,</Unicode>
                </TextEquiv>
            </TextLine>
            <TextLine id="r1l81" custom="readingOrder {index:80;}">
                <Coords points="1334,2681 2208,2651 2207,2615 2175,2611 1333,2635"/>
                <Baseline points="1345,2666 1387,2664 1430,2663 1472,2662 1515,2661 1557,2660 1600,2659 1642,2658 1685,2658 1727,2657 1770,2656 1813,2655 1855,2655 1898,2654 1940,2653 1983,2652 2025,2651 2068,2650 2110,2649 2153,2648 2196,2646"/>
                <TextEquiv>
                    <Unicode>folgungswahn streifender Befangenheit, mußte</Unicode>
                </TextEquiv>
            </TextLine>
            <TextLine id="r1l82" custom="readingOrder {index:81;}">
                <Coords points="430,2683 1313,2660 1298,2617 429,2638"/>
                <Baseline points="442,2675 487,2674 532,2672 577,2671 622,2670 668,2669 713,2669 758,2668 803,2667 848,2667 894,2666 939,2665 984,2664 1029,2663 1074,2662 1120,2661 1165,2660 1210,2658 1255,2656 1301,2653"/>
                <TextEquiv>
                    <Unicode>mit sordinierten Geigen, oder wie man etwa</Unicode>
                </TextEquiv>
            </TextLine>
            <TextLine id="r1l83" custom="readingOrder {index:82;}">
                <Coords points="1332,2710 1839,2707 1946,2732 2006,2706 2036,2728 2210,2703 2209,2651 1331,2678"/>
                <Baseline points="1343,2709 1385,2710 1428,2710 1471,2710 1514,2710 1557,2709 1599,2709 1642,2708 1685,2708 1728,2707 1771,2706 1813,2705 1856,2703 1899,2702 1942,2700 1985,2699 2027,2698 2070,2696 2113,2695 2156,2693 2199,2691"/>
                <TextEquiv>
                    <Unicode>er froh sein, daß es ihm gelang, den bloßen</Unicode>
                </TextEquiv>
            </TextLine>
            <TextLine id="r1l84" custom="readingOrder {index:83;}">
                <Coords points="419,2738 615,2708 1315,2725 1295,2662 417,2682"/>
                <Baseline points="429,2717 472,2717 516,2716 560,2716 603,2715 647,2714 691,2713 734,2712 778,2711 822,2709 866,2708 909,2707 953,2705 997,2704 1040,2703 1084,2701 1128,2701 1171,2700 1215,2699 1259,2698 1303,2697"/>
                <TextEquiv>
                    <Unicode>eine alte Serenade auf dem Spinett begleitet,</Unicode>
                </TextEquiv>
            </TextLine>
            <TextLine id="r1l85" custom="readingOrder {index:84;}">
                <Coords points="428,2766 1311,2753 1297,2706 428,2734"/>
                <Baseline points="440,2761 483,2760 526,2759 569,2758 612,2757 655,2756 698,2755 741,2754 784,2752 827,2751 870,2750 913,2749 956,2747 999,2746 1042,2745 1085,2744 1128,2744 1171,2743 1214,2742 1257,2742 1300,2742"/>
                <TextEquiv>
                    <Unicode>oder wie man eine Sarabande tanzt. Da waren</Unicode>
                </TextEquiv>
            </TextLine>
            <TextLine id="r1l86" custom="readingOrder {index:85;}">
                <Coords points="1328,2786 1588,2757 1642,2782 1776,2761 1830,2776 1900,2750 1899,2725 1838,2708 1709,2719 1684,2706 1662,2722 1598,2705 1458,2728 1326,2710"/>
                <Baseline points="1338,2757 1365,2756 1393,2755 1420,2754 1448,2753 1475,2752 1503,2752 1530,2751 1558,2751 1585,2750 1613,2750 1640,2750 1668,2750 1695,2750 1723,2749 1750,2749 1778,2749 1805,2748 1833,2748 1860,2747 1888,2746"/>
                <TextEquiv>
                    <Unicode>Text ohne Unfall aufzusagen.</Unicode>
                </TextEquiv>
            </TextLine>
            <TextLine id="r1l87" custom="readingOrder {index:86;}">
                <Coords points="432,2810 1310,2795 1289,2748 431,2767"/>
                <Baseline points="444,2805 486,2804 529,2804 572,2803 615,2802 657,2801 700,2799 743,2798 786,2797 828,2795 871,2794 914,2792 957,2791 999,2790 1042,2788 1085,2788 1128,2787 1170,2786 1213,2785 1256,2785 1299,2785"/>
                <TextEquiv>
                    <Unicode>die Alexandriner von einer leichtsinnigen Herz¬</Unicode>
                </TextEquiv>
            </TextLine>
            <TextLine id="r1l88" custom="readingOrder {index:87;}">
                <Coords points="433,2851 1318,2835 1289,2789 1231,2811 432,2811"/>
                <Baseline points="444,2851 487,2849 530,2848 573,2847 616,2846 659,2844 702,2843 746,2842 789,2841 832,2840 875,2839 918,2838 961,2837 1004,2836 1048,2835 1091,2834 1134,2833 1177,2832 1220,2830 1263,2829 1307,2827"/>
                <TextEquiv>
                    <Unicode>lichkeit beseelt (niemand traf das besser als</Unicode>
                </TextEquiv>
            </TextLine>
            <TextLine id="r1l89" custom="readingOrder {index:88;}">
                <Coords points="1381,2894 2193,2878 2212,2814 1940,2809 1737,2849 1601,2843 1544,2808 1379,2821"/>
                <Baseline points="1391,2876 1431,2876 1472,2876 1512,2876 1553,2876 1593,2876 1634,2875 1674,2874 1715,2873 1755,2872 1796,2870 1836,2869 1877,2868 1917,2867 1958,2865 1998,2864 2039,2863 2079,2861 2120,2860 2160,2860 2201,2859"/>
                <TextEquiv>
                    <Unicode>Weil wir gerade von Reinhardt sprechen.</Unicode>
                </TextEquiv>
            </TextLine>
            <TextLine id="r1l90" custom="readingOrder {index:89;}">
                <Coords points="421,2896 1311,2886 1312,2838 990,2835 943,2862 870,2839 699,2871 651,2847 420,2853"/>
                <Baseline points="433,2897 476,2895 519,2894 563,2892 606,2890 650,2889 693,2888 737,2887 780,2885 824,2884 867,2883 910,2882 954,2881 997,2880 1041,2879 1084,2878 1128,2877 1171,2876 1215,2874 1258,2873 1302,2872"/>
                <TextEquiv>
                    <Unicode>Frl. Höflich), da waren alle Bewegungen</Unicode>
                </TextEquiv>
            </TextLine>
            <TextLine id="r1l91" custom="readingOrder {index:90;}">
                <Coords points="1319,2933 2207,2925 2219,2875 1318,2893"/>
                <Baseline points="1331,2926 1374,2925 1418,2925 1462,2924 1506,2923 1550,2922 1594,2921 1638,2920 1682,2919 1726,2918 1770,2917 1813,2916 1857,2915 1901,2913 1945,2912 1989,2911 2033,2909 2077,2908 2121,2907 2165,2906 2209,2905"/>
                <TextEquiv>
                    <Unicode>In diesen Tagen ist eine Broschüre erschienen,</Unicode>
                </TextEquiv>
            </TextLine>
            <TextLine id="r1l92" custom="readingOrder {index:91;}">
                <Coords points="427,2949 1314,2928 1313,2885 1279,2879 426,2897"/>
                <Baseline points="438,2942 481,2940 524,2938 567,2936 611,2935 654,2934 697,2932 740,2931 784,2930 827,2929 870,2928 913,2928 957,2927 1000,2926 1043,2925 1086,2924 1130,2923 1173,2922 1216,2921 1259,2920 1303,2919"/>
                <TextEquiv>
                    <Unicode>huschend, mühelos stilisiert, leise parodistisch</Unicode>
                </TextEquiv>
            </TextLine>
            <TextLine id="r1l93" custom="readingOrder {index:92;}">
                <Coords points="1340,2979 2225,2950 2224,2918 2178,2910 1339,2938"/>
                <Baseline points="1350,2968 1393,2966 1436,2966 1479,2965 1522,2964 1565,2963 1608,2963 1652,2962 1695,2962 1738,2961 1781,2961 1824,2960 1867,2959 1910,2958 1954,2957 1997,2955 2040,2954 2083,2952 2126,2950 2169,2947 2213,2944"/>
                <TextEquiv>
                    <Unicode>die ernsthaft den Titel führt: „Der Fall Rein¬</Unicode>
                </TextEquiv>
            </TextLine>
            <TextLine id="r1l94" custom="readingOrder {index:93;}">
                <Coords points="435,2986 1318,2979 1317,2929 434,2950"/>
                <Baseline points="446,2983 489,2982 532,2980 575,2979 618,2979 661,2978 704,2976 747,2975 790,2974 833,2973 876,2972 919,2971 962,2970 1005,2969 1048,2968 1091,2967 1134,2967 1177,2966 1220,2965 1263,2964 1307,2963"/>
                <TextEquiv>
                    <Unicode>dabei und von einem musikalischen, menuett¬</Unicode>
                </TextEquiv>
            </TextLine>
            <TextLine id="r1l95" custom="readingOrder {index:94;}">
                <Coords points="1339,3027 2217,2991 2189,2955 1338,2977"/>
                <Baseline points="1351,3012 1393,3011 1436,3010 1479,3008 1522,3007 1564,3007 1607,3006 1650,3005 1693,3004 1735,3004 1778,3003 1821,3002 1864,3002 1906,3001 1949,3000 1992,2999 2035,2998 2077,2997 2120,2995 2163,2994 2206,2992"/>
                <TextEquiv>
                    <Unicode>hardt oder der künstlerische Bankerott des</Unicode>
                </TextEquiv>
            </TextLine>
            <TextLine id="r1l96" custom="readingOrder {index:95;}">
                <Coords points="434,3024 1317,3008 1316,2977 1139,2967 433,2984"/>
                <Baseline points="446,3022 489,3022 532,3022 575,3021 618,3021 661,3020 704,3019 747,3018 790,3017 833,3016 876,3014 919,3013 962,3012 1005,3011 1048,3009 1091,3008 1134,3008 1177,3007 1220,3006 1263,3006 1306,3006"/>
                <TextEquiv>
                    <Unicode>haften Rhythmus. Und die Szene erinnerte</Unicode>
                </TextEquiv>
            </TextLine>
            <TextLine id="r1l97" custom="readingOrder {index:96;}">
                <Coords points="1339,3069 2222,3055 2221,2994 1338,3021"/>
                <Baseline points="1350,3056 1393,3055 1436,3054 1479,3053 1522,3052 1565,3051 1608,3050 1651,3049 1694,3048 1737,3047 1780,3046 1823,3045 1866,3044 1909,3043 1952,3042 1995,3041 2038,3040 2081,3039 2124,3038 2167,3037 2210,3036"/>
                <TextEquiv>
                    <Unicode>Deutschen Theaters zu Berlin“. Der Ton dieser</Unicode>
                </TextEquiv>
            </TextLine>
            <TextLine id="r1l98" custom="readingOrder {index:97;}">
                <Coords points="424,3072 1144,3055 1314,3081 1313,3013 423,3031"/>
                <Baseline points="435,3067 478,3066 521,3066 565,3065 608,3064 652,3063 695,3062 738,3061 782,3060 825,3059 869,3058 912,3057 955,3055 999,3054 1042,3053 1086,3052 1129,3051 1172,3051 1216,3050 1259,3049 1303,3049"/>
                <TextEquiv>
                    <Unicode>mit ihren Interieurs, wie mit ihren Figuren,</Unicode>
                </TextEquiv>
            </TextLine>
            <TextLine id="r1l99" custom="readingOrder {index:98;}">
                <Coords points="1334,3115 2178,3102 2216,3085 2216,3049 1333,3060"/>
                <Baseline points="1346,3099 1389,3098 1432,3096 1475,3096 1518,3095 1561,3094 1604,3093 1647,3093 1690,3092 1733,3092 1776,3091 1819,3091 1862,3090 1905,3089 1948,3088 1991,3088 2034,3087 2077,3086 2120,3084 2163,3083 2206,3081"/>
                <TextEquiv>
                    <Unicode>Broschüre: „Geschmacksverderber", — „Schäd¬</Unicode>
                </TextEquiv>
            </TextLine>
            <TextLine id="r1l100" custom="readingOrder {index:99;}">
                <Coords points="430,3128 1213,3103 1212,3072 1144,3055 429,3085"/>
                <Baseline points="440,3111 478,3111 516,3111 554,3110 592,3110 630,3109 668,3108 706,3106 744,3105 782,3103 820,3102 858,3101 896,3099 934,3099 972,3098 1010,3097 1048,3096 1086,3096 1124,3096 1162,3096 1201,3097"/>
                <TextEquiv>
                    <Unicode>an die traulichen Stiche von Chodowiccki.</Unicode>
                </TextEquiv>
            </TextLine>
            <TextLine id="r1l101" custom="readingOrder {index:100;}">
                <Coords points="1534,3144 1589,3161 1795,3136 1838,3153 2039,3126 2214,3135 2212,3094 2183,3088 2063,3108 2006,3091 1533,3103"/>
                <Baseline points="1545,3142 1577,3142 1610,3142 1643,3141 1676,3141 1709,3140 1742,3139 1774,3137 1807,3135 1840,3134 1873,3132 1906,3131 1939,3130 1972,3129 2004,3128 2037,3127 2070,3126 2103,3126 2136,3126 2169,3127 2202,3128"/>
                <TextEquiv>
                    <Unicode>„literarischer Abenteurer". — Ihre</Unicode>
                </TextEquiv>
            </TextLine>
            <TextLine id="r1l102" custom="readingOrder {index:101;}">
                <Coords points="1333,3151 1370,3151 1386,3160 1395,3151 1401,3158 1406,3153 1415,3162 1435,3162 1444,3153 1469,3155 1469,3112 1451,3112 1440,3105 1431,3112 1417,3106 1408,3108 1399,3115 1392,3108 1360,3106 1345,3122 1333,3122"/>
                <Baseline points="1345,3147 1373,3145 1402,3145 1430,3146 1459,3145"/>
                <TextEquiv>
                    <Unicode>ling",</Unicode>
                </TextEquiv>
            </TextLine>
            <TextLine id="r1l103" custom="readingOrder {index:102;}">
                <Coords points="488,3172 1316,3152 1315,3113 1258,3101 1218,3124 914,3105 487,3133"/>
                <Baseline points="499,3161 539,3160 579,3158 619,3157 660,3156 700,3155 740,3154 781,3153 821,3152 861,3151 902,3150 942,3149 982,3149 1022,3148 1063,3148 1103,3147 1143,3147 1184,3147 1224,3146 1264,3146 1305,3146"/>
                <TextEquiv>
                    <Unicode>Hierauf „Der Tartüff“. Aber man ver¬</Unicode>
                </TextEquiv>
            </TextLine>
            <TextLine id="r1l104" custom="readingOrder {index:103;}">
                <Coords points="1331,3195 1777,3204 1994,3172 2216,3191 2229,3134 1330,3157"/>
                <Baseline points="1342,3193 1385,3192 1429,3191 1473,3190 1517,3189 1561,3188 1605,3187 1648,3186 1692,3185 1736,3184 1780,3183 1824,3182 1868,3181 1912,3180 1955,3179 1999,3178 2043,3176 2087,3175 2131,3173 2175,3171 2219,3169"/>
                <TextEquiv>
                    <Unicode>Kampfmittel: „Ein intimer Freund Reinhardts</Unicode>
                </TextEquiv>
            </TextLine>
            <TextLine id="r1l105" custom="readingOrder {index:104;}">
                <Coords points="434,3217 1317,3206 1316,3152 433,3167"/>
                <Baseline points="446,3208 489,3208 532,3207 575,3207 618,3206 661,3205 704,3204 747,3203 790,3202 833,3201 876,3199 919,3198 962,3197 1005,3196 1048,3195 1091,3194 1134,3193 1177,3193 1220,3192 1263,3192 1306,3192"/>
                <TextEquiv>
                    <Unicode>mag sich's wirklich nicht beständig vorzuhalten,</Unicode>
                </TextEquiv>
            </TextLine>
            <TextLine id="r1l106" custom="readingOrder {index:105;}">
                <Coords points="430,3275 2263,3231 2249,3172 429,3214"/>
                <Baseline points="441,3254 531,3252 622,3250 712,3248 803,3246 893,3245 984,3243 1074,3242 1165,3240 1255,3239 1346,3237 1436,3236 1527,3235 1617,3233 1708,3231 1798,3230 1889,3228 1979,3226 2070,3224 2160,3221 2251,3219"/>
                <TextEquiv>
                    <Unicode>wie ehrwürdig diese Gestalt, wie sie seit zwei¬ äußerte ...“ — „Ein mir bekannter Univer=</Unicode>
                </TextEquiv>
            </TextLine>
            <TextEquiv>
                <Unicode>W
box 23/3
18. Der einsng
2—
der Ludwig Lowesche..
Krach der rechten Seite des Hauses formu#
fabriken übernommen — praktische Kenntnisse
abgebettelt hatte, und nicht bloß das, sondern
des Verwaltungswesens erworben hatte. Im
er stimmte auch allen jenen verkehrshindernden
Juni 1902 ward er als Thielens Nachfolger
Maßnahmen zu — wie der Erhebung von Schiff¬
in das Ministerium der öffentlichen Arbeiten
fahrtsabgaben auf den offenen Strömen —,
berufen, aber noch nicht vier Jahre der Minister¬
 welche die Konservativen als Lohn für die Be¬
tätigkeit waren ihm beschieden. Seit Jahr und
Tag schon konnte er seines zehrenden Leidens willigung des Kanalstummels forderten. Seine
hundertfünfzig Jahren ein Begriff schon ge¬
aller Menschen noch umschwebt. Und durch¬
worden ist, vermag es nicht, immerfort zu be¬
schimmernd schon der freie Naturalismus seiner
denken, wie kühn dieses Lustspiel einst gewesen,
Anschauung. Ihm sind alle diese Familien ein
(vor dritthalb hundert Jahren) und ist nicht im¬
wenig wurmstichig. „Wie viele Familien habe ich
stande, sich unaufhörlich zu besinnen, welche
schon näher und ferner durch Banqueroute, Ehe¬
Jolge Molière gehabt hat. Man langweilt sich,
scheidungen, verführte Töchter, Morde, Haus¬
halten zu Gnaden. Und man denkt: was ist
diebstähle, Vergiftungen entweder ins Verderben
uns heute dieses Spiel? Weiland König Lud¬
stürzen oder auf dem Rand kümmerlich erhalten
wigs Wurstltheater. Mehr nicht, halten zu
sehen, und hatte, so jung ich war, in solchen
Gnaden! Ein verfehltes Unternehmen, diese
Fällen zur Rettung und Hilfe öfter die Hand
Aufführung. Doppelt verfehlt mit Frank Wede¬
geboten ..“ Ihm ist Alceste doch nur der noble
kind als Tartüff. Frank Wedekind glaubt Ta¬
Kavalier, dem zuletzt jedes Mittel recht ist, die
lent zum Schauspieler zu haben. Warum nicht?
kleine Wirtstochter zu besitzen. Spricht er zu
Da er so zäh daran festhält, bezweifle ich es
der Bürgerlichen, der er von seiner Standeshöhe
gar nicht; bezweifle es nicht, wenn ein Künstler
herab auch den Diebstahl zutraut, verliebt in
von seinem Rang, im Mensch von seiner Quali¬
lyrischen Worten, so hats nicht viel auf sich.
tät, aus irgend einer inneren Quelle solche Zu¬
Man war in den Tagen der Schäferspiele ge¬
versicht schöpft. Was ihn bisher hinderte, ist seine
wöhnt, bei solchem Anlaß die Pfeifen gleich ganz
Empfindlichkeit, sein Lampenfieber. Es war in
hoch zu stimmen. Sophie flötet in denselben
kleinen, wichtigen und scharfen Episoden zu
Tönen, die von Edelmut nur so vibriren und
 überwinden. Es mußte schonend behandelt sein,
fügt sich dann doch gerne dem Lüderjahn von
mußte davor beschützt bleiben, durch einen argen
Gatten Da ist dann wieder die jugendlich¬
Mißerfolg noch schlimmer, vollends gar unheil¬
naive Verve des „Schwamm drüber“ ergreifend,
bar zu werden. Wedekind als Tartüff, als einen
mit der Gocthe ein wenig frech und verächtlich
zwei Akte lang angekündigten, zwei Akte lang
diese Figürchen abtut, sie nasenstübernd par¬
erwarteten Stückträger exponiert zu haben, ist
donniert und von der Szene fegt. Die Regie
Reinhardts Fehler. Frank Wedekind kann in
ging diesmal ganz aufs Inwendige, auf die
dieser Rolle gar nicht kritisiert werden. Ja,
Menschlichkeiten dieses Gedichtes, fand dann von
wenn er sie schlecht, wenn er sie falsch, wenn er
hier aus seine zierliche äußere Form und führte
sie überhaupt gespielt hätte! Aber in diesem
die Mitschuldigen auf, wie man ein altes
Zustand krampfartiger, fast schon an Ver¬
Konzertstück spielt, mit reduziertem Orchester,
folgungswahn streifender Befangenheit, mußte
mit sordinierten Geigen, oder wie man etwa
er froh sein, daß es ihm gelang, den bloßen
eine alte Serenade auf dem Spinett begleitet,
oder wie man eine Sarabande tanzt. Da waren
Text ohne Unfall aufzusagen.
die Alexandriner von einer leichtsinnigen Herz¬
lichkeit beseelt (niemand traf das besser als
Weil wir gerade von Reinhardt sprechen.
Frl. Höflich), da waren alle Bewegungen
In diesen Tagen ist eine Broschüre erschienen,
huschend, mühelos stilisiert, leise parodistisch
die ernsthaft den Titel führt: „Der Fall Rein¬
dabei und von einem musikalischen, menuett¬
hardt oder der künstlerische Bankerott des
haften Rhythmus. Und die Szene erinnerte
Deutschen Theaters zu Berlin“. Der Ton dieser
mit ihren Interieurs, wie mit ihren Figuren,
Broschüre: „Geschmacksverderber", — „Schäd¬
an die traulichen Stiche von Chodowiccki.
„literarischer Abenteurer". — Ihre
ling",
Hierauf „Der Tartüff“. Aber man ver¬
Kampfmittel: „Ein intimer Freund Reinhardts
mag sich's wirklich nicht beständig vorzuhalten,
wie ehrwürdig diese Gestalt, wie sie seit zwei¬ äußerte ...“ — „Ein mir bekannter Univer=</Unicode>
            </TextEquiv>
        </TextRegion>
        <TextRegion orientation="0.0" id="r2" custom="readingOrder {index:1;}">
            <Coords points="2193,881 2193,3093 3105,3093 3105,881"/>
            <TextLine id="r2l1" custom="readingOrder {index:0;}">
                <Coords points="2192,947 2785,904 3057,917 3080,855 2190,876"/>
                <Baseline points="2203,927 2246,926 2289,925 2332,924 2376,922 2419,921 2462,920 2506,919 2549,917 2592,916 2636,914 2679,913 2722,912 2765,911 2809,909 2852,908 2895,907 2939,906 2982,905 3025,904 3069,903"/>
                <TextEquiv>
                    <Unicode>Das mag wohl ein Zeichen von taktischer Klug¬</Unicode>
                </TextEquiv>
            </TextLine>
            <TextLine id="r2l2" custom="readingOrder {index:1;}">
                <Coords points="2197,982 3071,971 3081,905 2196,946"/>
                <Baseline points="2209,973 2252,971 2295,970 2338,969 2381,967 2424,966 2467,965 2510,964 2553,963 2596,962 2640,961 2683,960 2726,959 2769,958 2812,957 2855,956 2898,954 2941,953 2984,952 3027,950 3071,949"/>
                <TextEquiv>
                    <Unicode>heit sein, aber ein Zeichen kühnen Schöpfergeistes</Unicode>
                </TextEquiv>
            </TextLine>
            <TextLine id="r2l3" custom="readingOrder {index:2;}">
                <Coords points="2198,1043 3092,1009 3091,966 3047,958 2197,986"/>
                <Baseline points="2209,1023 2252,1021 2296,1019 2339,1017 2383,1016 2426,1014 2470,1013 2513,1012 2557,1011 2600,1010 2644,1009 2687,1008 2731,1007 2774,1006 2818,1005 2861,1004 2905,1003 2948,1001 2992,1000 3035,998 3079,995"/>
                <TextEquiv>
                    <Unicode>und alles überwindender Schöpferkraft ist es</Unicode>
                </TextEquiv>
            </TextLine>
            <TextLine id="r2l4" custom="readingOrder {index:3;}">
                <Coords points="2199,1100 2413,1063 2685,1079 2929,1053 2993,1076 3090,1055 3088,1007 3025,1003 2197,1043"/>
                <Baseline points="2209,1068 2252,1068 2296,1068 2339,1067 2383,1066 2426,1065 2470,1064 2513,1063 2557,1061 2600,1059 2644,1058 2687,1057 2731,1054 2774,1053 2818,1051 2861,1049 2905,1048 2948,1047 2992,1045 3035,1044 3079,1044"/>
                <TextEquiv>
                    <Unicode>nicht. Und der Ruhm eines Reformators kommt</Unicode>
                </TextEquiv>
            </TextLine>
            <TextLine id="r2l5" custom="readingOrder {index:4;}">
                <Coords points="2202,1126 3058,1111 3091,1098 3090,1055 2201,1085"/>
                <Baseline points="2213,1121 2256,1118 2299,1116 2342,1114 2386,1112 2429,1110 2472,1109 2516,1108 2559,1106 2602,1105 2646,1104 2689,1103 2732,1102 2775,1101 2819,1100 2862,1099 2905,1097 2949,1096 2992,1094 3035,1093 3079,1090"/>
                <TextEquiv>
                    <Unicode>Herrn von Budde nicht zu, wenn er auch im ein¬</Unicode>
                </TextEquiv>
            </TextLine>
            <TextLine id="r2l6" custom="readingOrder {index:5;}">
                <Coords points="2183,1185 2501,1152 3081,1153 3079,1103 2245,1135 2180,1110"/>
                <Baseline points="2193,1170 2236,1167 2280,1164 2324,1162 2368,1159 2412,1157 2456,1155 2499,1153 2543,1152 2587,1151 2631,1150 2675,1149 2719,1148 2763,1147 2806,1146 2850,1145 2894,1144 2938,1144 2982,1143 3026,1142 3070,1140"/>
                <TextEquiv>
                    <Unicode>zelnen manches Lobens= und Dankenswerte ge¬</Unicode>
                </TextEquiv>
            </TextLine>
            <TextLine id="r2l7" custom="readingOrder {index:6;}">
                <Coords points="2206,1284 3054,1258 3086,1250 3085,1212 2444,1213 2205,1247"/>
                <Baseline points="2217,1268 2259,1266 2302,1265 2345,1263 2388,1262 2431,1261 2474,1259 2517,1258 2560,1257 2603,1255 2646,1254 2688,1252 2731,1251 2774,1250 2817,1249 2860,1248 2903,1246 2946,1245 2989,1245 3032,1243 3075,1242"/>
                <TextEquiv>
                    <Unicode>sitätsprofessor und namhafter Aesthet nahm</Unicode>
                </TextEquiv>
            </TextLine>
            <TextLine id="r2l8" custom="readingOrder {index:7;}">
                <Coords points="2776,1302 2842,1313 2893,1288 2910,1303 2948,1297 2960,1308 2989,1295 3082,1303 3084,1250 2842,1263 2773,1243"/>
                <Baseline points="2787,1297 2813,1297 2839,1297 2865,1296 2891,1295 2917,1293 2944,1292 2970,1291 2996,1289 3022,1288 3048,1288 3075,1287"/>
                <TextEquiv>
                    <Unicode>Ihre Sprache:</Unicode>
                </TextEquiv>
            </TextLine>
            <TextLine id="r2l9" custom="readingOrder {index:8;}">
                <Coords points="2209,1318 2288,1330 2380,1306 2598,1304 2625,1320 2666,1302 2783,1301 2783,1270 2712,1263 2697,1279 2576,1260 2208,1284"/>
                <Baseline points="2219,1311 2246,1311 2274,1311 2301,1310 2329,1310 2357,1309 2384,1308 2412,1307 2439,1307 2467,1305 2495,1305 2522,1303 2550,1302 2577,1301 2605,1300 2633,1299 2660,1299 2688,1298 2715,1298 2743,1298 2771,1298"/>
                <TextEquiv>
                    <Unicode>kürzlich Veranlassung..“</Unicode>
                </TextEquiv>
            </TextLine>
            <TextLine id="r2l10" custom="readingOrder {index:9;}">
                <Coords points="2220,1368 2785,1340 2969,1339 3010,1363 3095,1331 3095,1300 2219,1327"/>
                <Baseline points="2231,1357 2273,1355 2316,1353 2358,1352 2401,1350 2444,1349 2486,1348 2529,1346 2571,1345 2614,1344 2657,1343 2699,1341 2742,1340 2784,1339 2827,1338 2870,1337 2912,1336 2955,1335 2997,1334 3040,1333 3083,1331"/>
                <TextEquiv>
                    <Unicode>„Dann ist die Bühne wieder (] Tempel der</Unicode>
                </TextEquiv>
            </TextLine>
            <TextLine id="r2l11" custom="readingOrder {index:10;}">
                <Coords points="2211,1413 3076,1386 3074,1336 3009,1361 2787,1341 2210,1364"/>
                <Baseline points="2223,1401 2265,1400 2307,1399 2349,1397 2391,1396 2433,1395 2475,1394 2517,1393 2559,1392 2601,1391 2644,1390 2686,1389 2728,1388 2770,1387 2812,1386 2854,1384 2896,1383 2938,1382 2980,1381 3022,1379 3065,1378"/>
                <TextEquiv>
                    <Unicode>Kunst, wie er (1) es bei den Griechen war ..“</Unicode>
                </TextEquiv>
            </TextLine>
            <TextLine id="r2l12" custom="readingOrder {index:11;}">
                <Coords points="2205,1449 3097,1420 3095,1370 2204,1411"/>
                <Baseline points="2217,1446 2260,1444 2303,1442 2347,1441 2390,1440 2434,1439 2477,1438 2520,1437 2564,1436 2607,1435 2651,1434 2694,1433 2737,1432 2781,1431 2824,1430 2868,1428 2911,1426 2954,1423 2998,1421 3041,1417 3085,1414"/>
                <TextEquiv>
                    <Unicode>Der Verfasser: ein von der Regieschule Rein¬</Unicode>
                </TextEquiv>
            </TextLine>
            <TextLine id="r2l13" custom="readingOrder {index:12;}">
                <Coords points="2210,1508 3047,1484 3094,1471 3093,1437 2208,1463"/>
                <Baseline points="2221,1492 2264,1489 2307,1487 2350,1485 2393,1484 2436,1482 2479,1482 2522,1481 2565,1480 2608,1480 2652,1479 2695,1478 2738,1478 2781,1477 2824,1476 2867,1474 2910,1473 2953,1471 2996,1468 3039,1465 3083,1461"/>
                <TextEquiv>
                    <Unicode>hardis entlassener Eleve, der diese zusammen¬</Unicode>
                </TextEquiv>
            </TextLine>
            <TextLine id="r2l14" custom="readingOrder {index:13;}">
                <Coords points="2220,1540 3094,1531 3092,1470 3070,1468 2833,1500 2219,1504"/>
                <Baseline points="2231,1537 2273,1535 2316,1532 2358,1530 2401,1528 2444,1527 2486,1526 2529,1525 2571,1524 2614,1523 2657,1522 2699,1521 2742,1521 2784,1520 2827,1519 2870,1517 2912,1516 2955,1514 2997,1513 3040,1510 3083,1507"/>
                <TextEquiv>
                    <Unicode>gestotterte, von Ignoranz, von abgegriffenen</Unicode>
                </TextEquiv>
            </TextLine>
            <TextLine id="r2l15" custom="readingOrder {index:14;}">
                <Coords points="2215,1579 2831,1585 3091,1550 3058,1515 2891,1540 2741,1517 2214,1536"/>
                <Baseline points="2227,1578 2269,1576 2312,1574 2354,1571 2397,1570 2440,1569 2482,1568 2525,1567 2568,1566 2610,1565 2653,1564 2696,1563 2738,1562 2781,1561 2824,1561 2866,1559 2909,1558 2952,1557 2994,1554 3037,1553 3080,1550"/>
                <TextEquiv>
                    <Unicode>Phrasen, und kleiner Wut starrende, auf wohl¬</Unicode>
                </TextEquiv>
            </TextLine>
            <TextLine id="r2l16" custom="readingOrder {index:15;}">
                <Coords points="2217,1640 3059,1618 3103,1597 3102,1554 2818,1588 2706,1566 2215,1579"/>
                <Baseline points="2227,1621 2270,1619 2313,1617 2356,1616 2400,1615 2443,1614 2486,1613 2529,1612 2573,1611 2616,1610 2659,1609 2702,1608 2746,1607 2789,1606 2832,1605 2875,1604 2919,1603 2962,1601 3005,1599 3048,1597 3092,1595"/>
                <TextEquiv>
                    <Unicode>feile Sensation spekulierende Schmähschrift</Unicode>
                </TextEquiv>
            </TextLine>
            <TextLine id="r2l17" custom="readingOrder {index:16;}">
                <Coords points="2208,1672 2815,1666 2843,1645 2975,1667 3090,1641 3089,1609 3030,1604 2207,1631"/>
                <Baseline points="2220,1668 2262,1665 2305,1663 2348,1662 2391,1660 2434,1659 2477,1658 2520,1657 2563,1656 2606,1655 2649,1654 2691,1653 2734,1653 2777,1652 2820,1651 2863,1650 2906,1649 2949,1648 2992,1646 3035,1645 3078,1643"/>
                <TextEquiv>
                    <Unicode>ein ... „kühnes Werklein“ nennt. Wer im An¬</Unicode>
                </TextEquiv>
            </TextLine>
            <TextLine id="r2l18" custom="readingOrder {index:17;}">
                <Coords points="2219,1719 3097,1694 3095,1635 2218,1676"/>
                <Baseline points="2229,1715 2271,1711 2314,1708 2357,1706 2400,1704 2443,1702 2485,1701 2528,1700 2571,1699 2614,1699 2657,1698 2699,1698 2742,1697 2785,1697 2828,1696 2871,1695 2913,1694 2956,1693 2999,1692 3042,1690 3085,1688"/>
                <TextEquiv>
                    <Unicode>gesicht der breiten Oeffentlichkeit tätig ist, muß</Unicode>
                </TextEquiv>
            </TextLine>
            <TextLine id="r2l19" custom="readingOrder {index:18;}">
                <Coords points="2210,1760 3091,1745 3089,1700 2933,1690 2818,1720 2209,1724"/>
                <Baseline points="2222,1757 2264,1755 2307,1752 2350,1750 2393,1749 2436,1748 2478,1747 2521,1745 2564,1744 2607,1744 2650,1743 2692,1742 2735,1741 2778,1741 2821,1740 2864,1739 2906,1738 2949,1737 2992,1735 3035,1734 3078,1732"/>
                <TextEquiv>
                    <Unicode>den Tadel wie das Lob dulden. Freilich. Aber</Unicode>
                </TextEquiv>
            </TextLine>
            <TextLine id="r2l20" custom="readingOrder {index:19;}">
                <Coords points="2213,1796 3021,1794 3093,1781 3092,1742 2212,1760"/>
                <Baseline points="2223,1799 2268,1796 2313,1795 2358,1793 2403,1792 2449,1791 2494,1789 2539,1789 2584,1788 2629,1787 2675,1786 2720,1785 2765,1785 2810,1783 2855,1782 2901,1781 2946,1779 2991,1777 3036,1776 3082,1773"/>
                <TextEquiv>
                    <Unicode>er ist es nicht allein, der Pflichten hat. Der Lob¬</Unicode>
                </TextEquiv>
            </TextLine>
            <TextLine id="r2l21" custom="readingOrder {index:20;}">
                <Coords points="2215,1854 2586,1833 2639,1854 2989,1815 3098,1849 3097,1779 2386,1818 2214,1802"/>
                <Baseline points="2227,1844 2270,1842 2313,1841 2356,1840 2399,1838 2442,1837 2485,1836 2528,1834 2571,1833 2614,1832 2657,1831 2700,1830 2743,1829 2786,1828 2829,1827 2872,1826 2915,1825 2958,1824 3001,1823 3044,1822 3087,1821"/>
                <TextEquiv>
                    <Unicode>spender, und noch mehr der Neinsager muß</Unicode>
                </TextEquiv>
            </TextLine>
            <TextLine id="r2l22" custom="readingOrder {index:21;}">
                <Coords points="2222,1889 3094,1869 3093,1835 2990,1815 2869,1844 2221,1851"/>
                <Baseline points="2234,1889 2276,1887 2318,1886 2361,1884 2403,1883 2446,1882 2488,1880 2531,1879 2573,1878 2616,1877 2658,1875 2700,1874 2743,1872 2785,1871 2828,1870 2870,1869 2913,1867 2955,1866 2998,1864 3040,1863 3083,1862"/>
                <TextEquiv>
                    <Unicode>irgendwie ein inneres, nachweisbares Recht be¬</Unicode>
                </TextEquiv>
            </TextLine>
            <TextLine id="r2l23" custom="readingOrder {index:22;}">
                <Coords points="2218,1938 3092,1918 3091,1870 2217,1904"/>
                <Baseline points="2229,1934 2271,1932 2314,1929 2356,1928 2399,1926 2442,1924 2484,1923 2527,1922 2569,1921 2612,1919 2655,1919 2697,1918 2740,1917 2782,1916 2825,1915 2868,1914 2910,1913 2953,1911 2995,1910 3038,1908 3081,1905"/>
                <TextEquiv>
                    <Unicode>sitzen, seine Stimme zu erheben. Wer auf offenem</Unicode>
                </TextEquiv>
            </TextLine>
            <TextLine id="r2l24" custom="readingOrder {index:23;}">
                <Coords points="2221,1985 3092,1958 3071,1913 2220,1938"/>
                <Baseline points="2231,1973 2273,1972 2316,1971 2358,1970 2401,1969 2443,1968 2486,1968 2528,1967 2571,1967 2613,1966 2656,1965 2698,1964 2741,1963 2783,1963 2826,1961 2868,1960 2911,1958 2953,1957 2996,1955 3038,1952 3081,1949"/>
                <TextEquiv>
                    <Unicode>Markt einen Namen, einen durch schwere Arbeit</Unicode>
                </TextEquiv>
            </TextLine>
            <TextLine id="r2l25" custom="readingOrder {index:24;}">
                <Coords points="2228,2027 3104,2018 3103,1956 2227,1989"/>
                <Baseline points="2238,2018 2280,2016 2323,2014 2365,2013 2408,2012 2451,2011 2493,2011 2536,2010 2579,2010 2621,2010 2664,2009 2707,2009 2749,2008 2792,2007 2835,2007 2877,2006 2920,2004 2963,2003 3005,2001 3048,1999 3091,1996"/>
                <TextEquiv>
                    <Unicode>erworbenen Namen in seine Hand nimmt, in</Unicode>
                </TextEquiv>
            </TextLine>
            <TextLine id="r2l26" custom="readingOrder {index:25;}">
                <Coords points="2222,2070 3096,2054 3067,2005 2221,2027"/>
                <Baseline points="2233,2067 2275,2064 2318,2061 2360,2059 2403,2057 2446,2056 2488,2055 2531,2054 2573,2054 2616,2053 2659,2053 2701,2053 2744,2052 2786,2052 2829,2051 2872,2050 2914,2048 2957,2047 2999,2045 3042,2042 3085,2038"/>
                <TextEquiv>
                    <Unicode>Fetzen reißt und mit Füßen tritt, muß Jemand</Unicode>
                </TextEquiv>
            </TextLine>
            <TextLine id="r2l27" custom="readingOrder {index:26;}">
                <Coords points="2233,2121 3054,2106 3102,2102 3101,2052 2232,2074"/>
                <Baseline points="2243,2109 2285,2107 2327,2105 2370,2103 2412,2102 2455,2101 2497,2100 2539,2098 2582,2098 2624,2097 2667,2096 2709,2095 2751,2094 2794,2093 2836,2093 2879,2092 2921,2091 2963,2089 3006,2088 3048,2087 3091,2085"/>
                <TextEquiv>
                    <Unicode>sein. Dann darf er es — vielleicht. Er muß</Unicode>
                </TextEquiv>
            </TextLine>
            <TextLine id="r2l28" custom="readingOrder {index:27;}">
                <Coords points="2216,2152 3079,2146 3094,2096 2272,2111 2216,2134"/>
                <Baseline points="2227,2152 2269,2150 2312,2149 2355,2148 2398,2147 2441,2146 2483,2145 2526,2144 2569,2143 2612,2143 2655,2142 2697,2141 2740,2141 2783,2140 2826,2139 2869,2138 2911,2137 2954,2136 2997,2135 3040,2133 3083,2131"/>
                <TextEquiv>
                    <Unicode>nicht bekannt sein, aber er muß was können.</Unicode>
                </TextEquiv>
            </TextLine>
            <TextLine id="r2l29" custom="readingOrder {index:28;}">
                <Coords points="2214,2201 3088,2193 3099,2147 2213,2153"/>
                <Baseline points="2225,2196 2268,2194 2311,2193 2354,2192 2397,2191 2440,2190 2483,2190 2527,2189 2570,2188 2613,2188 2656,2187 2699,2186 2742,2186 2785,2185 2829,2184 2872,2183 2915,2182 2958,2181 3001,2179 3044,2178 3088,2176"/>
                <TextEquiv>
                    <Unicode>Muß den Wert, den er vernichtet, durch den</Unicode>
                </TextEquiv>
            </TextLine>
            <TextLine id="r2l30" custom="readingOrder {index:29;}">
                <Coords points="2219,2239 2849,2248 3095,2222 3072,2180 2219,2210"/>
                <Baseline points="2230,2240 2272,2238 2315,2237 2357,2236 2400,2234 2443,2233 2485,2233 2528,2232 2571,2231 2613,2231 2656,2230 2699,2230 2741,2229 2784,2228 2827,2227 2869,2226 2912,2225 2955,2223 2997,2221 3040,2219 3083,2216"/>
                <TextEquiv>
                    <Unicode>eigenen Wert ersetzen. Mag er seine Kraft auch</Unicode>
                </TextEquiv>
            </TextLine>
            <TextLine id="r2l31" custom="readingOrder {index:30;}">
                <Coords points="2224,2287 3021,2285 3112,2278 3111,2229 2223,2242"/>
                <Baseline points="2235,2283 2278,2281 2321,2279 2364,2278 2407,2276 2451,2275 2494,2274 2537,2274 2580,2273 2623,2273 2667,2272 2710,2272 2753,2272 2796,2271 2839,2270 2883,2269 2926,2268 2969,2266 3012,2265 3055,2263 3099,2259"/>
                <TextEquiv>
                    <Unicode>erst in dem Augenblick enthüllen, da er zum</Unicode>
                </TextEquiv>
            </TextLine>
            <TextLine id="r2l32" custom="readingOrder {index:31;}">
                <Coords points="2225,2333 3085,2326 3100,2276 2224,2293"/>
                <Baseline points="2237,2331 2279,2330 2322,2328 2364,2327 2407,2325 2450,2324 2492,2323 2535,2322 2577,2321 2620,2321 2663,2320 2705,2319 2748,2318 2790,2317 2833,2316 2876,2315 2918,2314 2961,2313 3003,2312 3046,2310 3089,2308"/>
                <TextEquiv>
                    <Unicode>Angriff ausholt, mag vorher auch kein Mensch</Unicode>
                </TextEquiv>
            </TextLine>
            <TextLine id="r2l33" custom="readingOrder {index:32;}">
                <Coords points="2231,2387 3109,2354 3078,2320 2954,2312 2859,2335 2230,2340"/>
                <Baseline points="2241,2373 2283,2372 2326,2372 2369,2371 2412,2370 2455,2370 2497,2369 2540,2368 2583,2367 2626,2367 2669,2366 2711,2365 2754,2364 2797,2363 2840,2362 2883,2360 2925,2359 2968,2358 3011,2356 3054,2354 3097,2351"/>
                <TextEquiv>
                    <Unicode>von ihm gewußt oder gehört haben. Mag seine</Unicode>
                </TextEquiv>
            </TextLine>
            <TextLine id="r2l34" custom="readingOrder {index:33;}">
                <Coords points="2233,2422 2929,2427 3111,2393 3095,2353 2830,2384 2233,2388"/>
                <Baseline points="2244,2420 2286,2417 2329,2415 2372,2413 2415,2412 2457,2411 2500,2411 2543,2410 2586,2410 2628,2409 2671,2409 2714,2408 2757,2408 2799,2407 2842,2406 2885,2405 2928,2403 2970,2402 3013,2400 3056,2397 3099,2394"/>
                <TextEquiv>
                    <Unicode>Gabe auch nur im Negieren ruhen. Jedenfalls: er</Unicode>
                </TextEquiv>
            </TextLine>
            <TextLine id="r2l35" custom="readingOrder {index:34;}">
                <Coords points="2223,2458 2860,2466 3115,2433 3096,2395 2222,2422"/>
                <Baseline points="2235,2463 2278,2461 2321,2459 2365,2457 2408,2456 2452,2456 2495,2455 2538,2454 2582,2453 2625,2453 2669,2452 2712,2452 2755,2452 2799,2451 2842,2449 2886,2448 2929,2447 2972,2445 3016,2443 3059,2440 3103,2436"/>
                <TextEquiv>
                    <Unicode>ist verpflichiet, Leistung gegen Leistung zu setzen.</Unicode>
                </TextEquiv>
            </TextLine>
            <TextLine id="r2l36" custom="readingOrder {index:35;}">
                <Coords points="2213,2524 3112,2494 3110,2440 2257,2466 2213,2490"/>
                <Baseline points="2225,2506 2268,2504 2312,2502 2356,2501 2399,2499 2443,2498 2487,2498 2530,2497 2574,2497 2618,2496 2662,2495 2705,2495 2749,2494 2793,2493 2836,2492 2880,2491 2924,2490 2967,2488 3011,2486 3055,2483 3099,2480"/>
                <TextEquiv>
                    <Unicode>Daran müssen wir festhalten. Wenn aber jemand</Unicode>
                </TextEquiv>
            </TextLine>
            <TextLine id="r2l37" custom="readingOrder {index:36;}">
                <Coords points="2223,2559 3108,2541 3107,2494 3071,2485 2222,2507"/>
                <Baseline points="2234,2549 2277,2547 2320,2546 2363,2544 2406,2543 2449,2542 2492,2541 2536,2541 2579,2540 2622,2539 2665,2538 2708,2538 2751,2537 2794,2537 2838,2536 2881,2535 2924,2534 2967,2533 3010,2531 3053,2530 3097,2528"/>
                <TextEquiv>
                    <Unicode>in einem kümmerlichen Stammeldeutsch, das sich</Unicode>
                </TextEquiv>
            </TextLine>
            <TextLine id="r2l38" custom="readingOrder {index:37;}">
                <Coords points="2233,2595 2962,2594 3104,2578 3103,2535 2232,2557"/>
                <Baseline points="2244,2593 2286,2591 2328,2589 2371,2587 2413,2586 2456,2585 2498,2585 2541,2584 2583,2584 2626,2583 2668,2583 2710,2583 2753,2582 2795,2582 2838,2581 2880,2580 2923,2578 2965,2577 3008,2575 3050,2572 3093,2569"/>
                <TextEquiv>
                    <Unicode>vergeblich müht, den Fanfarenton großer Po¬</Unicode>
                </TextEquiv>
            </TextLine>
            <TextLine id="r2l39" custom="readingOrder {index:38;}">
                <Coords points="2223,2649 3054,2637 3103,2620 3103,2577 2222,2606"/>
                <Baseline points="2234,2636 2276,2634 2319,2632 2362,2632 2405,2630 2448,2629 2491,2629 2533,2628 2576,2627 2619,2627 2662,2626 2705,2626 2748,2625 2791,2624 2833,2624 2876,2622 2919,2621 2962,2620 3005,2619 3048,2616 3091,2614"/>
                <TextEquiv>
                    <Unicode>lemiker mit keuchendem Trara nachzuahmen,</Unicode>
                </TextEquiv>
            </TextLine>
            <TextLine id="r2l40" custom="readingOrder {index:39;}">
                <Coords points="2227,2701 2347,2678 2460,2698 2491,2672 3105,2680 3104,2619 2226,2646"/>
                <Baseline points="2237,2679 2279,2678 2322,2677 2365,2675 2408,2675 2451,2674 2493,2673 2536,2673 2579,2672 2622,2672 2665,2671 2707,2670 2750,2670 2793,2669 2836,2668 2879,2667 2921,2666 2964,2664 3007,2662 3050,2660 3093,2658"/>
                <TextEquiv>
                    <Unicode>wenn jemand aus seinem Nichts mit Schimpf</Unicode>
                </TextEquiv>
            </TextLine>
            <TextLine id="r2l41" custom="readingOrder {index:40;}">
                <Coords points="2235,2733 3111,2715 3110,2682 3046,2667 2234,2690"/>
                <Baseline points="2246,2726 2288,2724 2331,2723 2373,2722 2416,2720 2459,2720 2501,2718 2544,2717 2587,2717 2629,2715 2672,2714 2715,2714 2757,2713 2800,2712 2843,2711 2885,2710 2928,2709 2971,2708 3013,2707 3056,2706 3099,2705"/>
                <TextEquiv>
                    <Unicode>und Galle auf die Lebensarbeit eines weithin</Unicode>
                </TextEquiv>
            </TextLine>
            <TextLine id="r2l42" custom="readingOrder {index:41;}">
                <Coords points="2225,2773 3090,2767 3112,2764 3111,2708 2224,2735"/>
                <Baseline points="2235,2770 2278,2768 2321,2767 2364,2765 2408,2764 2451,2763 2494,2762 2538,2761 2581,2760 2624,2759 2668,2758 2711,2757 2754,2756 2797,2755 2841,2754 2884,2753 2927,2752 2971,2750 3014,2749 3057,2747 3101,2745"/>
                <TextEquiv>
                    <Unicode>sichtbaren Mannes speit, den Schmutz und Kehricht</Unicode>
                </TextEquiv>
            </TextLine>
            <TextLine id="r2l43" custom="readingOrder {index:42;}">
                <Coords points="2240,2816 3084,2811 3116,2804 3115,2749 2239,2784"/>
                <Baseline points="2250,2810 2292,2809 2335,2808 2378,2807 2421,2806 2463,2805 2506,2804 2549,2803 2592,2803 2634,2802 2677,2801 2720,2801 2763,2800 2805,2799 2848,2799 2891,2798 2934,2797 2976,2796 3019,2795 3062,2794 3105,2792"/>
                <TextEquiv>
                    <Unicode>aus dem Hause dieses Mannes fegt, weggeworfene</Unicode>
                </TextEquiv>
            </TextLine>
            <TextLine id="r2l44" custom="readingOrder {index:43;}">
                <Coords points="2234,2861 3110,2845 3109,2804 3057,2800 2747,2827 2233,2813"/>
                <Baseline points="2244,2856 2286,2854 2329,2852 2372,2851 2414,2850 2457,2849 2500,2848 2542,2847 2585,2846 2628,2846 2671,2845 2713,2845 2756,2845 2799,2844 2841,2843 2884,2842 2927,2842 2969,2841 3012,2839 3055,2838 3098,2836"/>
                <TextEquiv>
                    <Unicode>Urteile, hingestreute Worte, den Unrat leerer</Unicode>
                </TextEquiv>
            </TextLine>
            <TextLine id="r2l45" custom="readingOrder {index:44;}">
                <Coords points="2232,2912 2965,2904 3110,2888 3109,2845 2231,2869"/>
                <Baseline points="2243,2899 2285,2898 2328,2897 2371,2896 2414,2895 2456,2894 2499,2893 2542,2892 2585,2891 2627,2890 2670,2890 2713,2889 2756,2888 2798,2888 2841,2887 2884,2886 2927,2885 2969,2884 3012,2884 3055,2883 3098,2882"/>
                <TextEquiv>
                    <Unicode>Zwischenaktsgespräche vom Boden aufliest, dann</Unicode>
                </TextEquiv>
            </TextLine>
            <TextLine id="r2l46" custom="readingOrder {index:45;}">
                <Coords points="2223,2934 2266,2958 2732,2952 2779,2919 2841,2954 3113,2947 3111,2889 2222,2907"/>
                <Baseline points="2235,2945 2278,2943 2321,2942 2364,2941 2408,2940 2451,2938 2494,2937 2538,2936 2581,2935 2624,2935 2668,2934 2711,2933 2754,2932 2797,2931 2841,2930 2884,2929 2927,2928 2971,2927 3014,2926 3057,2925 3101,2924"/>
                <TextEquiv>
                    <Unicode>ist das appetitliche „Werklein“ das er verrichtet,</Unicode>
                </TextEquiv>
            </TextLine>
            <TextLine id="r2l47" custom="readingOrder {index:46;}">
                <Coords points="2229,2996 2640,2978 2788,3003 2881,2981 3012,3006 3112,2995 3111,2936 2228,2949"/>
                <Baseline points="2241,2986 2284,2985 2327,2984 2370,2983 2413,2982 2456,2982 2499,2981 2542,2981 2585,2980 2628,2980 2671,2979 2714,2978 2757,2978 2800,2977 2843,2976 2886,2976 2929,2975 2972,2973 3015,2972 3058,2971 3101,2969"/>
                <TextEquiv>
                    <Unicode>allerdings „kühn“, so kühn, daß man es schon</Unicode>
                </TextEquiv>
            </TextLine>
            <TextLine id="r2l48" custom="readingOrder {index:47;}">
                <Coords points="2241,3047 2272,3035 2318,3053 2340,3037 2390,3054 2522,3055 2557,3030 2705,3049 2777,3041 2777,3001 2643,2979 2240,2993"/>
                <Baseline points="2251,3026 2276,3026 2302,3026 2328,3026 2353,3026 2379,3025 2405,3025 2430,3024 2456,3024 2482,3023 2508,3022 2533,3022 2559,3022 2585,3021 2610,3021 2636,3021 2662,3021 2687,3022 2713,3022 2739,3023 2765,3024"/>
                <TextEquiv>
                    <Unicode>beinahe frech nennen könnte.</Unicode>
                </TextEquiv>
            </TextLine>
            <TextLine id="r2l49" custom="readingOrder {index:48;}">
                <Coords points="2792,3085 2826,3103 2846,3089 2864,3107 2887,3100 2928,3114 2993,3086 3068,3097 3084,3092 3083,3015 3045,3036 2999,3016 2979,3034 2950,3023 2925,3041 2913,3030 2870,3030 2839,3046 2791,3042"/>
                <Baseline points="2803,3080 2829,3081 2856,3081 2883,3082 2910,3082 2937,3082 2964,3082 2991,3081 3018,3081 3045,3079 3072,3078"/>
                <TextEquiv>
                    <Unicode>Felix Salten.</Unicode>
                </TextEquiv>
            </TextLine>
            <TextEquiv>
                <Unicode>Das mag wohl ein Zeichen von taktischer Klug¬
heit sein, aber ein Zeichen kühnen Schöpfergeistes
und alles überwindender Schöpferkraft ist es
nicht. Und der Ruhm eines Reformators kommt
Herrn von Budde nicht zu, wenn er auch im ein¬
zelnen manches Lobens= und Dankenswerte ge¬
sitätsprofessor und namhafter Aesthet nahm
Ihre Sprache:
kürzlich Veranlassung..“
„Dann ist die Bühne wieder (] Tempel der
Kunst, wie er (1) es bei den Griechen war ..“
Der Verfasser: ein von der Regieschule Rein¬
hardis entlassener Eleve, der diese zusammen¬
gestotterte, von Ignoranz, von abgegriffenen
Phrasen, und kleiner Wut starrende, auf wohl¬
feile Sensation spekulierende Schmähschrift
ein ... „kühnes Werklein“ nennt. Wer im An¬
gesicht der breiten Oeffentlichkeit tätig ist, muß
den Tadel wie das Lob dulden. Freilich. Aber
er ist es nicht allein, der Pflichten hat. Der Lob¬
spender, und noch mehr der Neinsager muß
irgendwie ein inneres, nachweisbares Recht be¬
sitzen, seine Stimme zu erheben. Wer auf offenem
Markt einen Namen, einen durch schwere Arbeit
erworbenen Namen in seine Hand nimmt, in
Fetzen reißt und mit Füßen tritt, muß Jemand
sein. Dann darf er es — vielleicht. Er muß
nicht bekannt sein, aber er muß was können.
Muß den Wert, den er vernichtet, durch den
eigenen Wert ersetzen. Mag er seine Kraft auch
erst in dem Augenblick enthüllen, da er zum
Angriff ausholt, mag vorher auch kein Mensch
von ihm gewußt oder gehört haben. Mag seine
Gabe auch nur im Negieren ruhen. Jedenfalls: er
ist verpflichiet, Leistung gegen Leistung zu setzen.
Daran müssen wir festhalten. Wenn aber jemand
in einem kümmerlichen Stammeldeutsch, das sich
vergeblich müht, den Fanfarenton großer Po¬
lemiker mit keuchendem Trara nachzuahmen,
wenn jemand aus seinem Nichts mit Schimpf
und Galle auf die Lebensarbeit eines weithin
sichtbaren Mannes speit, den Schmutz und Kehricht
aus dem Hause dieses Mannes fegt, weggeworfene
Urteile, hingestreute Worte, den Unrat leerer
Zwischenaktsgespräche vom Boden aufliest, dann
ist das appetitliche „Werklein“ das er verrichtet,
allerdings „kühn“, so kühn, daß man es schon
beinahe frech nennen könnte.
Felix Salten.</Unicode>
            </TextEquiv>
        </TextRegion>
        <TextRegion orientation="0.0" id="r3" custom="readingOrder {index:2;}">
            <Coords points="3099,933 3099,3213 3325,3213 3325,933"/>
            <TextLine id="r3l1" custom="readingOrder {index:0;}">
                <Coords points="3147,977 3168,978 3188,964 3208,968 3228,963 3258,973 3267,966 3308,967 3319,957 3332,957 3331,907 3310,908 3304,915 3297,908 3247,915 3229,902 3201,900 3193,910 3174,906 3159,922 3145,923"/>
                <Baseline points="3158,962 3185,959 3212,958 3239,958 3266,958 3293,957 3321,953"/>
                <TextEquiv>
                    <Unicode>Das gr</Unicode>
                </TextEquiv>
            </TextLine>
            <TextLine id="r3l2" custom="readingOrder {index:1;}">
                <Coords points="3147,1006 3208,1015 3215,1008 3228,1014 3271,1005 3285,1016 3305,1004 3323,1004 3323,970 3302,964 3275,969 3271,964 3259,973 3246,967 3164,968 3146,963"/>
                <Baseline points="3159,1003 3184,1001 3210,1000 3235,1000 3261,1000 3286,1000 3312,1000"/>
                <TextEquiv>
                    <Unicode>laut Ha</Unicode>
                </TextEquiv>
            </TextLine>
            <TextLine id="r3l3" custom="readingOrder {index:2;}">
                <Coords points="3088,1050 3110,1045 3145,1057 3163,1052 3229,1066 3242,1052 3271,1050 3288,1061 3309,1038 3323,1037 3322,1003 3290,1016 3270,1003 3247,1011 3236,1006 3227,1014 3215,1007 3202,1017 3163,1007 3125,1011 3109,998 3086,1001"/>
                <Baseline points="3099,1047 3125,1045 3152,1044 3178,1044 3205,1043 3231,1042 3258,1041 3284,1040 3311,1037"/>
                <TextEquiv>
                    <Unicode>Montevideo</Unicode>
                </TextEquiv>
            </TextLine>
            <TextLine id="r3l4" custom="readingOrder {index:3;}">
                <Coords points="3098,1084 3132,1098 3150,1091 3186,1111 3236,1094 3295,1121 3322,1120 3321,1039 3308,1039 3294,1053 3224,1051 3208,1061 3097,1048"/>
                <Baseline points="3109,1088 3134,1088 3159,1089 3184,1089 3210,1089 3235,1088 3260,1088 3285,1087 3311,1085"/>
                <TextEquiv>
                    <Unicode>Die gesamt</Unicode>
                </TextEquiv>
            </TextLine>
            <TextLine id="r3l5" custom="readingOrder {index:4;}">
                <Coords points="3122,1227 3162,1214 3199,1229 3223,1208 3242,1218 3264,1218 3275,1208 3285,1217 3291,1210 3307,1212 3304,1117 3288,1115 3237,1142 3226,1137 3192,1143 3166,1121 3118,1114"/>
                <Baseline points="3132,1204 3159,1204 3186,1204 3213,1203 3240,1201 3267,1201 3295,1199"/>
                <TextEquiv>
                    <Unicode>Von</Unicode>
                </TextEquiv>
            </TextLine>
            <TextLine id="r3l6" custom="readingOrder {index:5;}">
                <Coords points="3146,1316 3166,1315 3178,1326 3214,1330 3241,1317 3255,1326 3282,1318 3296,1327 3327,1322 3325,1242 3313,1243 3294,1264 3282,1257 3247,1281 3233,1281 3212,1264 3176,1263 3157,1250 3144,1250"/>
                <Baseline points="3157,1315 3183,1313 3210,1312 3236,1311 3263,1310 3289,1310 3316,1310"/>
                <TextEquiv>
                    <Unicode>Der Afs</Unicode>
                </TextEquiv>
            </TextLine>
            <TextLine id="r3l7" custom="readingOrder {index:6;}">
                <Coords points="3096,1368 3157,1364 3192,1379 3223,1362 3275,1370 3291,1361 3300,1369 3329,1357 3328,1323 3274,1325 3267,1318 3251,1325 3242,1317 3211,1329 3181,1325 3167,1314 3095,1334"/>
                <Baseline points="3107,1360 3133,1358 3159,1357 3185,1356 3212,1356 3238,1355 3264,1355 3290,1354 3317,1353"/>
                <TextEquiv>
                    <Unicode>Neapel nieh</Unicode>
                </TextEquiv>
            </TextLine>
            <TextLine id="r3l8" custom="readingOrder {index:7;}">
                <Coords points="3101,1413 3139,1406 3185,1413 3225,1405 3256,1419 3269,1405 3294,1413 3325,1407 3323,1366 3301,1370 3285,1361 3265,1369 3219,1362 3195,1379 3158,1365 3099,1367"/>
                <Baseline points="3113,1405 3138,1405 3163,1404 3188,1404 3213,1402 3238,1401 3263,1399 3288,1398 3313,1397"/>
                <TextEquiv>
                    <Unicode>dem Lande</Unicode>
                </TextEquiv>
            </TextLine>
            <TextLine id="r3l9" custom="readingOrder {index:8;}">
                <Coords points="3096,1460 3139,1452 3198,1466 3236,1453 3247,1441 3268,1452 3306,1448 3336,1456 3334,1404 3296,1412 3275,1406 3258,1420 3223,1403 3185,1414 3094,1408"/>
                <Baseline points="3106,1448 3133,1447 3160,1446 3187,1446 3215,1445 3242,1444 3269,1443 3296,1441 3324,1439"/>
                <TextEquiv>
                    <Unicode>Meeres Un</Unicode>
                </TextEquiv>
            </TextLine>
            <TextLine id="r3l10" custom="readingOrder {index:9;}">
                <Coords points="3103,1493 3147,1500 3180,1492 3217,1504 3241,1493 3303,1498 3334,1489 3332,1451 3312,1447 3278,1458 3248,1441 3204,1466 3183,1458 3177,1465 3152,1461 3142,1453 3102,1457"/>
                <Baseline points="3115,1493 3141,1492 3167,1490 3193,1490 3219,1488 3245,1488 3271,1486 3297,1485 3323,1483"/>
                <TextEquiv>
                    <Unicode>der Direk</Unicode>
                </TextEquiv>
            </TextLine>
            <TextLine id="r3l11" custom="readingOrder {index:10;}">
                <Coords points="3108,1551 3132,1539 3146,1550 3158,1550 3166,1540 3194,1548 3248,1540 3264,1548 3336,1528 3334,1489 3305,1499 3278,1491 3258,1499 3226,1493 3215,1505 3180,1492 3106,1499"/>
                <Baseline points="3118,1536 3143,1534 3169,1533 3195,1532 3221,1531 3247,1531 3273,1530 3299,1529 3325,1527"/>
                <TextEquiv>
                    <Unicode>Reapel, hat</Unicode>
                </TextEquiv>
            </TextLine>
            <TextLine id="r3l12" custom="readingOrder {index:11;}">
                <Coords points="3100,1587 3122,1583 3138,1591 3158,1581 3175,1592 3197,1588 3202,1593 3226,1584 3254,1592 3287,1577 3310,1582 3309,1555 3291,1556 3276,1543 3247,1538 3218,1551 3197,1550 3183,1539 3143,1548 3133,1539 3122,1542 3110,1532 3097,1532"/>
                <Baseline points="3111,1583 3137,1579 3164,1577 3191,1575 3218,1575 3245,1573 3272,1573 3299,1571"/>
                <TextEquiv>
                    <Unicode>suchungen</Unicode>
                </TextEquiv>
            </TextLine>
            <TextLine id="r3l13" custom="readingOrder {index:12;}">
                <Coords points="3091,1641 3116,1641 3140,1624 3147,1631 3181,1618 3229,1633 3238,1626 3250,1637 3276,1622 3304,1633 3329,1628 3329,1557 3255,1591 3200,1582 3173,1589 3157,1581 3090,1592"/>
                <Baseline points="3103,1623 3130,1621 3157,1620 3184,1619 3211,1619 3238,1619 3265,1618 3292,1617 3319,1613"/>
                <TextEquiv>
                    <Unicode>die hernie</Unicode>
                </TextEquiv>
            </TextLine>
            <TextLine id="r3l14" custom="readingOrder {index:13;}">
                <Coords points="3102,1681 3145,1671 3156,1682 3165,1675 3179,1683 3190,1671 3222,1670 3235,1677 3319,1665 3317,1624 3270,1625 3250,1635 3236,1624 3223,1632 3213,1623 3184,1633 3170,1622 3157,1630 3143,1625 3125,1635 3100,1634"/>
                <Baseline points="3112,1664 3139,1664 3167,1664 3195,1662 3223,1661 3251,1659 3279,1659 3307,1659"/>
                <TextEquiv>
                    <Unicode>Schaltiere</Unicode>
                </TextEquiv>
            </TextLine>
            <TextLine id="r3l15" custom="readingOrder {index:14;}">
                <Coords points="3096,1734 3110,1736 3125,1719 3152,1715 3179,1714 3196,1727 3204,1721 3225,1727 3265,1707 3288,1721 3324,1715 3321,1658 3300,1657 3277,1677 3186,1670 3157,1681 3131,1673 3112,1690 3094,1691"/>
                <Baseline points="3107,1715 3132,1713 3158,1712 3184,1710 3210,1709 3235,1707 3261,1706 3287,1705 3313,1703"/>
                <TextEquiv>
                    <Unicode>Forscher ist</Unicode>
                </TextEquiv>
            </TextLine>
            <TextLine id="r3l16" custom="readingOrder {index:15;}">
                <Coords points="3103,1760 3130,1761 3139,1770 3161,1759 3191,1760 3198,1767 3211,1761 3221,1768 3236,1758 3280,1767 3304,1752 3329,1751 3327,1708 3291,1721 3277,1722 3261,1711 3201,1726 3164,1714 3144,1722 3100,1717"/>
                <Baseline points="3114,1760 3139,1757 3164,1755 3190,1754 3215,1754 3240,1753 3266,1753 3291,1750 3317,1745"/>
                <TextEquiv>
                    <Unicode>Jahre daus</Unicode>
                </TextEquiv>
            </TextLine>
            <TextLine id="r3l17" custom="readingOrder {index:16;}">
                <Coords points="3101,1793 3145,1808 3204,1806 3215,1799 3226,1806 3253,1793 3267,1800 3292,1797 3303,1806 3319,1803 3318,1751 3291,1761 3261,1755 3205,1765 3198,1759 3101,1761"/>
                <Baseline points="3113,1797 3140,1795 3168,1794 3196,1793 3224,1793 3252,1792 3280,1792 3308,1790"/>
                <TextEquiv>
                    <Unicode>wieder erh</Unicode>
                </TextEquiv>
            </TextLine>
            <TextLine id="r3l18" custom="readingOrder {index:17;}">
                <Coords points="3115,1854 3176,1843 3197,1854 3238,1846 3247,1853 3265,1855 3276,1848 3326,1856 3325,1801 3307,1804 3248,1792 3227,1806 3211,1799 3200,1807 3184,1800 3144,1808 3114,1797"/>
                <Baseline points="3127,1837 3153,1838 3180,1838 3207,1837 3233,1835 3260,1834 3287,1834 3314,1836"/>
                <TextEquiv>
                    <Unicode>werden Au</Unicode>
                </TextEquiv>
            </TextLine>
            <TextLine id="r3l19" custom="readingOrder {index:18;}">
                <Coords points="3110,1890 3150,1887 3162,1898 3175,1893 3187,1902 3191,1897 3207,1902 3234,1885 3250,1894 3257,1887 3280,1893 3293,1884 3327,1881 3326,1854 3301,1850 3288,1855 3274,1848 3265,1855 3256,1848 3247,1853 3213,1847 3200,1854 3174,1843 3165,1850 3143,1844 3127,1854 3109,1849"/>
                <Baseline points="3121,1883 3148,1883 3176,1883 3204,1883 3231,1882 3259,1881 3287,1880 3315,1879"/>
                <TextEquiv>
                    <Unicode>aufgewogen</Unicode>
                </TextEquiv>
            </TextLine>
            <TextLine id="r3l20" custom="readingOrder {index:19;}">
                <Coords points="3105,1940 3139,1934 3151,1945 3225,1928 3250,1936 3263,1929 3296,1942 3322,1920 3333,1920 3332,1881 3294,1894 3250,1884 3221,1888 3208,1902 3103,1887"/>
                <Baseline points="3115,1928 3141,1928 3167,1927 3193,1926 3219,1925 3245,1924 3271,1922 3297,1922 3323,1922"/>
                <TextEquiv>
                    <Unicode>des Volkes</Unicode>
                </TextEquiv>
            </TextLine>
            <TextLine id="r3l21" custom="readingOrder {index:20;}">
                <Coords points="3112,1987 3146,1987 3159,1977 3166,1982 3204,1975 3221,1985 3241,1987 3267,1967 3283,1966 3281,1932 3236,1935 3211,1927 3202,1937 3179,1933 3171,1938 3147,1928 3143,1933 3109,1937"/>
                <Baseline points="3123,1975 3152,1973 3182,1971 3211,1970 3241,1968 3271,1967"/>
                <TextEquiv>
                    <Unicode>da die</Unicode>
                </TextEquiv>
            </TextLine>
            <TextLine id="r3l22" custom="readingOrder {index:21;}">
                <Coords points="3116,2029 3138,2019 3156,2019 3166,2028 3184,2020 3236,2030 3272,2017 3286,2026 3328,2016 3327,1973 3286,1974 3268,1965 3250,1980 3234,1971 3227,1978 3205,1974 3196,1981 3166,1982 3114,1970"/>
                <Baseline points="3127,2017 3154,2016 3181,2015 3208,2014 3235,2013 3262,2013 3289,2012 3317,2010"/>
                <TextEquiv>
                    <Unicode>massenhaft</Unicode>
                </TextEquiv>
            </TextLine>
            <TextLine id="r3l23" custom="readingOrder {index:22;}">
                <Coords points="3103,2071 3148,2063 3178,2074 3184,2067 3196,2078 3225,2073 3246,2086 3306,2060 3334,2066 3333,2016 3285,2024 3274,2017 3258,2025 3224,2016 3195,2024 3142,2018 3102,2041"/>
                <Baseline points="3113,2057 3139,2055 3165,2055 3191,2055 3217,2054 3243,2054 3269,2053 3295,2053 3321,2051"/>
                <TextEquiv>
                    <Unicode>Volksnahr#</Unicode>
                </TextEquiv>
            </TextLine>
            <TextLine id="r3l24" custom="readingOrder {index:23;}">
                <Coords points="3165,2151 3176,2152 3199,2170 3210,2163 3217,2170 3226,2163 3253,2163 3260,2157 3267,2163 3291,2159 3300,2168 3310,2161 3325,2164 3326,2121 3278,2114 3269,2120 3233,2122 3208,2118 3190,2104 3165,2099"/>
                <Baseline points="3175,2153 3202,2154 3230,2155 3257,2155 3285,2155 3313,2153"/>
                <TextEquiv>
                    <Unicode>Wie un</Unicode>
                </TextEquiv>
            </TextLine>
            <TextLine id="r3l25" custom="readingOrder {index:24;}">
                <Coords points="3120,2208 3168,2219 3184,2207 3213,2205 3222,2212 3251,2203 3294,2210 3324,2200 3324,2164 3299,2167 3290,2157 3285,2162 3254,2158 3215,2169 3195,2167 3177,2151 3159,2153 3147,2144 3120,2149"/>
                <Baseline points="3132,2202 3157,2199 3183,2198 3209,2199 3234,2199 3260,2200 3286,2200 3312,2198"/>
                <TextEquiv>
                    <Unicode>ist der Che</Unicode>
                </TextEquiv>
            </TextLine>
            <TextLine id="r3l26" custom="readingOrder {index:25;}">
                <Coords points="3121,2247 3135,2246 3147,2255 3182,2242 3220,2263 3228,2254 3235,2258 3253,2251 3267,2250 3285,2261 3298,2253 3319,2253 3317,2203 3301,2203 3292,2211 3244,2203 3236,2213 3226,2206 3220,2211 3213,2205 3181,2206 3170,2218 3120,2208"/>
                <Baseline points="3133,2249 3162,2246 3191,2245 3220,2244 3249,2243 3278,2242 3307,2241"/>
                <TextEquiv>
                    <Unicode>in Dunas</Unicode>
                </TextEquiv>
            </TextLine>
            <TextLine id="r3l27" custom="readingOrder {index:26;}">
                <Coords points="3114,2301 3133,2307 3157,2295 3180,2304 3203,2301 3230,2314 3244,2304 3257,2311 3264,2304 3287,2308 3313,2291 3327,2291 3326,2246 3278,2256 3267,2249 3242,2257 3161,2257 3113,2242"/>
                <Baseline points="3126,2296 3153,2291 3180,2290 3207,2289 3234,2290 3261,2290 3288,2289 3316,2286"/>
                <TextEquiv>
                    <Unicode>unter Zum</Unicode>
                </TextEquiv>
            </TextLine>
            <TextLine id="r3l28" custom="readingOrder {index:27;}">
                <Coords points="3120,2355 3134,2354 3156,2339 3194,2340 3201,2346 3224,2343 3237,2333 3269,2343 3289,2338 3301,2347 3308,2339 3321,2339 3320,2303 3299,2299 3293,2306 3236,2306 3229,2313 3204,2301 3165,2303 3158,2296 3118,2305"/>
                <Baseline points="3130,2344 3155,2338 3181,2336 3206,2335 3232,2335 3257,2335 3283,2334 3309,2331"/>
                <TextEquiv>
                    <Unicode>siven, an</Unicode>
                </TextEquiv>
            </TextLine>
            <TextLine id="r3l29" custom="readingOrder {index:28;}">
                <Coords points="3120,2393 3156,2400 3181,2393 3217,2405 3226,2395 3249,2391 3274,2407 3303,2389 3326,2391 3326,2339 3301,2346 3233,2334 3224,2343 3185,2341 3120,2352"/>
                <Baseline points="3131,2379 3157,2376 3183,2374 3209,2373 3235,2374 3261,2375 3287,2376 3314,2378"/>
                <TextEquiv>
                    <Unicode>flüchtig</Unicode>
                </TextEquiv>
            </TextLine>
            <TextLine id="r3l30" custom="readingOrder {index:29;}">
                <Coords points="3170,2492 3200,2501 3211,2492 3220,2496 3229,2487 3268,2499 3295,2483 3331,2494 3331,2437 3320,2437 3302,2449 3277,2431 3245,2442 3200,2419 3170,2426"/>
                <Baseline points="3181,2479 3208,2478 3236,2478 3263,2478 3291,2479 3319,2477"/>
                <TextEquiv>
                    <Unicode>Auf de</Unicode>
                </TextEquiv>
            </TextLine>
            <TextLine id="r3l31" custom="readingOrder {index:30;}">
                <Coords points="3118,2529 3132,2528 3148,2539 3164,2532 3177,2541 3202,2527 3277,2548 3318,2522 3331,2522 3330,2491 3294,2482 3217,2499 3190,2495 3167,2480 3152,2492 3133,2478 3117,2481"/>
                <Baseline points="3129,2529 3156,2527 3183,2526 3210,2526 3237,2526 3264,2526 3291,2525 3319,2523"/>
                <TextEquiv>
                    <Unicode>wie ein 2</Unicode>
                </TextEquiv>
            </TextLine>
            <TextLine id="r3l32" custom="readingOrder {index:31;}">
                <Coords points="3109,2598 3121,2598 3154,2575 3168,2586 3191,2588 3218,2575 3265,2592 3281,2579 3299,2581 3299,2547 3276,2549 3265,2538 3229,2538 3220,2529 3201,2527 3172,2541 3163,2532 3147,2539 3131,2528 3109,2526"/>
                <Baseline points="3120,2574 3147,2572 3175,2571 3203,2570 3231,2570 3259,2571 3287,2573"/>
                <TextEquiv>
                    <Unicode>seinsturz</Unicode>
                </TextEquiv>
            </TextLine>
            <TextLine id="r3l33" custom="readingOrder {index:32;}">
                <Coords points="3118,2635 3136,2635 3145,2626 3163,2635 3199,2621 3211,2627 3229,2620 3267,2622 3292,2638 3322,2633 3321,2581 3298,2585 3280,2579 3267,2593 3219,2575 3208,2582 3167,2583 3117,2572"/>
                <Baseline points="3128,2620 3153,2615 3179,2614 3205,2614 3231,2614 3257,2615 3283,2615 3309,2613"/>
                <TextEquiv>
                    <Unicode>wurde ge</Unicode>
                </TextEquiv>
            </TextLine>
            <TextLine id="r3l34" custom="readingOrder {index:33;}">
                <Coords points="3116,2668 3159,2663 3182,2683 3191,2685 3198,2678 3227,2687 3245,2677 3255,2680 3275,2663 3291,2663 3290,2627 3258,2621 3227,2626 3197,2622 3156,2634 3145,2625 3132,2636 3116,2636"/>
                <Baseline points="3128,2662 3153,2660 3178,2660 3203,2659 3228,2659 3253,2659 3279,2659"/>
                <TextEquiv>
                    <Unicode>verletzt.</Unicode>
                </TextEquiv>
            </TextLine>
            <TextLine id="r3l35" custom="readingOrder {index:34;}">
                <Coords points="3119,2734 3166,2729 3178,2738 3193,2724 3207,2726 3222,2716 3243,2726 3257,2721 3271,2732 3291,2720 3327,2719 3327,2675 3298,2677 3282,2670 3268,2678 3234,2677 3228,2684 3198,2678 3192,2685 3159,2664 3116,2670"/>
                <Baseline points="3129,2719 3155,2717 3182,2716 3209,2715 3236,2714 3263,2713 3290,2712 3317,2711"/>
                <TextEquiv>
                    <Unicode>„Die Wel</Unicode>
                </TextEquiv>
            </TextLine>
            <TextLine id="r3l36" custom="readingOrder {index:35;}">
                <Coords points="3201,2770 3217,2767 3235,2777 3263,2779 3287,2775 3296,2768 3303,2770 3310,2763 3323,2763 3324,2717 3310,2718 3304,2723 3285,2721 3272,2733 3258,2722 3247,2729 3224,2717 3199,2720"/>
                <Baseline points="3211,2759 3236,2757 3262,2755 3287,2755 3313,2755"/>
                <TextEquiv>
                    <Unicode>Als S</Unicode>
                </TextEquiv>
            </TextLine>
            <TextLine id="r3l37" custom="readingOrder {index:36;}">
                <Coords points="3125,2821 3154,2812 3204,2819 3231,2809 3248,2819 3276,2808 3320,2811 3318,2770 3272,2768 3248,2776 3238,2767 3225,2773 3193,2763 3166,2771 3149,2756 3122,2751"/>
                <Baseline points="3135,2807 3163,2805 3192,2805 3221,2803 3250,2801 3279,2800 3308,2798"/>
                <TextEquiv>
                    <Unicode>ten veran</Unicode>
                </TextEquiv>
            </TextLine>
            <TextLine id="r3l38" custom="readingOrder {index:37;}">
                <Coords points="3125,2859 3150,2860 3161,2853 3182,2866 3197,2856 3213,2862 3242,2847 3270,2861 3283,2854 3293,2863 3304,2862 3301,2810 3261,2810 3245,2819 3231,2809 3209,2817 3157,2812 3123,2821"/>
                <Baseline points="3136,2852 3161,2851 3187,2851 3213,2849 3239,2848 3265,2846 3291,2845"/>
                <TextEquiv>
                    <Unicode>schaft in</Unicode>
                </TextEquiv>
            </TextLine>
            <TextLine id="r3l39" custom="readingOrder {index:38;}">
                <Coords points="3209,2903 3229,2906 3242,2898 3252,2902 3262,2894 3279,2909 3290,2896 3292,2899 3306,2895 3314,2885 3325,2885 3321,2833 3303,2836 3287,2856 3280,2854 3269,2862 3257,2854 3246,2857 3238,2866 3225,2856 3205,2860"/>
                <Baseline points="3218,2892 3250,2890 3282,2886 3314,2886"/>
                <TextEquiv>
                    <Unicode>dfre</Unicode>
                </TextEquiv>
            </TextLine>
            <TextLine id="r3l40" custom="readingOrder {index:39;}">
                <Coords points="3137,2905 3148,2904 3157,2898 3164,2904 3166,2902 3178,2901 3182,2895 3193,2894 3189,2860 3177,2862 3163,2854 3152,2858 3146,2863 3143,2861 3132,2863"/>
                <Baseline points="3148,2896 3182,2892"/>
                <TextEquiv>
                    <Unicode>G</Unicode>
                </TextEquiv>
            </TextLine>
            <TextLine id="r3l41" custom="readingOrder {index:40;}">
                <Coords points="3133,2953 3192,2943 3210,2956 3228,2941 3248,2945 3284,2938 3298,2947 3309,2937 3323,2936 3321,2893 3303,2901 3276,2902 3262,2894 3233,2905 3212,2899 3181,2907 3167,2899 3131,2905"/>
                <Baseline points="3143,2939 3171,2939 3199,2938 3227,2937 3255,2935 3283,2933 3311,2931"/>
                <TextEquiv>
                    <Unicode>hatte in e</Unicode>
                </TextEquiv>
            </TextLine>
            <TextLine id="r3l42" custom="readingOrder {index:41;}">
                <Coords points="3224,2995 3235,2995 3242,2987 3251,2991 3262,2991 3264,2988 3272,2995 3285,2994 3294,2984 3307,2985 3304,2942 3293,2943 3281,2935 3268,2943 3220,2941"/>
                <Baseline points="3234,2980 3265,2977 3296,2976"/>
                <TextEquiv>
                    <Unicode>Silbe</Unicode>
                </TextEquiv>
            </TextLine>
            <TextLine id="r3l43" custom="readingOrder {index:42;}">
                <Coords points="3125,2985 3141,2985 3153,2995 3158,2995 3162,2990 3169,2990 3173,2985 3178,2989 3191,2989 3189,2941 3177,2942 3173,2947 3166,2945 3155,2948 3138,2933 3123,2933"/>
                <Baseline points="3136,2984 3180,2982"/>
                <TextEquiv>
                    <Unicode>25</Unicode>
                </TextEquiv>
            </TextLine>
            <TextLine id="r3l44" custom="readingOrder {index:43;}">
                <Coords points="3137,3040 3157,3038 3168,3029 3205,3029 3214,3039 3241,3032 3275,3037 3318,3026 3318,2985 3296,2983 3277,2996 3262,2987 3252,2994 3248,2989 3237,2993 3225,2984 3203,2998 3185,2998 3173,2988 3151,2999 3137,2997"/>
                <Baseline points="3149,3022 3175,3021 3201,3022 3227,3023 3253,3024 3279,3023 3306,3021"/>
                <TextEquiv>
                    <Unicode>einer gol</Unicode>
                </TextEquiv>
            </TextLine>
            <TextLine id="r3l45" custom="readingOrder {index:44;}">
                <Coords points="3125,3125 3236,3128 3252,3123 3256,3128 3263,3123 3270,3128 3297,3121 3297,3094 3272,3094 3252,3085 3238,3094 3197,3091 3184,3082 3175,3087 3125,3085"/>
                <Baseline points="3137,3118 3166,3120 3196,3121 3226,3121 3256,3120 3286,3118"/>
                <TextEquiv>
                    <Unicode>Verantw.</Unicode>
                </TextEquiv>
            </TextLine>
            <TextLine id="r3l46" custom="readingOrder {index:45;}">
                <Coords points="3142,3186 3156,3188 3187,3175 3194,3179 3216,3159 3225,3166 3238,3160 3268,3166 3274,3158 3291,3167 3313,3158 3311,3118 3292,3114 3273,3127 3252,3123 3218,3130 3198,3129 3188,3122 3171,3128 3139,3123"/>
                <Baseline points="3152,3168 3177,3165 3202,3163 3227,3161 3252,3161 3277,3160 3302,3158"/>
                <TextEquiv>
                    <Unicode>Für die Ir</Unicode>
                </TextEquiv>
            </TextLine>
            <TextLine id="r3l47" custom="readingOrder {index:46;}">
                <Coords points="3197,3227 3247,3229 3255,3221 3285,3215 3302,3200 3322,3199 3320,3159 3304,3159 3291,3167 3277,3161 3268,3166 3263,3162 3257,3167 3243,3161 3225,3166 3213,3160 3205,3168 3193,3168"/>
                <Baseline points="3207,3203 3233,3202 3259,3201 3285,3199 3311,3197"/>
                <TextEquiv>
                    <Unicode>Druck</Unicode>
                </TextEquiv>
            </TextLine>
            <TextEquiv>
                <Unicode>Das gr
laut Ha
Montevideo
Die gesamt
Von
Der Afs
Neapel nieh
dem Lande
Meeres Un
der Direk
Reapel, hat
suchungen
die hernie
Schaltiere
Forscher ist
Jahre daus
wieder erh
werden Au
aufgewogen
des Volkes
da die
massenhaft
Volksnahr#
Wie un
ist der Che
in Dunas
unter Zum
siven, an
flüchtig
Auf de
wie ein 2
seinsturz
wurde ge
verletzt.
„Die Wel
Als S
ten veran
schaft in
dfre
G
hatte in e
Silbe
25
einer gol
Verantw.
Für die Ir
Druck</Unicode>
            </TextEquiv>
        </TextRegion>
    </Page>
</PcGts>
