3484 4384
1387 349 1882 461 box 23/5
771 369 1043 444 nsäne
243 373 1280 467 18. Der eie eg
2310 1479 3318 1558 Kanzel machte, von der herab er Zustände oder
1336 1524 2319 1589 „hineingeheimnist“, statt es — (mit dem „Sinn
2320 1536 3309 1605 Einrichtungen des modernen Lebens, wenn
547 1539 1175 1641 Feuilleton.
1345 1562 2319 1643 für das Wesentliche") — als das zu nehmen,
2321 1582 3303 1678 schon nicht reformieren, so doch kritisieren will,
1326 1618 2323 1699 was es ist und will: so schmerzlich ist es gewiß
2360 1628 3310 1701 — ein solches Stück muß Klarheit schaffen und
1338 1660 2327 1735 andererseits für das Publikum oder, vielleicht
880 1659 1310 1752 (Nachdruck verboten.)
2318 1670 3323 1760 Klarheit atmen, soll man es nicht unbefriedigt
1336 1711 2326 1789 noch besser gesagt, für die den Dichter verehrende
2314 1726 3315 1807 und verärgert hinnehmen müssen wie die Ver¬
1343 1751 2332 1825 Gemeinde, wenn sie sieht, wie der Dichter selbst
2316 1775 3321 1856 worrenheit einer schlechten Predigt. Und es ist
356 1714 1344 1887 Königlich städtisches Theater.
1335 1810 2325 1903 in sich, in sein eigenes Werk, irgend etwas „hin¬
2319 1826 3327 1906 offenbar nicht zum Besten um ein Stück bestellt,
1335 1857 2317 1934 eingeheimnist“ und sie, des Dichters Gemeinde
600 1844 1140 1933 Der einsame Weg.
2330 1859 3320 1952 wenn man sich, um seinen eigentlichen künst¬
1210 1884 1280 1961 kI
354 1894 2332 2006 Ein Schauspiel von Arthur Schnitzter.Luämlich, fortwährend vor die Frage stellt, was
1354 1924 3321 2029 er denn eigentlich will? Man verstehe mich lerischen Sinn und Willen festzustellen, erst zum
462 1952 1361 2043 So wahr es ist, daß jedes Kunstwerk nicht
1358 1974 3326 2078 recht: nicht der gedankenlosen Plattheit, die nichtwohlwollenden Ausleger des Stückes machen
358 2018 1352 2105 so sehr für einen engeren Kreis von sogenann¬
2321 2021 3326 2105 muß, und — mehr subjektiv als objektiv, mehr
1346 2051 2336 2139 nachdenken will, nicht der geistigen Allerwelt¬
363 2067 1360 2158 ten Sachverständigen, sondern vielmehr für die
2327 2064 3335 2162 zur eigenen Beruhigung also, als zur allgemein
1361 2101 2340 2172 verwandtschaft, nicht der Sucht, Galerie=In¬
372 2115 1365 2210 Allgemeinheit, ganz insbesondere für jene Welt
2317 2117 3328 2202 gültigen Feststellung — dem Werke erst einen
1362 2147 2293 2234 stinkten mit — (Goethe liebte dieses Wort) —
375 2159 1362 2258 geschaffen ist, die man da das Laientum nennt:
1359 2169 3337 2276 Platituden zu fröhnen, rede ich das Wort. Aber Sinn und Willen unterbreitet, um diese beiden
369 2212 1369 2308 so wahr ist es auch, daß sich die kritische Bewer¬
2324 2217 3329 2300 dann scheinbar wieder herauszulösen, als seien
1357 2250 2336 2321 es lehnt sich in mir etwas gegen die Art auf,
369 2265 1358 2335 tung des Kunstwerkes gewiß auch aus der
2337 2282 3085 2354 sie schon vordem darinnen gewesen.
1367 2307 2343 2372 künstlerische Schwächen dadurch verkleiden zu
373 2322 1356 2386 Untersuchung ergibt, wie weit es ihm gelungen,
2424 2307 3329 2392 Das soll hier mit Schnitzlers „einsamem
1353 2339 2354 2428 wollen, daß man ihnen einfach Gedankenstriche
3084 2361 3342 2445 selbst auf
382 2368 1339 2437 sich der Allgemeinheit verständlich zu machen —
2332 2364 3081 2438 Weg“ nicht geschehen. Ich muß es —
1358 2399 2341 2482 anhängt, es dem Zuschauer oder dem Leser des
379 2406 1364 2502 für diese Allgemeinheit natürlicherweise immer
2337 2419 3327 2494 die Gefahr hin, mich dem Vorwurfe der Ein¬
1370 2447 2338 2512 Buches einfach überlassend, sich etwas selbst
2982 2459 3342 2540 ablehnen, den
378 2463 1367 2534 jener Durchschnitt von Bildung vorausgesetzt,
2340 2477 2941 2551 sichtslosigkeit preiszugeben,
1362 2499 2345 2571 dazu zu denken, was nicht ausgedrückt ist, das
378 2514 1375 2591 der zum Erfassen eines Kunstwerkes überhaupt
2344 2510 3338 2592 eigentlichen Sinn des Stückes feststellen zu
1370 2540 2341 2616 Publikum förmlich aufzufordern, aus der
386 2565 1376 2631 befähigt. Klarheit! Die muß mir in erster
2343 2560 3344 2640 können. Ich verstehe das Stück nur zur Hälfte,
1375 2573 2343 2679 Ironie des Wortes eine Wahrheit zu machen:
386 2614 1373 2686 Linie die Kunst geben. Das gilt vom Bilde eben¬
2334 2612 3335 2700 zur ersten Hälfte; zur anderen Hälfte verstehe
1477 2636 2174 2713 Im Auslegen seid frisch und munter,
385 2668 1373 2728 so wie vom architektonischen Werke, wie schließ¬
2339 2660 3347 2738 ich es nicht. Denn das Stück besteht offensicht¬
1481 2661 2277 2769 Legt ihr's nicht aus, so legt was unter.
390 2710 1387 2780 lich auch von den Emanationen der allerpersön¬
2349 2723 2845 2810 lich aus zwei Stücken.
1455 2715 2350 2817 Das Märchen, das Märchen=Drama hat
391 2741 1392 2829 lichsten der Künste, der Musik. Aber ganz ins¬
2433 2741 3071 2841 Das erste, mir verständliche:
1371 2781 2357 2860 das Recht, die Einbildungskraft aufzurufen, das
390 2806 1376 2878 besondere hat diese Forderung bei dem für das
2421 2796 3355 2892 Julian Fichtner, eine Künstlernatur, faßte,
1375 2834 2368 2911 Märchen kann, wie sich Gerhart Hauptmann in
391 2862 1381 2934 Theater geschaffenen Werke Geltung, weil dieses
2345 2857 3346 2931 als er noch jung war, eine tiefe Natur zu einem
1367 2883 2361 2971 einem Briefe sehr gut ausdrückte, eine „Traum¬
390 2908 1384 2982 unmittelbar und ausdrücklich an die als „Pub¬
2356 2911 3346 2984 Mädchen Gabriele, das damals die Braut seines
1368 2935 2353 3011 Realität“ haben, „die man genießen muß, rein
387 2965 1381 3043 likum“ sehr gut bezeichnete Oeffentlichkeit, All¬
386 2947 3352 3087 gemeinheit appelliert. So schmerzlich es für den sinnlich genießen“. Aber ein Stück, wie dieses, Freundes Wegrath war. Trotz dieser Tatsache
387 3061 3351 3134 Künstler ist, wenn man in sein Werk allerleildurch das der Dichter die Bühne gleichsam zur erwiderte Gabriele die Neigung Fichtners und
2773 3121 3106 3342 GN
336 3162 1251 3423 Aek 11. 6
2411 3293 2810 3402 AUN
