3436 4256
-30 2337 49 2415 4
1 2878 61 2942 de
-6 3001 71 3076 1
-7 3065 67 3123 h##
-13 3145 59 3205 a
-16 3172 67 3252 0
-18 3527 77 3606 8
1386 266 1892 364 box 23/1
258 278 1413 382 18. Der einsane Neg
171 1531 3300 1645 as Schicksal Stück mit jenem liebevollen Fleiße gezimmert, der Nonne erliegt, nach langem und brünstigem Gebete Sieger von Lodi hat ein befremdliches Abenteuer
180 1541 3269 1691 m sind, weil ihn bislang immer ausgezeichnet hat. Jede Szene, vorm Bilde der Muttergottes, dem süßen Liebes= mit einer opfer= und auch sonst mutigen Dame, die
178 1629 3272 1733 e keine Teil= jeder Satz ist klug bedacht und auf seine Festigkeit ge=zauber. Damit niemand il fündiges Tun merke, durchaus nicht zugeben will, daß er schlimme, kom¬
1370 1633 3274 1735 niemand ahne, daß sie mit dem schönen Prinzen da=promittierende Briefe von Frau Josephine liest.
1368 1666 3276 1781 vongeritten ist, steigt die heilige Jungfrau vom Al= Denn die Dame liebt den korsischen Parvenü und
177 1688 1383 1776 vom Vater, prüft worden. Jeder Satz und jede Szene, für sich
1379 1714 3284 1826 tare herab und tut selber den Dienst der Entflohe= sucht ihm deshalb Gram und Schmerz zu ersparen.
182 1730 1388 1826 ffenbart und betrachtet, bestehen auch: aber an das Gerüst, an das
2319 1740 3297 1841 Zu dem Zwecke verwandelt sie sich in einen kecken
178 1775 1381 1861 e Selbstsucht Skelett der Handlung sind sie nur leicht ange¬
1378 1780 2329 1868 nen. Weil Beatrix vergessen hat, die Glocke zur
1382 1799 3287 1911 rechten Stunde zu läuten, und weil man sie bezichtigt. Bengel, der bemeldete Briefe stiehlt, kommt in den
180 1809 1379 1911 die Stimme schraubt. Hier wollte der Künstler zu sehr Künstler
2320 1828 3295 1921 bringenden Verdacht der Spionage und kämpft mit
171 1866 1377 1958 mer noch so sein; hier glaubte er, der Idee seiner Arbeit zuliebe,
2316 1882 3298 1974 dem ersten Konsul etwa dreiviertel Stunden lang
180 1859 2337 1996 gen bringt, die altmodischen Bauregeln beiseite schieben, sich den Diebstahl des nun verschwundenen Marienbil¬
2334 1945 3289 2010 um Josephinens leichte Korrespondenz. Dieses
179 1918 2331 2038 Junggesellen eine neue, eigene Technik schaffen zu dürfen. Und des durch ihre Unachtsamkeit ermöglicht zu haben,
1386 1946 2333 2044 soll sie gegeißelt werden. Aber Rosen regnen vom
2321 1975 3303 2059 Shaw=Spiel beginnt damit, daß Napoleon rote
179 1993 1389 2085 Kranken nicht das Gerüst brach zusammen. Bierbaum gibt im
1375 2008 2338 2083 Himmel ohne Unterlaß, Glorie umstrahlt die Him¬
1381 2030 3292 2138 melskönigin im Gewand der armen Nonne. „Schwe= Tinte, in ihrer Ermangelung Menschenblut, bestellt,
173 2041 1391 2128 erblüffte die ersten Akt seiner „Stella und Antonie“ ein
1387 2060 3290 2176 ster Beatrix ist heilig!“ rufen verzückt ihre Genof= und endet damit, daß er und die Dame sich verlan¬
192 2087 1389 2170 schluß. Was wildes Opernlibretto Stoff genug für zwei Akte
2336 2102 3296 2198 gend in  ugen sehen. Eine Groteske, die Cha¬
181 2113 1391 2228 ind nicht fest und darum darf er es sich leisten, zwei und dreiviertel
1379 2144 2334 2213 sinnen. Und Rosen regnen vom Himmel ohne Un¬
2330 2149 3301 2241 rakterstudie sein möchte; ein Ulk, der Lustspieltöne
190 2171 1404 2266 izen sich, zer=Akte hindurch lustig zu dilettieren. Erst dann er¬
1365 2190 2337 2271 terlaß und Glorie strahlt... Nach fünfundzwanzig
435 2208 1240 2310 wacht die Opposition der Aufmerksamen.
482 2200 3298 2330 Der dramatische Erstling des fröhlichen Lyrikers Jahren kehrt die Sünderin Beatrix ins Kloste zu= anschlägt; ein Spaßgefunkel, hinter dem ein geist¬
176 2236 458 2308 n. Mühsam
1390 2254 3298 2354 rück, um dort zu sterben. Kein Verbrechen, dus nicht reicher Kerl, aber kein Dichter steht. Shaw weiß
184 2290 460 2359 itzler hat sein
1400 2292 3302 2400 auf ihr lastet kein wilder Bußgedanke, der sie nicht mit seinem Witze nicht zwei Minuten lang Maß zu
453 2304 1408 2387 ist hier so eingehend besprochen worden, daß mir zu
190 2332 451 2397 risches Emp¬
187 2334 1409 2444 rüber ausge=tun fast nichts mehr übrig bleibt. Wie unbekümmert
189 2318 3292 2482 kr wird. Sie um alles Wenn und Aber Herr Otto Julius diesmal zerfleischt. Am Altare hingestreckt, auf dem nunlhalten. Einem derben Witz zuliebe vernichtet er be¬
184 2433 3286 2533 dem Drama, gedichtet hat, und mit welcher Seelenruhe er an gäh=endlich das Marienbild wieder lächelt, finden sie die denkenlos mühselig herbeigeführte feinere Wirkt.:
2336 2424 3298 2518 gen; ein Witz zerstört plötzlich sehr saubere Charak
1397 2444 2348 2526 Schwestern. Keine von ihnen versteht Beatrixens
2336 2451 3341 2541 terstudien. Immerhin sieht man gespannt den geo
187 2479 1405 2572 gebenheit zu= nenden Abgründen hintänzelte, das zeigt die fidele
1397 2500 2344 2578 furchtbare Selbstanklagen; „die größten Heiligen
2336 2525 3322 2601 ßeren Schöpfungen dieses ungebärdigen Talent.
184 2528 1417 2622 Ellen wir doch Tatsache, daß er für die Berliner Aufführung der
1408 2547 2336 2617 werden vom Bösen am grimmigsten heimgesucht,“
2343 2555 3301 2641 entgegen. Ich fürchte nur, sie erfreuen, wie de
187 2575 1401 2665 von den An= „Stella“ einen neuen Schlußakt verfaßte, ohne auch
1398 2585 2353 2676 sagt die Oberin. Sind sie doch alle gestern Abend
2341 2601 3302 2697 „Schlachtenlenker“, den Leser zehnmal mehr als dei
189 2615 1418 2711 icht der Weis= nur eine Silbe in den vorangegangenen brei Auf¬
2806 2651 3293 2708 Richard Nordhausen.
191 2629 2358 2745 krs; die Masse zügen zu ändern. Antonie kämpft in Berlin keinen geruhsam mit dieser Schwester Beatrix, die fünf¬
2341 2663 2689 2736 Theaterbesucher.
190 2675 2357 2796 Sie starrt und zweiten Kampf mit Stella um Johann Christian; undzwanzig Jahre lang als Vorbild und Leuchte bei
198 2707 2362 2834 h geniert, weil Antonie fällt in Berlin nicht vom Dolche der erbitter= ihnen lebte, schlafen gegangen; ahnt doch keine wer
193 2762 2371 2884 h arbeitet wie ten Nebenbuhlerin. Sie wendet sich vielmehr, ganz in diesen Jahren den Dienst der Pflichtvergessenen
190 2810 2368 2923 cht bloßstellen durchlauchtigste Komtesse mit Ekel“ von dem be= tat . . . Das Neue Theater hat einen wundersamen
1407 2847 2378 2933 Rahmen für das Wunderbild geschaffen, und
198 2884 1410 2970 fter mitten in trunkenen Schmierenkomödianten, dem sie auf ihrer
1409 2889 2375 2970 fromme Musik, Weihrauchdüfte Frau Sormas
471 2928 1423 3006 Hochzeitsreise „zufällig" begegnet. Naiver als Bier¬
205 2959 488 3029 chsie Mut und
465 2970 2389 3058 baum kann man den Forderungen des modernen köstliches Spiel vollendeten den Sieg. Doch diese
475 2975 2376 3092 Dramas kaum gegenüberstehen. Gefällt die eine Beatrix sagt uns nichts. Es ist ein prächtiges Kir¬
1423 3023 2374 3110 chenstück, und wenn in unseren Domen noch Myste¬
194 3035 495 3117 wiesen, daß
200 3048 1426 3132 und Sklave Lösung des Konfliktes nicht, so pappt man halt eine
1424 3068 2391 3146 rien aufgeführt würden, dürfte die Geistlichkeit an
195 3107 1429 3182 er sie nicht andere an. Bedingung ist hann freilich, daß im
1427 3126 2379 3193 Maeterlincks Heldin nicht vorübergehen. Unseren
473 3148 1432 3227 ganzen Stück kein Funke wirklichen Lebens auf¬
191 3177 489 3246 rschaft besitzt
475 3176 2383 3274 sprüht, daß nirgends auch nur der Versuch einer Seelen aber hat die Beatrix nichts zu sagen, und von
207 3216 497 3289 en Einaktern
490 3213 2386 3319 Charakteristik gemacht wird. Denn sonst ließe sich dem wahren Leid des armen Menschenkindes, das
196 3265 495 3329 ühneninstinkt,
486 3252 2387 3359 natürlich nicht so harmlos Verwechsel=verwechsel= im Schmutz der Welt versank, erfahren wir nur
205 3315 496 3379 r Hans Jeder¬
1419 3305 1771 3386 Oberflächliches.
477 3323 1429 3401 das Bäumchen, kling, klang, gloribusch spielen. —
211 3346 503 3423 ihn in Stim¬
1446 3329 2383 3417 Wie von dem Napoleon, den Herr Bernard
528 3361 1445 3447 Maeterlincks Bewunderer sind übrigens
203 3398 509 3472 olcher Zauber
1423 3395 2401 3483 [Shaw, der jetzt vielgenannte Ire, in seinem
484 3406 1432 3490 heuer nicht minder enttäuscht worden als die von
194 3450 497 3515 taus. Dann
1432 3433 2406 3526 „Schlachtenlenker“*) auf die Beine stellt. Der
488 3457 1443 3533 Schnitzler und Bierbaum. Seine „Schwester
196 3497 495 3557 te, eingelullte
491 3501 1438 3580 [Beatrix“ ist ein hübsches Bilderstück, ein präch¬
207 3527 498 3600 en, wie sich zum
1491 3505 2407 3607 *) Bernard Shaw: Der Schlachtenlen¬
219 3554 1456 3618 Art Bier=tig ausgestattetes Mürchen, bei dem man aber In¬
1429 3568 2405 3646 ker. Komödie in einem Akt. (S. Fischer, Verlag,
203 3594 1440 3685 Schnitzler über=nerlichkeit und in die Tiefen des Herzens steigende
215 3627 2012 3742 er Wiener sein Dichterkraft umsonst suchen würde. Die holdselige Berlin.) Geh. 1 Ml. 50 Pfg.
