<?xml version="1.0" encoding="UTF-8" standalone="yes"?>
<PcGts xmlns="http://schema.primaresearch.org/PAGE/gts/pagecontent/2013-07-15" xmlns:xsi="http://www.w3.org/2001/XMLSchema-instance" xsi:schemaLocation="http://schema.primaresearch.org/PAGE/gts/pagecontent/2013-07-15 http://schema.primaresearch.org/PAGE/gts/pagecontent/2013-07-15/pagecontent.xsd">
    <Metadata>
        <Creator>prov=University of Rostock/Institute of Mathematics/CITlab/Gundram Leifert/gundram.leifert@uni-rostock.de:name=ONB_Newseye_GT_M1+(htr_id=10810)::::v=2.4.2
prov=University of Rostock/Institute of Mathematics/CITlab/Tobias Gruening/tobias.gruening@uni-rostock.de:name=de.uros.citlab.module.baseline2polygon.B2PSeamMultiOriented:v=2.4.2
prov=University of Rostock/Institute of Mathematics/CITlab/Tobias Gruening/tobias.gruening@uni-rostock.de:name=/mnt/transkribus/LA/DEA/URO/LA_news_onb_att.pb:de.uros.citlab.segmentation.CITlab_LA_ML:v=2.4.2
Transkribus</Creator>
        <Created>2019-10-07T11:31:41.543+02:00</Created>
        <LastChange>2019-10-08T14:33:13.219+02:00</LastChange>
        <TranskribusMetadata docId="223970" pageId="9502388" pageNr="620" tsid="16591787" status="IN_PROGRESS" userId="40391" imgUrl="https://files.transkribus.eu/Get?id=SAZMVKJISIJVRSELWQEMWLSZ&amp;fileType=view" xmlUrl="https://files.transkribus.eu/Get?id=HFQPEANAFDUUDHURXXLRSXVS" imageId="6192606"/>
    </Metadata>
    <Page imageFilename="223970_0620.jpeg" imageWidth="3392" imageHeight="4256">
        <ReadingOrder>
            <OrderedGroup id="ro_1711450953951" caption="Regions reading order">
                <RegionRefIndexed index="0" regionRef="r1"/>
                <RegionRefIndexed index="1" regionRef="r2"/>
            </OrderedGroup>
        </ReadingOrder>
        <TextRegion orientation="0.0" id="r1" custom="readingOrder {index:0;}">
            <Coords points="302,337 302,4086 1883,4086 1883,337"/>
            <TextLine id="r1l1" custom="readingOrder {index:0;}">
                <Coords points="1430,375 1740,367 1794,383 1891,352 1890,305 1843,296 1671,306 1644,323 1581,307 1429,316"/>
                <Baseline points="1437,364 1463,364 1489,362 1515,362 1541,361 1568,361 1594,361 1620,361 1646,361 1673,361 1699,361 1725,361 1751,361 1778,361 1804,360 1830,360 1856,359 1883,358"/>
                <TextEquiv>
                    <Unicode>box 23/5</Unicode>
                </TextEquiv>
            </TextLine>
            <TextLine id="r1l2" custom="readingOrder {index:1;}">
                <Coords points="812,372 845,372 856,364 870,371 903,365 931,373 957,366 961,371 993,369 993,325 953,331 895,318 879,329 857,330 833,315 812,312"/>
                <Baseline points="820,366 847,364 875,364 903,364 930,364 958,364 986,364"/>
                <TextEquiv>
                    <Unicode>nSa</Unicode>
                </TextEquiv>
            </TextLine>
            <TextLine id="r1l3" custom="readingOrder {index:2;}">
                <Coords points="294,399 451,373 498,401 1233,400 1283,385 1284,328 1124,309 1028,367 712,373 629,322 512,311 435,347 294,313"/>
                <Baseline points="302,370 350,374 399,377 448,379 496,381 545,382 594,383 642,383 691,383 740,383 789,383 837,382 886,382 935,381 983,381 1032,381 1081,380 1129,380 1178,381 1227,381 1276,383"/>
                <TextEquiv>
                    <Unicode>18. berNag</Unicode>
                </TextEquiv>
            </TextLine>
            <TextLine id="r1l4" custom="readingOrder {index:3;}">
                <Coords points="1241,816 1293,805 1301,810 1318,808 1333,820 1343,820 1350,739 1322,735 1276,759 1246,754"/>
                <Baseline points="1251,792 1279,791 1308,794 1337,798"/>
                <TextEquiv>
                    <Unicode>0</Unicode>
                </TextEquiv>
            </TextLine>
            <TextLine id="r1l5" custom="readingOrder {index:4;}">
                <Coords points="717,901 1068,842 1425,921 1426,869 1183,802 958,794 718,855"/>
                <Baseline points="725,898 759,888 794,879 828,871 863,863 898,858 932,852 967,849 1001,847 1036,845 1071,846 1105,847 1140,850 1174,854 1209,860 1244,867 1278,875 1313,885 1347,897 1382,910 1417,925"/>
                <TextEquiv>
                    <Unicode>spote schtengenaden</Unicode>
                </TextEquiv>
            </TextLine>
            <TextLine id="r1l6" custom="readingOrder {index:5;}">
                <Coords points="947,980 1126,986 1159,1020 1181,1007 1235,1035 1344,1000 1421,1012 1481,971 1519,993 1581,957 1581,938 1491,949 1443,907 1421,923 1328,910 1201,957 1135,908 1060,959 1009,908 948,909"/>
                <Baseline points="955,972 985,976 1016,981 1047,985 1078,988 1109,991 1140,994 1171,996 1202,998 1233,998 1264,999 1294,999 1325,999 1356,998 1387,997 1418,995 1449,993 1480,991 1511,988 1542,985 1573,982"/>
                <TextEquiv>
                    <Unicode>E A</Unicode>
                </TextEquiv>
            </TextLine>
            <TextLine id="r1l7" custom="readingOrder {index:6;}">
                <Coords points="547,960 709,1011 758,990 941,1056 1010,1059 1024,987 958,983 813,929 757,965 712,965 667,907 640,916 609,891 558,900"/>
                <Baseline points="553,968 578,969 603,970 628,972 653,975 678,978 703,982 728,987 753,991 779,996 804,1001 829,1007 854,1013 879,1018 904,1024 929,1030 954,1035 979,1042 1005,1047"/>
                <TextEquiv>
                    <Unicode>1</Unicode>
                </TextEquiv>
            </TextLine>
            <TextLine id="r1l8" custom="readingOrder {index:7;}">
                <Coords points="613,1071 1461,1097 1503,1086 1504,1049 1139,1056 1100,1018 971,1054 613,1050"/>
                <Baseline points="620,1069 663,1070 707,1070 751,1071 795,1072 839,1072 882,1073 926,1074 970,1074 1014,1075 1058,1076 1101,1077 1145,1078 1189,1078 1233,1079 1277,1080 1320,1080 1364,1081 1408,1082 1452,1082 1496,1083"/>
                <TextEquiv>
                    <Unicode>eadarres ssurscnet onesaussenntr adae</Unicode>
                </TextEquiv>
            </TextLine>
            <TextLine id="r1l9" custom="readingOrder {index:8;}">
                <Coords points="618,1149 1342,1167 1492,1146 1493,1116 884,1089 619,1112"/>
                <Baseline points="626,1137 668,1137 711,1137 754,1138 797,1138 840,1139 883,1140 926,1141 969,1142 1012,1142 1055,1143 1097,1144 1140,1145 1183,1146 1226,1147 1269,1147 1312,1148 1355,1148 1398,1148 1441,1148 1484,1148"/>
                <TextEquiv>
                    <Unicode>BERLIN SO 16, RUNGESTRASSE 22-21</Unicode>
                </TextEquiv>
            </TextLine>
            <TextLine id="r1l10" custom="readingOrder {index:9;}">
                <Coords points="540,1279 1565,1300 1565,1262 1511,1239 1354,1221 1203,1246 949,1213 902,1246 759,1208 541,1214"/>
                <Baseline points="547,1278 597,1279 648,1280 698,1280 749,1281 799,1282 850,1283 900,1284 951,1284 1001,1285 1052,1286 1102,1287 1153,1288 1203,1288 1254,1289 1304,1290 1355,1291 1405,1292 1456,1294 1506,1295 1557,1296"/>
                <TextEquiv>
                    <Unicode>Berliner Börsen Zeitung</Unicode>
                </TextEquiv>
            </TextLine>
            <TextLine id="r1l11" custom="readingOrder {index:10;}">
                <Coords points="831,1339 878,1353 916,1345 955,1363 1015,1343 1256,1360 1257,1312 1212,1300 1083,1312 1064,1294 936,1309 876,1286 832,1301"/>
                <Baseline points="839,1336 864,1335 890,1335 915,1336 941,1337 966,1337 992,1338 1017,1339 1043,1340 1069,1341 1094,1342 1120,1343 1145,1344 1171,1344 1196,1345 1222,1345 1248,1345"/>
                <TextEquiv>
                    <Unicode>Abend=Ausgabe</Unicode>
                </TextEquiv>
            </TextLine>
            <TextLine id="r1l12" custom="readingOrder {index:11;}">
                <Coords points="599,1412 1086,1429 1130,1398 1624,1459 1658,1457 1660,1395 1462,1344 1241,1385 702,1350 600,1376"/>
                <Baseline points="607,1396 659,1395 711,1396 763,1396 815,1396 868,1397 920,1398 972,1399 1024,1400 1076,1402 1129,1404 1181,1406 1233,1408 1285,1410 1337,1412 1390,1414 1442,1416 1494,1419 1546,1420 1598,1424 1651,1426"/>
                <TextEquiv>
                    <Unicode>Ausschnitt aus der Mammer vom: 2 6. JUi 1928.</Unicode>
                </TextEquiv>
            </TextLine>
            <TextLine id="r1l13" custom="readingOrder {index:12;}">
                <Coords points="902,1478 1086,1479 1103,1489 1137,1478 1196,1495 1268,1479 1268,1427 1203,1446 1122,1437 1094,1452 982,1429 903,1441"/>
                <Baseline points="910,1471 935,1472 960,1473 985,1474 1010,1474 1035,1474 1060,1474 1085,1475 1110,1475 1135,1475 1160,1475 1185,1476 1210,1477 1235,1477 1260,1479"/>
                <TextEquiv>
                    <Unicode> </Unicode>
                </TextEquiv>
            </TextLine>
            <TextLine id="r1l14" custom="readingOrder {index:13;}">
                <Coords points="577,1552 1347,1570 1544,1556 1571,1503 680,1484 577,1529"/>
                <Baseline points="585,1554 636,1553 688,1552 739,1551 791,1551 842,1550 894,1550 945,1549 997,1549 1048,1549 1100,1548 1151,1548 1203,1548 1254,1547 1306,1547 1357,1547 1409,1546 1460,1546 1512,1546 1564,1545"/>
                <TextEquiv>
                    <Unicode>„Deutsche Schauspieler in Paris.</Unicode>
                </TextEquiv>
            </TextLine>
            <TextLine id="r1l15" custom="readingOrder {index:14;}">
                <Coords points="1563,1575 1576,1575 1585,1581 1592,1574 1605,1570 1614,1561 1632,1562 1635,1501 1626,1499 1610,1506 1595,1501 1586,1507 1575,1500 1566,1500"/>
                <Baseline points="1571,1568 1598,1571 1625,1570"/>
                <TextEquiv>
                    <Unicode>—</Unicode>
                </TextEquiv>
            </TextLine>
            <TextLine id="r1l16" custom="readingOrder {index:15;}">
                <Coords points="1133,1600 1227,1622 1259,1605 1413,1619 1564,1600 1564,1585 1489,1559 1422,1571 1387,1557 1352,1569 1133,1559"/>
                <Baseline points="1140,1601 1166,1602 1192,1603 1218,1603 1244,1604 1270,1604 1296,1604 1322,1604 1348,1604 1374,1604 1400,1604 1426,1604 1452,1604 1478,1604 1504,1604 1530,1603 1556,1603"/>
                <TextEquiv>
                    <Unicode>TU Paris, 26. Juni.</Unicode>
                </TextEquiv>
            </TextLine>
            <TextLine id="r1l17" custom="readingOrder {index:16;}">
                <Coords points="607,1652 1619,1644 1590,1601 811,1627 607,1601"/>
                <Baseline points="614,1649 663,1649 713,1649 763,1649 813,1649 863,1649 913,1649 963,1649 1013,1649 1063,1649 1113,1649 1162,1649 1212,1649 1262,1649 1312,1649 1362,1649 1412,1649 1462,1649 1512,1649 1562,1648 1612,1648"/>
                <TextEquiv>
                    <Unicode>Die deutsche Schauspieltruppe' unter</Unicode>
                </TextEquiv>
            </TextLine>
            <TextLine id="r1l18" custom="readingOrder {index:17;}">
                <Coords points="537,1700 1607,1700 1625,1645 537,1673"/>
                <Baseline points="544,1689 597,1689 651,1690 704,1690 758,1690 812,1690 865,1690 919,1690 973,1690 1026,1690 1080,1690 1134,1690 1187,1690 1241,1689 1295,1689 1348,1688 1402,1688 1456,1687 1509,1686 1563,1685 1617,1684"/>
                <TextEquiv>
                    <Unicode>Leitungvon Prof. Eugen Robert gab im Theater</Unicode>
                </TextEquiv>
            </TextLine>
            <TextLine id="r1l19" custom="readingOrder {index:18;}">
                <Coords points="542,1727 1612,1735 1572,1687 542,1697"/>
                <Baseline points="550,1728 602,1729 655,1729 708,1729 761,1729 813,1730 866,1730 919,1730 972,1730 1024,1730 1077,1730 1130,1729 1183,1729 1235,1728 1288,1728 1341,1727 1394,1726 1446,1725 1499,1723 1552,1721 1605,1719"/>
                <TextEquiv>
                    <Unicode>Gympascham Montag als zweiten Gastspielabend „Ein¬</Unicode>
                </TextEquiv>
            </TextLine>
            <TextLine id="r1l20" custom="readingOrder {index:19;}">
                <Coords points="539,1776 1620,1767 1620,1736 1544,1721 837,1750 539,1726"/>
                <Baseline points="546,1764 599,1766 652,1766 705,1767 759,1768 812,1768 865,1768 919,1768 972,1768 1025,1767 1079,1767 1132,1766 1185,1766 1238,1765 1292,1765 1345,1764 1398,1764 1452,1763 1505,1763 1558,1763 1612,1763"/>
                <TextEquiv>
                    <Unicode>samen Peg von Arthur Schnitzler. Es läßt sich</Unicode>
                </TextEquiv>
            </TextLine>
            <TextLine id="r1l21" custom="readingOrder {index:20;}">
                <Coords points="533,1809 1534,1813 1622,1768 533,1777"/>
                <Baseline points="541,1803 594,1803 648,1804 702,1804 755,1805 809,1805 863,1805 916,1805 970,1805 1024,1804 1078,1804 1131,1804 1185,1803 1239,1803 1292,1802 1346,1802 1400,1801 1453,1800 1507,1799 1561,1799 1615,1798"/>
                <TextEquiv>
                    <Unicode>darüber streiten, ob die Regie gut beraten war, gerade ein</Unicode>
                </TextEquiv>
            </TextLine>
            <TextLine id="r1l22" custom="readingOrder {index:21;}">
                <Coords points="539,1852 1619,1845 1618,1795 539,1811"/>
                <Baseline points="546,1840 599,1841 652,1841 705,1842 759,1842 812,1842 865,1842 918,1842 972,1842 1025,1842 1078,1841 1131,1841 1185,1840 1238,1840 1291,1839 1344,1838 1398,1837 1451,1836 1504,1835 1557,1834 1611,1832"/>
                <TextEquiv>
                    <Unicode>reines Sprechdrama, dessen Handlung nur den Rahmen für</Unicode>
                </TextEquiv>
            </TextLine>
            <TextLine id="r1l23" custom="readingOrder {index:22;}">
                <Coords points="540,1887 1493,1888 1622,1843 540,1853"/>
                <Baseline points="548,1878 601,1877 654,1877 708,1877 761,1877 814,1877 868,1877 921,1878 974,1878 1028,1878 1081,1879 1134,1879 1188,1879 1241,1879 1294,1879 1348,1878 1401,1877 1454,1876 1508,1875 1561,1873 1615,1871"/>
                <TextEquiv>
                    <Unicode>die Schnitzlerischen Aphorismen abgibt, auf eine Pariser</Unicode>
                </TextEquiv>
            </TextLine>
            <TextLine id="r1l24" custom="readingOrder {index:23;}">
                <Coords points="536,1924 1562,1922 1625,1898 1625,1854 1495,1887 536,1889"/>
                <Baseline points="544,1918 597,1918 651,1918 704,1917 758,1917 812,1917 865,1917 919,1917 973,1917 1026,1917 1080,1917 1134,1917 1187,1916 1241,1916 1295,1916 1348,1915 1402,1914 1456,1914 1509,1913 1563,1911 1617,1909"/>
                <TextEquiv>
                    <Unicode>Bühne zu bringen. Was an Wirkung auf ein französi¬</Unicode>
                </TextEquiv>
            </TextLine>
            <TextLine id="r1l25" custom="readingOrder {index:24;}">
                <Coords points="544,1956 1564,1962 1620,1902 543,1921"/>
                <Baseline points="552,1957 605,1956 658,1955 711,1955 764,1954 817,1954 870,1954 923,1953 976,1953 1029,1953 1082,1953 1135,1953 1188,1952 1241,1952 1294,1952 1347,1951 1400,1951 1453,1950 1506,1949 1559,1948 1613,1947"/>
                <TextEquiv>
                    <Unicode>sches Publikum aus dem Vierakter herausgeholt werden</Unicode>
                </TextEquiv>
            </TextLine>
            <TextLine id="r1l26" custom="readingOrder {index:25;}">
                <Coords points="527,2014 1615,1994 1615,1948 526,1956"/>
                <Baseline points="535,1995 588,1994 642,1993 695,1993 749,1992 803,1991 856,1991 910,1991 963,1990 1017,1990 1071,1990 1124,1990 1178,1989 1231,1989 1285,1988 1339,1988 1392,1987 1446,1986 1499,1984 1553,1983 1607,1981"/>
                <TextEquiv>
                    <Unicode>konnte, das wurde dank dem sichtlich gebesserten Zusammen¬</Unicode>
                </TextEquiv>
            </TextLine>
            <TextLine id="r1l27" custom="readingOrder {index:26;}">
                <Coords points="530,2038 1637,2035 1597,1985 530,1994"/>
                <Baseline points="538,2032 592,2031 647,2030 701,2029 756,2029 810,2028 865,2027 919,2027 974,2027 1028,2026 1083,2026 1138,2026 1192,2026 1247,2025 1301,2025 1356,2025 1410,2025 1465,2024 1519,2024 1574,2024 1629,2023"/>
                <TextEquiv>
                    <Unicode>wirken der Robert=Truppe und dem groß angelegten Spiel .</Unicode>
                </TextEquiv>
            </TextLine>
            <TextLine id="r1l28" custom="readingOrder {index:27;}">
                <Coords points="628,2065 1467,2081 1619,2049 628,2033"/>
                <Baseline points="635,2061 683,2060 732,2059 781,2058 830,2058 879,2058 928,2059 976,2059 1025,2060 1074,2061 1123,2062 1172,2062 1221,2063 1270,2064 1318,2064 1367,2065 1416,2064 1465,2064 1514,2063 1563,2062 1612,2061"/>
                <TextEquiv>
                    <Unicode>AnnnWserman(Stephan von Sala), Käthe</Unicode>
                </TextEquiv>
            </TextLine>
            <TextLine id="r1l29" custom="readingOrder {index:28;}">
                <Coords points="529,2085 1623,2098 1577,2064 890,2080 530,2038"/>
                <Baseline points="537,2089 590,2090 644,2091 698,2092 752,2093 806,2094 860,2095 914,2096 968,2096 1022,2097 1076,2098 1129,2098 1183,2099 1237,2099 1291,2099 1345,2100 1399,2100 1453,2100 1507,2100 1561,2100 1615,2100"/>
                <TextEquiv>
                    <Unicode>Haack (Johanna), Carl Goetz, (Prof. Wegrath) erzielt.</Unicode>
                </TextEquiv>
            </TextLine>
            <TextLine id="r1l30" custom="readingOrder {index:29;}">
                <Coords points="535,2122 1628,2135 1615,2100 535,2104"/>
                <Baseline points="542,2129 595,2130 649,2130 703,2131 757,2131 811,2132 865,2132 919,2133 973,2134 1027,2134 1081,2135 1134,2135 1188,2136 1242,2136 1296,2137 1350,2137 1404,2137 1458,2137 1512,2137 1566,2136 1620,2135"/>
                <TextEquiv>
                    <Unicode>Die Vorstellung, der auch der deutsche Botschafter von</Unicode>
                </TextEquiv>
            </TextLine>
            <TextLine id="r1l31" custom="readingOrder {index:30;}">
                <Coords points="533,2170 1332,2201 1614,2178 1614,2143 1570,2138 533,2137"/>
                <Baseline points="541,2170 594,2169 647,2169 700,2168 754,2168 807,2169 860,2169 913,2170 967,2171 1020,2172 1073,2172 1126,2174 1180,2174 1233,2175 1286,2176 1339,2176 1393,2177 1446,2177 1499,2176 1552,2176 1606,2175"/>
                <TextEquiv>
                    <Unicode>Hoesch beiwohnte, löste nachhaltige Wirkung aus und</Unicode>
                </TextEquiv>
            </TextLine>
            <TextLine id="r1l32" custom="readingOrder {index:31;}">
                <Coords points="538,2206 922,2220 979,2208 980,2174 538,2174"/>
                <Baseline points="546,2203 571,2204 596,2204 621,2205 646,2206 671,2206 696,2206 721,2206 746,2207 771,2207 796,2207 821,2206 846,2206 871,2206 896,2206 921,2206 946,2206 972,2206"/>
                <TextEquiv>
                    <Unicode>erntete reichen Beifall.</Unicode>
                </TextEquiv>
            </TextLine>
            <TextLine id="r1l33" custom="readingOrder {index:32;}">
                <Coords points="615,2241 1617,2249 1617,2221 1546,2207 1285,2193 1189,2221 615,2211"/>
                <Baseline points="623,2240 672,2242 721,2243 770,2245 820,2246 869,2247 918,2248 968,2248 1017,2249 1066,2249 1116,2250 1165,2250 1214,2250 1263,2250 1313,2250 1362,2250 1411,2250 1461,2250 1510,2249 1559,2249 1609,2249"/>
                <TextEquiv>
                    <Unicode>Der deutsche Botschafter von Hoesch gab gestern</Unicode>
                </TextEquiv>
            </TextLine>
            <TextLine id="r1l34" custom="readingOrder {index:33;}">
                <Coords points="530,2278 1376,2312 1601,2299 1631,2249 530,2251"/>
                <Baseline points="538,2281 592,2282 646,2283 700,2284 754,2285 809,2286 863,2287 917,2288 971,2288 1025,2289 1080,2290 1134,2290 1188,2291 1242,2291 1296,2291 1351,2292 1405,2292 1459,2291 1513,2291 1567,2291 1622,2290"/>
                <TextEquiv>
                    <Unicode>mittag zu Ehren der in Paris gastierendn Truppe</Unicode>
                </TextEquiv>
            </TextLine>
            <TextLine id="r1l35" custom="readingOrder {index:34;}">
                <Coords points="530,2380 1524,2370 1621,2350 1620,2302 1240,2305 1051,2352 780,2347 701,2308 528,2331"/>
                <Baseline points="538,2389 591,2388 645,2386 699,2385 753,2384 806,2383 860,2382 914,2381 968,2380 1021,2379 1075,2378 1129,2377 1183,2375 1236,2373 1290,2371 1344,2369 1398,2367 1451,2363 1505,2361 1559,2356 1613,2352"/>
                <TextEquiv>
                    <Unicode>von Professor Robert ein Frühstück, an dem 54 Per¬</Unicode>
                </TextEquiv>
            </TextLine>
            <TextLine id="r1l36" custom="readingOrder {index:35;}">
                <Coords points="538,2424 1172,2429 1622,2384 1511,2359 537,2395"/>
                <Baseline points="546,2429 599,2428 652,2427 706,2426 759,2425 813,2424 866,2423 919,2422 973,2420 1026,2419 1080,2418 1133,2416 1186,2415 1240,2412 1293,2409 1347,2407 1400,2403 1453,2400 1507,2396 1560,2391 1614,2387"/>
                <TextEquiv>
                    <Unicode>sonen teilnahmen. Außer dem Vertreter des Unterrichts¬</Unicode>
                </TextEquiv>
            </TextLine>
            <TextLine id="r1l37" custom="readingOrder {index:36;}">
                <Coords points="534,2471 1616,2436 1592,2393 1176,2432 533,2428"/>
                <Baseline points="542,2465 595,2464 648,2464 702,2463 755,2462 808,2461 862,2460 915,2459 968,2458 1022,2457 1075,2456 1128,2454 1182,2453 1235,2451 1288,2448 1342,2446 1395,2443 1448,2440 1502,2437 1555,2434 1609,2430"/>
                <TextEquiv>
                    <Unicode>ministers, Kabinettschef Bollaert, und dem Direktor der</Unicode>
                </TextEquiv>
            </TextLine>
            <TextLine id="r1l38" custom="readingOrder {index:37;}">
                <Coords points="549,2512 1561,2483 1626,2475 1625,2434 547,2469"/>
                <Baseline points="556,2501 609,2501 662,2500 715,2500 768,2499 821,2498 874,2498 927,2497 980,2496 1033,2495 1087,2493 1140,2491 1193,2490 1246,2488 1299,2486 1352,2483 1405,2480 1458,2477 1511,2474 1564,2470 1618,2466"/>
                <TextEquiv>
                    <Unicode>schönen Künste im Unterrichtsministerium Paul Léon</Unicode>
                </TextEquiv>
            </TextLine>
            <TextLine id="r1l39" custom="readingOrder {index:38;}">
                <Coords points="537,2533 1435,2528 1583,2518 1626,2476 536,2512"/>
                <Baseline points="545,2541 598,2540 652,2539 706,2538 759,2537 813,2536 867,2535 920,2534 974,2532 1028,2531 1082,2529 1135,2527 1189,2526 1243,2524 1296,2522 1350,2519 1404,2517 1457,2515 1511,2512 1565,2509 1619,2506"/>
                <TextEquiv>
                    <Unicode>waren der Vorsitzende der Vereinigung der französischen</Unicode>
                </TextEquiv>
            </TextLine>
            <TextLine id="r1l40" custom="readingOrder {index:39;}">
                <Coords points="536,2581 1518,2562 1620,2549 1620,2504 535,2539"/>
                <Baseline points="544,2579 597,2577 651,2576 704,2574 758,2573 811,2572 865,2571 918,2570 972,2569 1025,2568 1079,2566 1132,2565 1186,2564 1239,2562 1293,2560 1346,2558 1400,2556 1453,2554 1507,2550 1560,2548 1614,2544"/>
                <TextEquiv>
                    <Unicode>Autoren Rivoire, der Vorsitzende der französischen Bühnen¬</Unicode>
                </TextEquiv>
            </TextLine>
            <TextLine id="r1l41" custom="readingOrder {index:40;}">
                <Coords points="544,2609 1628,2580 1595,2547 543,2579"/>
                <Baseline points="552,2615 605,2614 658,2613 712,2611 765,2610 819,2608 872,2607 925,2606 979,2604 1032,2603 1086,2602 1139,2600 1192,2598 1246,2596 1299,2595 1353,2593 1406,2591 1459,2589 1513,2586 1566,2584 1620,2582"/>
                <TextEquiv>
                    <Unicode>genossenschaft Lutville sowie eine Reihe von Autoren,</Unicode>
                </TextEquiv>
            </TextLine>
            <TextLine id="r1l42" custom="readingOrder {index:41;}">
                <Coords points="551,2657 1460,2641 1631,2605 1624,2576 550,2622"/>
                <Baseline points="558,2651 611,2650 664,2648 717,2647 771,2646 824,2645 877,2644 930,2644 984,2643 1037,2642 1090,2641 1143,2640 1197,2638 1250,2637 1303,2635 1356,2632 1410,2630 1463,2627 1516,2624 1569,2620 1623,2614"/>
                <TextEquiv>
                    <Unicode>darunter Baron Henri de Rothschild, der unter dem Namen¬</Unicode>
                </TextEquiv>
            </TextLine>
            <TextLine id="r1l43" custom="readingOrder {index:42;}">
                <Coords points="548,2690 989,2715 1640,2673 1639,2627 1585,2621 548,2658"/>
                <Baseline points="556,2685 609,2686 663,2686 717,2685 771,2685 825,2684 878,2683 932,2682 986,2681 1040,2680 1094,2678 1147,2677 1201,2675 1255,2673 1309,2671 1363,2670 1416,2668 1470,2666 1524,2664 1578,2663 1632,2661"/>
                <TextEquiv>
                    <Unicode>Henri Pascal schreibt, sowie viele bekannte französische</Unicode>
                </TextEquiv>
            </TextLine>
            <TextLine id="r1l44" custom="readingOrder {index:43;}">
                <Coords points="552,2744 599,2762 626,2749 674,2761 692,2751 751,2760 893,2748 892,2704 836,2690 721,2699 674,2686 636,2697 551,2690"/>
                <Baseline points="559,2727 584,2727 609,2727 634,2727 659,2727 684,2726 709,2726 734,2726 759,2725 784,2724 809,2724 834,2723 859,2723 885,2723"/>
                <TextEquiv>
                    <Unicode>Künstler geladen.</Unicode>
                </TextEquiv>
            </TextLine>
            <TextLine id="r1l45" custom="readingOrder {index:44;}">
                <Coords points="763,2873 796,2891 898,2842 1112,2822 1467,2905 1467,2868 1366,2819 1197,2775 956,2779 765,2815"/>
                <Baseline points="771,2874 805,2864 839,2855 874,2847 908,2840 943,2835 977,2831 1011,2827 1046,2825 1080,2824 1115,2825 1149,2827 1183,2830 1218,2834 1252,2840 1287,2846 1321,2855 1355,2863 1390,2874 1424,2886 1459,2899"/>
                <TextEquiv>
                    <Unicode>Aooas schCereNde</Unicode>
                </TextEquiv>
            </TextLine>
            <TextLine id="r1l46" custom="readingOrder {index:45;}">
                <Coords points="979,2948 1082,2973 1112,2956 1128,2966 1245,2970 1248,2926 1223,2920 1189,2889 1141,2895 1109,2924 1056,2889 983,2889"/>
                <Baseline points="987,2950 1012,2952 1037,2953 1062,2955 1087,2956 1112,2957 1137,2958 1162,2959 1187,2961 1212,2963 1237,2967"/>
                <TextEquiv>
                    <Unicode>EG</Unicode>
                </TextEquiv>
            </TextLine>
            <TextLine id="r1l47" custom="readingOrder {index:46;}">
                <Coords points="1218,3026 1306,3015 1356,2988 1412,2994 1435,2980 1487,2995 1541,2967 1600,2979 1595,2901 1540,2882 1505,2901 1480,2887 1453,2906 1370,2893 1312,2915 1296,2902 1239,2946 1213,2947"/>
                <Baseline points="1223,2974 1249,2979 1275,2982 1301,2984 1328,2985 1354,2984 1380,2982 1407,2980 1433,2977 1459,2974 1485,2970 1512,2967 1538,2964 1564,2961 1591,2959"/>
                <TextEquiv>
                    <Unicode>N</Unicode>
                </TextEquiv>
            </TextLine>
            <TextLine id="r1l48" custom="readingOrder {index:47;}">
                <Coords points="602,2939 663,2944 722,2979 806,2966 834,2992 995,3031 1195,2994 1200,2964 1002,2960 827,2878 790,2889 749,2864 712,2878 689,2854 610,2879"/>
                <Baseline points="609,2944 639,2944 669,2945 700,2948 730,2952 761,2958 791,2964 822,2971 852,2977 883,2985 913,2991 944,2997 974,3003 1005,3007 1035,3010 1066,3011 1096,3011 1127,3008 1157,3003 1188,2996"/>
                <TextEquiv>
                    <Unicode>S</Unicode>
                </TextEquiv>
            </TextLine>
            <TextLine id="r1l49" custom="readingOrder {index:48;}">
                <Coords points="1174,2989 1180,2994 1189,2993 1192,2996 1197,2996 1198,3001 1204,3006 1224,2983 1215,2976 1215,2967 1202,2968 1196,2963"/>
                <Baseline points="1192,2980 1206,2992"/>
                <TextEquiv>
                    <Unicode>*</Unicode>
                </TextEquiv>
            </TextLine>
            <TextLine id="r1l50" custom="readingOrder {index:49;}">
                <Coords points="662,3057 1526,3078 1538,3039 1200,3032 1139,2996 997,3031 861,3005 662,3027"/>
                <Baseline points="670,3045 715,3046 760,3046 805,3047 850,3048 896,3049 941,3050 986,3050 1031,3051 1076,3052 1122,3053 1167,3054 1212,3055 1257,3057 1302,3058 1348,3058 1393,3059 1438,3060 1483,3061 1529,3061"/>
                <TextEquiv>
                    <Unicode>enSaares erurscnet s#loserraussenaurracae</Unicode>
                </TextEquiv>
            </TextLine>
            <TextLine id="r1l51" custom="readingOrder {index:50;}">
                <Coords points="671,3126 1458,3143 1528,3130 1529,3087 1085,3069 988,3096 713,3063 672,3088"/>
                <Baseline points="679,3114 721,3113 763,3113 805,3113 847,3114 889,3114 931,3115 973,3116 1015,3117 1057,3118 1099,3119 1141,3120 1183,3122 1225,3123 1267,3124 1309,3126 1351,3127 1393,3128 1435,3129 1477,3130 1520,3131"/>
                <TextEquiv>
                    <Unicode>BERLIN SO 16, RUNGESTRASSE 22-24</Unicode>
                </TextEquiv>
            </TextLine>
            <TextLine id="r1l52" custom="readingOrder {index:51;}">
                <Coords points="939,3177 980,3187 1020,3176 1035,3187 1050,3181 1064,3191 1099,3180 1111,3190 1130,3178 1142,3179 1143,3147 1051,3148 1034,3138 1027,3143 1011,3130 986,3144 940,3144"/>
                <Baseline points="947,3168 973,3169 1000,3170 1027,3171 1054,3172 1081,3173 1108,3174 1135,3174"/>
                <TextEquiv>
                    <Unicode></Unicode>
                </TextEquiv>
            </TextLine>
            <TextLine id="r1l53" custom="readingOrder {index:52;}">
                <Coords points="752,3258 1112,3293 1169,3267 1396,3300 1422,3294 1424,3220 1215,3195 1116,3224 991,3199 929,3225 842,3192 753,3193"/>
                <Baseline points="759,3255 791,3257 824,3258 857,3260 890,3261 923,3262 956,3263 988,3264 1021,3265 1054,3265 1087,3266 1120,3266 1153,3267 1186,3268 1218,3268 1251,3269 1284,3269 1317,3270 1350,3271 1383,3272 1416,3273"/>
                <TextEquiv>
                    <Unicode>Dorwärts, Berlin</Unicode>
                </TextEquiv>
            </TextLine>
            <TextLine id="r1l54" custom="readingOrder {index:53;}">
                <Coords points="903,3327 968,3338 985,3329 1032,3349 1128,3334 1175,3357 1269,3362 1271,3296 1250,3284 1143,3301 1090,3281 1021,3297 1008,3286 989,3296 973,3279 904,3292"/>
                <Baseline points="910,3327 935,3326 960,3326 985,3326 1010,3326 1035,3326 1060,3327 1086,3328 1111,3329 1136,3330 1161,3330 1186,3331 1211,3332 1236,3333 1262,3333"/>
                <TextEquiv>
                    <Unicode>Abend-Ausgabe</Unicode>
                </TextEquiv>
            </TextLine>
            <TextLine id="r1l55" custom="readingOrder {index:54;}">
                <Coords points="634,3399 1507,3421 1625,3400 1626,3358 1267,3324 1189,3368 833,3339 634,3364"/>
                <Baseline points="642,3386 690,3386 739,3386 788,3387 837,3387 885,3388 934,3388 983,3389 1032,3390 1080,3390 1129,3391 1178,3392 1227,3393 1275,3394 1324,3395 1373,3396 1422,3398 1470,3399 1519,3400 1568,3402 1617,3403"/>
                <TextEquiv>
                    <Unicode>Ausschnitt aus der Nummer vom? 6. JUN 19281</Unicode>
                </TextEquiv>
            </TextLine>
            <TextLine id="r1l56" custom="readingOrder {index:55;}">
                <Coords points="518,3570 874,3535 1290,3566 1614,3548 1629,3519 1379,3465 1211,3496 599,3471 517,3526"/>
                <Baseline points="525,3551 579,3550 634,3548 689,3547 744,3546 799,3544 854,3543 908,3542 963,3541 1018,3540 1073,3539 1128,3538 1183,3538 1238,3537 1292,3537 1347,3538 1402,3538 1457,3539 1512,3541 1567,3543 1622,3545"/>
                <TextEquiv>
                    <Unicode>„Schnitzler auf der Pariser Bühne.</Unicode>
                </TextEquiv>
            </TextLine>
            <TextLine id="r1l57" custom="readingOrder {index:56;}">
                <Coords points="573,3633 1587,3626 1587,3576 1409,3554 573,3572"/>
                <Baseline points="581,3621 630,3619 680,3617 730,3616 780,3615 830,3614 880,3613 930,3613 980,3613 1030,3612 1080,3612 1129,3612 1179,3612 1229,3612 1279,3612 1329,3612 1379,3611 1429,3611 1479,3610 1529,3610 1579,3609"/>
                <TextEquiv>
                    <Unicode>Das Gastspiel des Ensembles Eugen Robert.</Unicode>
                </TextEquiv>
            </TextLine>
            <TextLine id="r1l58" custom="readingOrder {index:57;}">
                <Coords points="529,3690 1537,3691 1698,3681 1698,3638 528,3635"/>
                <Baseline points="536,3676 593,3676 651,3675 709,3675 766,3674 824,3674 882,3674 939,3673 997,3673 1055,3672 1113,3672 1170,3671 1228,3671 1286,3671 1343,3670 1401,3670 1459,3670 1516,3669 1574,3669 1632,3669 1690,3669"/>
                <TextEquiv>
                    <Unicode>Die deutsche Schauspieltruppe unter Leitung von Professor</Unicode>
                </TextEquiv>
            </TextLine>
            <TextLine id="r1l59" custom="readingOrder {index:58;}">
                <Coords points="470,3725 1698,3719 1682,3675 470,3693"/>
                <Baseline points="478,3721 538,3722 599,3722 659,3722 720,3722 781,3722 841,3722 902,3721 962,3721 1023,3720 1084,3719 1144,3719 1205,3718 1265,3717 1326,3717 1387,3716 1447,3716 1508,3715 1568,3715 1629,3715 1690,3716"/>
                <TextEquiv>
                    <Unicode>Eugen Robert gab im Theater Gymnase am Montag als zweiten</Unicode>
                </TextEquiv>
            </TextLine>
            <TextLine id="r1l60" custom="readingOrder {index:59;}">
                <Coords points="468,3780 1697,3770 1696,3726 1602,3718 468,3738"/>
                <Baseline points="475,3769 535,3768 596,3768 657,3767 717,3767 778,3766 839,3766 899,3765 960,3765 1021,3764 1082,3764 1142,3763 1203,3763 1264,3762 1324,3761 1385,3760 1446,3759 1506,3759 1567,3757 1628,3756 1689,3755"/>
                <TextEquiv>
                    <Unicode>Gastspielabend den „Einsamen Weg“ von Arthur Schnitzler. Was</Unicode>
                </TextEquiv>
            </TextLine>
            <TextLine id="r1l61" custom="readingOrder {index:60;}">
                <Coords points="468,3815 1621,3815 1698,3767 467,3780"/>
                <Baseline points="475,3815 535,3813 596,3813 657,3812 718,3811 779,3810 839,3810 900,3809 961,3809 1022,3808 1083,3808 1143,3807 1204,3807 1265,3806 1326,3805 1387,3803 1447,3802 1508,3800 1569,3798 1630,3796 1691,3793"/>
                <TextEquiv>
                    <Unicode>an Wirkung auf eiranzösisches Publikum aus dem Vierakter her¬</Unicode>
                </TextEquiv>
            </TextLine>
            <TextLine id="r1l62" custom="readingOrder {index:61;}">
                <Coords points="481,3862 1661,3858 1708,3812 480,3827"/>
                <Baseline points="488,3856 548,3855 609,3854 669,3853 730,3852 791,3852 851,3851 912,3851 972,3850 1033,3850 1094,3849 1154,3849 1215,3848 1275,3848 1336,3847 1397,3846 1457,3845 1518,3843 1578,3842 1639,3840 1700,3838"/>
                <TextEquiv>
                    <Unicode>ausgeholt werden könnte, das wurde dank dem sichtlich gebesserten</Unicode>
                </TextEquiv>
            </TextLine>
            <TextLine id="r1l63" custom="readingOrder {index:62;}">
                <Coords points="472,3899 1625,3906 1705,3888 1705,3850 472,3867"/>
                <Baseline points="480,3903 540,3900 601,3898 662,3897 723,3895 784,3894 845,3893 905,3892 966,3892 1027,3891 1088,3891 1149,3891 1210,3890 1271,3890 1331,3890 1392,3890 1453,3889 1514,3889 1575,3888 1636,3887 1697,3886"/>
                <TextEquiv>
                    <Unicode>Zusammenwirken der Robert=Truppe und dem groß angelegten</Unicode>
                </TextEquiv>
            </TextLine>
            <TextLine id="r1l64" custom="readingOrder {index:63;}">
                <Coords points="475,3941 1649,3948 1705,3888 474,3903"/>
                <Baseline points="482,3946 542,3944 603,3941 664,3940 725,3938 785,3937 846,3936 907,3935 968,3934 1028,3934 1089,3934 1150,3933 1211,3933 1271,3933 1332,3933 1393,3933 1454,3933 1514,3933 1575,3932 1636,3932 1697,3931"/>
                <TextEquiv>
                    <Unicode>Spiel von Albert Bassermann (Stephan von Sala), Käthe Haack</Unicode>
                </TextEquiv>
            </TextLine>
            <TextLine id="r1l65" custom="readingOrder {index:64;}">
                <Coords points="481,3992 1704,3978 1676,3936 481,3943"/>
                <Baseline points="489,3983 549,3983 609,3983 670,3983 730,3983 790,3982 851,3982 911,3981 971,3981 1032,3980 1092,3979 1152,3979 1213,3978 1273,3978 1333,3977 1394,3977 1454,3977 1514,3976 1575,3976 1635,3976 1696,3977"/>
                <TextEquiv>
                    <Unicode>(Johanna), Karl Goetz (Professor Wegrath) erzielt. Die Vorstellung,</Unicode>
                </TextEquiv>
            </TextLine>
            <TextLine id="r1l66" custom="readingOrder {index:65;}">
                <Coords points="478,4037 1276,4016 1515,4052 1657,4036 1701,3975 478,3990"/>
                <Baseline points="486,4027 546,4027 606,4027 667,4027 727,4027 788,4027 848,4027 908,4026 969,4026 1029,4025 1090,4024 1150,4024 1210,4023 1271,4022 1331,4022 1392,4021 1452,4021 1512,4020 1573,4020 1633,4020 1694,4020"/>
                <TextEquiv>
                    <Unicode>der auch der deutsche Botschafter v. Hoesch beiwohnte, löste nach¬</Unicode>
                </TextEquiv>
            </TextLine>
            <TextLine id="r1l67" custom="readingOrder {index:66;}">
                <Coords points="465,4088 1090,4064 1312,4088 1384,4068 1384,4030 464,4033"/>
                <Baseline points="472,4076 517,4076 562,4076 607,4076 653,4076 698,4075 743,4075 788,4074 834,4073 879,4073 924,4072 969,4071 1015,4070 1060,4069 1105,4068 1150,4067 1196,4066 1241,4065 1286,4064 1331,4063 1377,4062"/>
                <TextEquiv>
                    <Unicode>haltige Wirkung aus und erntete reichen Beifall.</Unicode>
                </TextEquiv>
            </TextLine>
            <TextEquiv>
                <Unicode>box 23/5
nSa
18. berNag
0
spote schtengenaden
E A
1
eadarres ssurscnet onesaussenntr adae
BERLIN SO 16, RUNGESTRASSE 22-21
Berliner Börsen Zeitung
Abend=Ausgabe
Ausschnitt aus der Mammer vom: 2 6. JUi 1928.
 
„Deutsche Schauspieler in Paris.
—
TU Paris, 26. Juni.
Die deutsche Schauspieltruppe' unter
Leitungvon Prof. Eugen Robert gab im Theater
Gympascham Montag als zweiten Gastspielabend „Ein¬
samen Peg von Arthur Schnitzler. Es läßt sich
darüber streiten, ob die Regie gut beraten war, gerade ein
reines Sprechdrama, dessen Handlung nur den Rahmen für
die Schnitzlerischen Aphorismen abgibt, auf eine Pariser
Bühne zu bringen. Was an Wirkung auf ein französi¬
sches Publikum aus dem Vierakter herausgeholt werden
konnte, das wurde dank dem sichtlich gebesserten Zusammen¬
wirken der Robert=Truppe und dem groß angelegten Spiel .
AnnnWserman(Stephan von Sala), Käthe
Haack (Johanna), Carl Goetz, (Prof. Wegrath) erzielt.
Die Vorstellung, der auch der deutsche Botschafter von
Hoesch beiwohnte, löste nachhaltige Wirkung aus und
erntete reichen Beifall.
Der deutsche Botschafter von Hoesch gab gestern
mittag zu Ehren der in Paris gastierendn Truppe
von Professor Robert ein Frühstück, an dem 54 Per¬
sonen teilnahmen. Außer dem Vertreter des Unterrichts¬
ministers, Kabinettschef Bollaert, und dem Direktor der
schönen Künste im Unterrichtsministerium Paul Léon
waren der Vorsitzende der Vereinigung der französischen
Autoren Rivoire, der Vorsitzende der französischen Bühnen¬
genossenschaft Lutville sowie eine Reihe von Autoren,
darunter Baron Henri de Rothschild, der unter dem Namen¬
Henri Pascal schreibt, sowie viele bekannte französische
Künstler geladen.
Aooas schCereNde
EG
N
S
*
enSaares erurscnet s#loserraussenaurracae
BERLIN SO 16, RUNGESTRASSE 22-24

Dorwärts, Berlin
Abend-Ausgabe
Ausschnitt aus der Nummer vom? 6. JUN 19281
„Schnitzler auf der Pariser Bühne.
Das Gastspiel des Ensembles Eugen Robert.
Die deutsche Schauspieltruppe unter Leitung von Professor
Eugen Robert gab im Theater Gymnase am Montag als zweiten
Gastspielabend den „Einsamen Weg“ von Arthur Schnitzler. Was
an Wirkung auf eiranzösisches Publikum aus dem Vierakter her¬
ausgeholt werden könnte, das wurde dank dem sichtlich gebesserten
Zusammenwirken der Robert=Truppe und dem groß angelegten
Spiel von Albert Bassermann (Stephan von Sala), Käthe Haack
(Johanna), Karl Goetz (Professor Wegrath) erzielt. Die Vorstellung,
der auch der deutsche Botschafter v. Hoesch beiwohnte, löste nach¬
haltige Wirkung aus und erntete reichen Beifall.</Unicode>
            </TextEquiv>
        </TextRegion>
        <TextRegion orientation="0.0" id="r2" custom="readingOrder {index:1;}">
            <Coords points="1937,577 1937,3743 3190,3743 3190,577"/>
            <TextLine id="r2l1" custom="readingOrder {index:0;}">
                <Coords points="2167,655 2494,600 2856,682 2859,630 2509,542 2170,595"/>
                <Baseline points="2175,648 2208,638 2242,629 2276,621 2309,615 2343,610 2377,607 2410,605 2444,603 2478,604 2512,605 2545,607 2579,611 2613,616 2646,622 2680,628 2714,636 2747,644 2781,653 2815,664 2849,674"/>
                <TextEquiv>
                    <Unicode>Apohs sehbrRENAn</Unicode>
                </TextEquiv>
            </TextLine>
            <TextLine id="r2l2" custom="readingOrder {index:1;}">
                <Coords points="1986,716 2068,720 2122,749 2179,734 2315,778 2386,734 2563,740 2565,648 2454,669 2384,652 2345,684 2275,684 2142,637 2098,656 2054,634 1988,657"/>
                <Baseline points="1994,704 2022,712 2050,718 2078,724 2106,728 2134,732 2162,735 2190,738 2218,739 2246,740 2275,740 2303,741 2331,740 2359,739 2387,738 2415,737 2443,736 2471,734 2499,732 2527,731 2556,729"/>
                <TextEquiv>
                    <Unicode>EE</Unicode>
                </TextEquiv>
            </TextLine>
            <TextLine id="r2l3" custom="readingOrder {index:2;}">
                <Coords points="2561,767 2605,800 2666,799 2767,759 2857,766 2915,741 2951,754 2999,736 2997,681 2936,664 2902,680 2872,666 2853,682 2740,673 2630,719 2585,697 2560,707"/>
                <Baseline points="2569,746 2595,752 2621,756 2648,759 2674,761 2701,762 2727,762 2754,761 2780,759 2806,757 2833,755 2859,753 2886,750 2912,748 2939,746 2965,745 2992,744"/>
                <TextEquiv>
                    <Unicode></Unicode>
                </TextEquiv>
            </TextLine>
            <TextLine id="r2l4" custom="readingOrder {index:3;}">
                <Coords points="2055,816 2835,851 2931,814 2620,810 2570,766 2479,790 2425,769 2368,804 2056,790"/>
                <Baseline points="2062,815 2105,815 2148,816 2191,817 2234,818 2277,819 2320,820 2363,821 2406,822 2449,823 2492,825 2535,826 2578,827 2621,829 2664,830 2707,831 2750,832 2793,833 2836,833 2879,834 2922,834"/>
                <TextEquiv>
                    <Unicode>endie Sure  nen ausenneradan</Unicode>
                </TextEquiv>
            </TextLine>
            <TextLine id="r2l5" custom="readingOrder {index:4;}">
                <Coords points="2063,885 2111,908 2294,889 2868,916 2907,878 2221,835 2064,853"/>
                <Baseline points="2070,883 2111,883 2152,883 2194,883 2235,884 2277,885 2318,886 2359,888 2401,889 2442,891 2484,893 2525,895 2566,896 2608,898 2649,899 2691,900 2732,901 2773,902 2815,903 2856,903 2898,902"/>
                <TextEquiv>
                    <Unicode>BERLIII SO 16, RUNGESTRASSE 22-24</Unicode>
                </TextEquiv>
            </TextLine>
            <TextLine id="r2l6" custom="readingOrder {index:5;}">
                <Coords points="1997,1026 2237,1058 2349,1022 2535,1057 2960,1044 2961,1006 2863,976 2714,971 2649,1003 2533,965 2348,993 1999,953"/>
                <Baseline points="2005,1031 2052,1029 2099,1029 2147,1028 2194,1029 2242,1029 2289,1030 2336,1031 2384,1033 2431,1034 2479,1036 2526,1038 2573,1039 2621,1041 2668,1042 2716,1044 2763,1045 2810,1045 2858,1046 2905,1046 2953,1045"/>
                <TextEquiv>
                    <Unicode>Berliner Börsen Kurier</Unicode>
                </TextEquiv>
            </TextLine>
            <TextLine id="r2l7" custom="readingOrder {index:6;}">
                <Coords points="2260,1094 2331,1110 2454,1095 2488,1116 2515,1099 2563,1121 2583,1104 2690,1091 2691,1060 2634,1063 2618,1048 2586,1063 2475,1047 2432,1058 2347,1043 2261,1054"/>
                <Baseline points="2268,1089 2293,1088 2319,1087 2345,1087 2371,1087 2397,1088 2423,1089 2449,1090 2475,1092 2500,1093 2526,1095 2552,1095 2578,1096 2604,1096 2630,1096 2656,1096 2682,1094"/>
                <TextEquiv>
                    <Unicode>Abend=Ausgabe</Unicode>
                </TextEquiv>
            </TextLine>
            <TextLine id="r2l8" custom="readingOrder {index:7;}">
                <Coords points="2041,1166 2893,1193 3063,1168 3064,1141 2925,1102 2476,1136 2042,1119"/>
                <Baseline points="2049,1150 2099,1150 2149,1151 2200,1152 2250,1153 2300,1154 2351,1156 2401,1157 2451,1159 2502,1161 2552,1162 2602,1164 2653,1165 2703,1167 2753,1168 2804,1169 2854,1170 2904,1170 2955,1170 3005,1170 3056,1169"/>
                <TextEquiv>
                    <Unicode>Ausschnitt aus der Nammer vom: 2 6.1JUN 1928</Unicode>
                </TextEquiv>
            </TextLine>
            <TextLine id="r2l9" custom="readingOrder {index:8;}">
                <Coords points="2070,1270 2920,1261 2920,1217 2865,1207 2070,1209"/>
                <Baseline points="2078,1274 2119,1274 2161,1273 2203,1273 2244,1273 2286,1272 2328,1272 2369,1272 2411,1271 2453,1271 2495,1270 2536,1270 2578,1270 2620,1269 2661,1269 2703,1269 2745,1268 2786,1268 2828,1268 2870,1268 2912,1268"/>
                <TextEquiv>
                    <Unicode>Schnitter=Auführung in Waris. 11</Unicode>
                </TextEquiv>
            </TextLine>
            <TextLine id="r2l10" custom="readingOrder {index:9;}">
                <Coords points="2008,1348 2180,1314 2900,1322 2936,1250 2887,1278 2102,1291 2007,1260"/>
                <Baseline points="2015,1316 2060,1316 2106,1316 2152,1316 2197,1316 2243,1316 2289,1316 2334,1315 2380,1315 2426,1314 2472,1314 2517,1314 2563,1313 2609,1313 2654,1313 2700,1313 2746,1313 2791,1313 2837,1313 2883,1314 2929,1314"/>
                <TextEquiv>
                    <Unicode>„Paris wird gemeldet: Die von Professor Eugen</Unicode>
                </TextEquiv>
            </TextLine>
            <TextLine id="r2l11" custom="readingOrder {index:10;}">
                <Coords points="2015,1364 2935,1374 2925,1299 2852,1326 2015,1336"/>
                <Baseline points="2023,1362 2068,1362 2113,1362 2158,1362 2203,1362 2249,1361 2294,1361 2339,1360 2384,1360 2429,1359 2475,1359 2520,1358 2565,1357 2610,1357 2655,1356 2701,1356 2746,1355 2791,1355 2836,1354 2881,1354 2927,1354"/>
                <TextEquiv>
                    <Unicode>Robert geführte Truppe Berliner Schauspieler, die</Unicode>
                </TextEquiv>
            </TextLine>
            <TextLine id="r2l12" custom="readingOrder {index:11;}">
                <Coords points="2013,1422 2937,1422 2937,1373 2013,1375"/>
                <Baseline points="2021,1408 2066,1407 2111,1407 2157,1406 2202,1406 2248,1406 2293,1406 2338,1405 2384,1405 2429,1405 2475,1405 2520,1405 2565,1404 2611,1404 2656,1403 2702,1402 2747,1402 2792,1401 2838,1399 2883,1398 2929,1396"/>
                <TextEquiv>
                    <Unicode>im Gymnase=Theater ein Gastspiel gibt, hat, nach¬</Unicode>
                </TextEquiv>
            </TextLine>
            <TextLine id="r2l13" custom="readingOrder {index:12;}">
                <Coords points="2012,1459 2932,1446 2931,1394 2012,1422"/>
                <Baseline points="2020,1451 2065,1450 2110,1450 2155,1450 2200,1450 2246,1450 2291,1450 2336,1450 2381,1450 2426,1450 2472,1450 2517,1450 2562,1449 2607,1449 2652,1448 2698,1447 2743,1445 2788,1444 2833,1442 2878,1439 2924,1436"/>
                <TextEquiv>
                    <Unicode>dem sie acht Täge lang Wedekinds „Erdgeist“</Unicode>
                </TextEquiv>
            </TextLine>
            <TextLine id="r2l14" custom="readingOrder {index:13;}">
                <Coords points="2012,1498 2436,1512 2658,1483 2935,1512 2913,1441 2012,1458"/>
                <Baseline points="2020,1496 2065,1496 2110,1495 2156,1495 2201,1495 2246,1495 2292,1494 2337,1494 2382,1493 2428,1493 2473,1492 2518,1492 2564,1491 2609,1491 2654,1490 2700,1489 2745,1489 2790,1488 2836,1488 2881,1487 2927,1487"/>
                <TextEquiv>
                    <Unicode>spielte, gestern abend (für die letzte Gastspielwoche</Unicode>
                </TextEquiv>
            </TextLine>
            <TextLine id="r2l15" custom="readingOrder {index:14;}">
                <Coords points="2030,1544 2934,1547 2934,1499 2029,1507"/>
                <Baseline points="2038,1540 2082,1539 2126,1539 2171,1539 2215,1539 2260,1538 2304,1538 2349,1538 2393,1538 2438,1537 2482,1537 2526,1537 2571,1536 2615,1536 2660,1536 2704,1535 2749,1534 2793,1533 2838,1533 2882,1532 2927,1530"/>
                <TextEquiv>
                    <Unicode>Schnitzlers „Cinsamen Weg“ gebracht. Die</Unicode>
                </TextEquiv>
            </TextLine>
            <TextLine id="r2l16" custom="readingOrder {index:15;}">
                <Coords points="2020,1584 2577,1600 2938,1569 2937,1543 2816,1536 2019,1550"/>
                <Baseline points="2028,1584 2073,1583 2118,1582 2163,1582 2208,1581 2253,1581 2298,1581 2343,1581 2388,1581 2433,1581 2479,1581 2524,1580 2569,1580 2614,1580 2659,1579 2704,1579 2749,1578 2794,1577 2839,1576 2884,1575 2930,1574"/>
                <TextEquiv>
                    <Unicode>unter der Regie Eugen Roberts stehenden Erstaus¬</Unicode>
                </TextEquiv>
            </TextLine>
            <TextLine id="r2l17" custom="readingOrder {index:16;}">
                <Coords points="2019,1644 2182,1620 2869,1640 2938,1581 2018,1592"/>
                <Baseline points="2027,1628 2072,1629 2117,1629 2162,1629 2207,1628 2253,1628 2298,1627 2343,1627 2388,1626 2433,1625 2479,1624 2524,1624 2569,1623 2614,1622 2659,1621 2705,1620 2750,1620 2795,1619 2840,1619 2885,1619 2931,1619"/>
                <TextEquiv>
                    <Unicode>führung war eine Vorstellung, die starken Beifall</Unicode>
                </TextEquiv>
            </TextLine>
            <TextLine id="r2l18" custom="readingOrder {index:17;}">
                <Coords points="2025,1679 2928,1686 2927,1629 2024,1644"/>
                <Baseline points="2032,1675 2076,1674 2120,1674 2165,1673 2209,1673 2253,1672 2298,1671 2342,1671 2386,1670 2431,1670 2475,1669 2519,1669 2564,1668 2608,1667 2652,1667 2697,1666 2741,1666 2785,1665 2830,1665 2874,1665 2919,1664"/>
                <TextEquiv>
                    <Unicode>fand und tiefen Eindruck hinterließ. Von den</Unicode>
                </TextEquiv>
            </TextLine>
            <TextLine id="r2l19" custom="readingOrder {index:18;}">
                <Coords points="2022,1717 2936,1721 2936,1675 2849,1667 2604,1691 2022,1676"/>
                <Baseline points="2030,1716 2074,1716 2119,1716 2164,1716 2209,1716 2254,1715 2299,1715 2344,1715 2389,1714 2434,1714 2479,1714 2523,1713 2568,1713 2613,1712 2658,1712 2703,1711 2748,1711 2793,1710 2838,1709 2883,1709 2928,1708"/>
                <TextEquiv>
                    <Unicode>Darstellern sind an erster Stelle zu nennen Albert</Unicode>
                </TextEquiv>
            </TextLine>
            <TextLine id="r2l20" custom="readingOrder {index:19;}">
                <Coords points="2016,1758 2814,1769 2929,1759 2929,1713 2016,1734"/>
                <Baseline points="2024,1760 2068,1760 2113,1760 2158,1759 2203,1759 2248,1759 2293,1759 2338,1758 2383,1758 2428,1757 2473,1757 2517,1756 2562,1756 2607,1756 2652,1756 2697,1755 2742,1755 2787,1755 2832,1756 2877,1756 2922,1756"/>
                <TextEquiv>
                    <Unicode>Bassermann, Otto Stöckel, Werner</Unicode>
                </TextEquiv>
            </TextLine>
            <TextLine id="r2l21" custom="readingOrder {index:20;}">
                <Coords points="2022,1808 2891,1815 2934,1772 2022,1779"/>
                <Baseline points="2030,1806 2074,1807 2119,1807 2164,1808 2209,1808 2254,1807 2298,1807 2343,1807 2388,1806 2433,1806 2478,1805 2522,1804 2567,1804 2612,1803 2657,1802 2702,1802 2746,1801 2791,1801 2836,1800 2881,1800 2926,1800"/>
                <TextEquiv>
                    <Unicode>Schott, Karl Götz und die Damen Else</Unicode>
                </TextEquiv>
            </TextLine>
            <TextLine id="r2l22" custom="readingOrder {index:21;}">
                <Coords points="2025,1856 2646,1865 2704,1857 2704,1810 2025,1817"/>
                <Baseline points="2033,1847 2066,1847 2099,1847 2132,1847 2165,1848 2199,1848 2232,1849 2265,1849 2298,1850 2331,1850 2365,1850 2398,1851 2431,1851 2464,1851 2497,1851 2531,1850 2564,1850 2597,1849 2630,1848 2663,1846 2697,1844"/>
                <TextEquiv>
                    <Unicode>Bassermann und Käthe Haack.</Unicode>
                </TextEquiv>
            </TextLine>
            <TextLine id="r2l23" custom="readingOrder {index:22;}">
                <Coords points="2071,1942 2775,1934 2942,1960 2942,1919 2881,1887 2071,1896"/>
                <Baseline points="2079,1938 2121,1937 2164,1937 2207,1937 2250,1937 2292,1937 2335,1938 2378,1938 2421,1938 2463,1938 2506,1938 2549,1938 2592,1938 2634,1938 2677,1938 2720,1938 2763,1938 2805,1937 2848,1937 2891,1936 2934,1935"/>
                <TextEquiv>
                    <Unicode>Der deutsche Botschafter v. Hoesch gab zu</Unicode>
                </TextEquiv>
            </TextLine>
            <TextLine id="r2l24" custom="readingOrder {index:23;}">
                <Coords points="2024,1987 2834,1999 2944,1943 2024,1955"/>
                <Baseline points="2032,1986 2077,1985 2122,1984 2167,1983 2212,1983 2258,1982 2303,1982 2348,1982 2393,1982 2438,1982 2484,1982 2529,1982 2574,1982 2619,1982 2664,1982 2710,1982 2755,1981 2800,1981 2845,1980 2890,1979 2936,1978"/>
                <TextEquiv>
                    <Unicode>Ehren der in Paris gastierenden Truppe ein Früh¬</Unicode>
                </TextEquiv>
            </TextLine>
            <TextLine id="r2l25" custom="readingOrder {index:24;}">
                <Coords points="2038,2041 2895,2036 2951,1982 2037,1992"/>
                <Baseline points="2046,2032 2090,2031 2135,2031 2180,2031 2225,2030 2270,2030 2315,2030 2359,2030 2404,2030 2449,2030 2494,2030 2539,2029 2584,2029 2629,2029 2673,2028 2718,2028 2763,2027 2808,2026 2853,2025 2898,2024 2943,2023"/>
                <TextEquiv>
                    <Unicode>stück, an dem 54 Personen teilnahmen. Außer dem</Unicode>
                </TextEquiv>
            </TextLine>
            <TextLine id="r2l26" custom="readingOrder {index:25;}">
                <Coords points="2035,2078 2949,2095 2931,2009 2792,2041 2035,2039"/>
                <Baseline points="2042,2073 2089,2073 2136,2073 2183,2074 2231,2074 2278,2074 2325,2074 2373,2074 2420,2074 2467,2074 2515,2074 2562,2074 2609,2073 2657,2073 2704,2072 2751,2071 2799,2070 2846,2069 2893,2067 2941,2066"/>
                <TextEquiv>
                    <Unicode>Vertreter des Unterrichtsministers, Kabinettschefs</Unicode>
                </TextEquiv>
            </TextLine>
            <TextLine id="r2l27" custom="readingOrder {index:26;}">
                <Coords points="2031,2129 2628,2131 2687,2104 2866,2134 2958,2078 2031,2082"/>
                <Baseline points="2039,2117 2084,2118 2130,2118 2175,2118 2221,2118 2267,2118 2312,2118 2358,2118 2403,2118 2449,2118 2495,2117 2540,2116 2586,2116 2631,2116 2677,2115 2723,2114 2768,2114 2814,2113 2859,2113 2905,2112 2951,2112"/>
                <TextEquiv>
                    <Unicode>Bollaert, und dem Direktor der schönen</Unicode>
                </TextEquiv>
            </TextLine>
            <TextLine id="r2l28" custom="readingOrder {index:27;}">
                <Coords points="2026,2171 2883,2175 2952,2150 2939,2097 2866,2134 2026,2130"/>
                <Baseline points="2034,2166 2079,2165 2125,2164 2170,2162 2216,2162 2261,2161 2307,2160 2352,2160 2398,2159 2443,2159 2489,2159 2535,2159 2580,2159 2626,2158 2671,2158 2717,2158 2762,2158 2808,2158 2853,2158 2899,2158 2945,2158"/>
                <TextEquiv>
                    <Unicode>Künste im Unterrichtsministerium Paul Léon</Unicode>
                </TextEquiv>
            </TextLine>
            <TextLine id="r2l29" custom="readingOrder {index:28;}">
                <Coords points="2029,2230 2750,2205 2958,2242 2958,2152 2931,2146 2894,2177 2030,2168"/>
                <Baseline points="2037,2206 2082,2206 2128,2205 2173,2204 2219,2204 2265,2204 2310,2204 2356,2204 2402,2205 2447,2205 2493,2205 2539,2206 2584,2206 2630,2206 2676,2206 2721,2206 2767,2206 2813,2206 2858,2206 2904,2205 2950,2204"/>
                <TextEquiv>
                    <Unicode>waren der Vorsitzente der Vereinigung der fran¬</Unicode>
                </TextEquiv>
            </TextLine>
            <TextLine id="r2l30" custom="readingOrder {index:29;}">
                <Coords points="2032,2292 2948,2276 2947,2241 2897,2218 2031,2249"/>
                <Baseline points="2040,2293 2085,2291 2130,2288 2175,2287 2220,2285 2265,2284 2310,2283 2355,2282 2400,2281 2445,2281 2490,2280 2535,2280 2580,2279 2625,2279 2670,2278 2715,2278 2760,2277 2805,2276 2850,2275 2895,2273 2941,2271"/>
                <TextEquiv>
                    <Unicode>zösischen Autoren Rivoire, der Vorsitzende der</Unicode>
                </TextEquiv>
            </TextLine>
            <TextLine id="r2l31" custom="readingOrder {index:30;}">
                <Coords points="2039,2348 2672,2318 2935,2342 2949,2276 2038,2298"/>
                <Baseline points="2046,2336 2090,2335 2135,2334 2180,2333 2225,2332 2270,2331 2314,2330 2359,2328 2404,2327 2449,2326 2494,2325 2538,2324 2583,2323 2628,2322 2673,2321 2718,2320 2762,2320 2807,2320 2852,2319 2897,2319 2942,2320"/>
                <TextEquiv>
                    <Unicode>französischen Bühnengenossenschaft Lutville,</Unicode>
                </TextEquiv>
            </TextLine>
            <TextLine id="r2l32" custom="readingOrder {index:31;}">
                <Coords points="2038,2379 2763,2381 2944,2345 2943,2319 2855,2319 2038,2351"/>
                <Baseline points="2046,2380 2090,2378 2135,2377 2179,2376 2224,2375 2268,2374 2313,2373 2357,2372 2402,2370 2446,2369 2491,2369 2535,2368 2580,2367 2624,2366 2669,2365 2713,2364 2758,2364 2802,2363 2847,2363 2891,2363 2936,2362"/>
                <TextEquiv>
                    <Unicode>eine Reihe von Autoren, darunter Baron Heuri</Unicode>
                </TextEquiv>
            </TextLine>
            <TextLine id="r2l33" custom="readingOrder {index:32;}">
                <Coords points="2027,2428 2913,2416 2929,2375 2026,2390"/>
                <Baseline points="2034,2425 2078,2423 2122,2421 2167,2419 2211,2418 2256,2417 2300,2416 2344,2416 2389,2415 2433,2415 2478,2414 2522,2413 2566,2413 2611,2412 2655,2412 2700,2411 2744,2409 2788,2408 2833,2407 2877,2404 2922,2402"/>
                <TextEquiv>
                    <Unicode>de Rothschild, der unter dem Namen Henri</Unicode>
                </TextEquiv>
            </TextLine>
            <TextLine id="r2l34" custom="readingOrder {index:33;}">
                <Coords points="2024,2466 2962,2481 2936,2405 2357,2445 2023,2429"/>
                <Baseline points="2031,2471 2077,2469 2123,2467 2169,2465 2215,2464 2261,2462 2307,2460 2354,2459 2400,2458 2446,2457 2492,2456 2538,2456 2584,2455 2630,2454 2677,2454 2723,2453 2769,2452 2815,2452 2861,2451 2907,2451 2954,2450"/>
                <TextEquiv>
                    <Unicode>Pascal schreibt, und viele bekannte französische</Unicode>
                </TextEquiv>
            </TextLine>
            <TextLine id="r2l35" custom="readingOrder {index:34;}">
                <Coords points="2028,2517 2351,2506 2349,2471 2246,2467 2199,2484 2136,2469 2072,2479 2040,2460 2026,2465"/>
                <Baseline points="2035,2509 2060,2512 2086,2513 2112,2513 2137,2513 2163,2512 2189,2511 2214,2510 2240,2508 2266,2506 2291,2505 2317,2504 2343,2504"/>
                <TextEquiv>
                    <Unicode>Künstler geladen.</Unicode>
                </TextEquiv>
            </TextLine>
            <TextLine id="r2l36" custom="readingOrder {index:35;}">
                <Coords points="2226,2606 2248,2601 2258,2606 2280,2586 2300,2585 2315,2570 2330,2579 2350,2562 2409,2574 2399,2506 2382,2511 2351,2499 2321,2511 2213,2516"/>
                <Baseline points="2231,2587 2259,2580 2287,2574 2315,2569 2343,2566 2371,2564 2399,2563"/>
                <TextEquiv>
                    <Unicode>13</Unicode>
                </TextEquiv>
            </TextLine>
            <TextLine id="r2l37" custom="readingOrder {index:36;}">
                <Coords points="2732,2583 2756,2591 2784,2579 2802,2598 2807,2594 2820,2601 2843,2594 2854,2609 2876,2597 2893,2616 2913,2619 2918,2595 2906,2584 2900,2588 2881,2558 2855,2561 2830,2548 2814,2548 2803,2529 2790,2531 2775,2505 2753,2498"/>
                <Baseline points="2744,2567 2771,2571 2798,2576 2826,2583 2853,2591 2880,2598 2908,2607"/>
                <TextEquiv>
                    <Unicode>###</Unicode>
                </TextEquiv>
            </TextLine>
            <TextLine id="r2l38" custom="readingOrder {index:37;}">
                <Coords points="2504,2632 2517,2635 2538,2621 2548,2620 2554,2503 2537,2502 2530,2497 2519,2504 2510,2504"/>
                <Baseline points="2512,2608 2542,2609"/>
                <TextEquiv>
                    <Unicode></Unicode>
                </TextEquiv>
            </TextLine>
            <TextLine id="r2l39" custom="readingOrder {index:38;}">
                <Coords points="2004,2686 2071,2676 2106,2692 2226,2690 2244,2705 2267,2691 2407,2737 2411,2650 2255,2607 2180,2558 2006,2648"/>
                <Baseline points="2011,2681 2037,2678 2063,2677 2089,2677 2115,2677 2141,2678 2167,2679 2193,2681 2219,2683 2245,2685 2271,2687 2297,2689 2323,2691 2349,2693 2375,2695 2401,2696"/>
                <TextEquiv>
                    <Unicode></Unicode>
                </TextEquiv>
            </TextLine>
            <TextLine id="r2l40" custom="readingOrder {index:39;}">
                <Coords points="2456,2678 2621,2681 2726,2732 2938,2685 3010,2692 3077,2660 3077,2607 2930,2601 2899,2619 2864,2602 2699,2648 2652,2602 2569,2599 2531,2626 2456,2596"/>
                <Baseline points="2463,2667 2493,2673 2523,2678 2553,2682 2584,2686 2614,2690 2644,2692 2675,2694 2705,2696 2735,2697 2766,2697 2796,2697 2826,2696 2856,2695 2887,2693 2917,2691 2947,2689 2978,2685 3008,2682 3038,2678 3069,2673"/>
                <TextEquiv>
                    <Unicode></Unicode>
                </TextEquiv>
            </TextLine>
            <TextLine id="r2l41" custom="readingOrder {index:40;}">
                <Coords points="2120,2781 2672,2776 2875,2808 2986,2774 2987,2721 2766,2754 2486,2710 2385,2752 2189,2722 2120,2749"/>
                <Baseline points="2128,2768 2170,2769 2213,2769 2255,2769 2298,2769 2340,2770 2383,2770 2425,2770 2468,2771 2510,2771 2553,2771 2595,2772 2638,2772 2680,2772 2723,2773 2765,2773 2808,2774 2850,2774 2893,2774 2935,2775 2978,2775"/>
                <TextEquiv>
                    <Unicode>ondairet esursenet Tumer-auzsensrradae</Unicode>
                </TextEquiv>
            </TextLine>
            <TextLine id="r2l42" custom="readingOrder {index:41;}">
                <Coords points="2129,2839 2909,2869 2981,2852 2982,2812 2770,2785 2706,2815 2335,2808 2129,2778"/>
                <Baseline points="2137,2836 2178,2836 2220,2836 2262,2837 2304,2837 2346,2837 2388,2838 2429,2838 2471,2839 2513,2839 2555,2840 2597,2840 2639,2841 2681,2841 2722,2842 2764,2842 2806,2843 2848,2843 2890,2844 2932,2844 2974,2845"/>
                <TextEquiv>
                    <Unicode>BERLIN SO 16, RUNGESTRASSE 22-24</Unicode>
                </TextEquiv>
            </TextLine>
            <TextLine id="r2l43" custom="readingOrder {index:42;}">
                <Coords points="1999,3004 2332,2973 2527,3006 2774,2974 3092,2996 3103,2938 2876,2906 1999,2915"/>
                <Baseline points="2007,2974 2061,2973 2115,2972 2170,2971 2224,2971 2279,2971 2333,2971 2387,2972 2442,2972 2496,2973 2551,2973 2605,2974 2659,2975 2714,2976 2768,2976 2823,2977 2877,2977 2931,2977 2986,2978 3040,2977 3095,2977"/>
                <TextEquiv>
                    <Unicode>Tägliche Rundschau = Berlin</Unicode>
                </TextEquiv>
            </TextLine>
            <TextLine id="r2l44" custom="readingOrder {index:43;}">
                <Coords points="2898,3075 2946,3075 2986,3058 3015,3065 3033,3049 3064,3046 3103,3056 3127,3036 3158,3060 3198,3057 3197,3014 3158,3005 3120,3015 3066,2988 3044,3001 2940,2983 2896,3000"/>
                <Baseline points="2905,3039 2930,3039 2956,3039 2982,3037 3008,3036 3034,3035 3060,3034 3086,3033 3112,3032 3138,3031 3164,3031 3190,3032"/>
                <TextEquiv>
                    <Unicode>—</Unicode>
                </TextEquiv>
            </TextLine>
            <TextLine id="r2l45" custom="readingOrder {index:44;}">
                <Coords points="2309,3060 2594,3045 2652,3078 2692,3057 2790,3053 2791,3012 2732,2988 2527,3006 2509,2989 2463,3008 2403,2981 2310,2986"/>
                <Baseline points="2316,3035 2341,3036 2367,3037 2393,3038 2419,3039 2445,3040 2471,3041 2497,3042 2523,3042 2549,3043 2574,3043 2600,3044 2626,3044 2652,3044 2678,3044 2704,3044 2730,3043 2756,3042 2782,3041"/>
                <TextEquiv>
                    <Unicode>Morgenausgabe:</Unicode>
                </TextEquiv>
            </TextLine>
            <TextLine id="r2l46" custom="readingOrder {index:45;}">
                <Coords points="2304,3103 2382,3131 2566,3112 2620,3135 2714,3133 2811,3105 2812,3081 2695,3058 2588,3079 2440,3048 2418,3062 2386,3046 2305,3059"/>
                <Baseline points="2312,3099 2337,3101 2363,3102 2389,3103 2415,3104 2441,3105 2467,3106 2492,3106 2518,3107 2544,3108 2570,3108 2596,3109 2622,3109 2647,3110 2673,3110 2699,3111 2725,3112 2751,3114 2777,3114 2803,3116"/>
                <TextEquiv>
                    <Unicode>Abendausgabe:</Unicode>
                </TextEquiv>
            </TextLine>
            <TextLine id="r2l47" custom="readingOrder {index:46;}">
                <Coords points="2111,3211 2456,3182 3002,3214 3151,3200 3153,3133 2880,3152 2796,3116 2730,3160 2113,3136"/>
                <Baseline points="2119,3180 2170,3178 2221,3177 2272,3177 2324,3177 2375,3178 2426,3179 2477,3181 2529,3182 2580,3185 2631,3187 2682,3189 2734,3191 2785,3194 2836,3195 2887,3196 2939,3197 2990,3198 3041,3198 3092,3197 3144,3195"/>
                <TextEquiv>
                    <Unicode>Ausschnitt aus der Nummer vom: „2 6. JUN 1928</Unicode>
                </TextEquiv>
            </TextLine>
            <TextLine id="r2l48" custom="readingOrder {index:47;}">
                <Coords points="2060,3317 3070,3374 3151,3358 3155,3285 2847,3305 2063,3260"/>
                <Baseline points="2068,3309 2121,3312 2175,3315 2229,3318 2283,3321 2336,3323 2390,3325 2444,3328 2498,3330 2551,3333 2605,3335 2659,3337 2713,3339 2766,3342 2820,3344 2874,3346 2928,3348 2981,3351 3035,3354 3089,3356 3143,3359"/>
                <TextEquiv>
                    <Unicode>Schnitzler=Aufführung in Paris. Die von Professor Eugen</Unicode>
                </TextEquiv>
            </TextLine>
            <TextLine id="r2l49" custom="readingOrder {index:48;}">
                <Coords points="1941,3365 3139,3429 3152,3381 1943,3304"/>
                <Baseline points="1949,3348 2008,3352 2068,3354 2128,3357 2187,3360 2247,3363 2307,3365 2366,3368 2426,3370 2486,3373 2546,3375 2605,3377 2665,3380 2725,3382 2784,3384 2844,3387 2904,3390 2963,3393 3023,3396 3083,3399 3143,3403"/>
                <TextEquiv>
                    <Unicode>Kobert geführte Truppe Berliner Schauspieler, die im Gymnase¬</Unicode>
                </TextEquiv>
            </TextLine>
            <TextLine id="r2l50" custom="readingOrder {index:49;}">
                <Coords points="1950,3400 2984,3455 3144,3422 1951,3374"/>
                <Baseline points="1957,3392 2015,3396 2074,3399 2133,3402 2192,3405 2251,3407 2310,3410 2369,3412 2428,3414 2487,3417 2546,3419 2604,3421 2663,3424 2722,3425 2781,3428 2840,3431 2899,3433 2958,3436 3017,3440 3076,3442 3135,3446"/>
                <TextEquiv>
                    <Unicode>Theater ein Gastspiel gibt, hat, nachdem sie acht Tage lang Wede¬</Unicode>
                </TextEquiv>
            </TextLine>
            <TextLine id="r2l51" custom="readingOrder {index:50;}">
                <Coords points="1950,3432 3142,3497 3143,3460 3089,3449 1951,3400"/>
                <Baseline points="1957,3435 2015,3438 2074,3441 2133,3444 2192,3447 2251,3450 2310,3453 2369,3455 2428,3459 2487,3461 2546,3463 2604,3466 2663,3468 2722,3471 2781,3473 2840,3475 2899,3477 2958,3479 3017,3481 3076,3483 3135,3485"/>
                <TextEquiv>
                    <Unicode>tinds Erdgeist###piette, gestern abend für die letzte Gastspiel¬</Unicode>
                </TextEquiv>
            </TextLine>
            <TextLine id="r2l52" custom="readingOrder {index:51;}">
                <Coords points="1947,3480 3137,3520 2945,3479 1948,3446"/>
                <Baseline points="1955,3478 2013,3481 2072,3483 2131,3486 2189,3489 2248,3491 2307,3494 2365,3496 2424,3499 2483,3501 2542,3504 2600,3506 2659,3509 2718,3512 2776,3515 2835,3518 2894,3521 2952,3524 3011,3527 3070,3530 3129,3534"/>
                <TextEquiv>
                    <Unicode>woche Schutler#., Einsamen Weg“ gebracht. Die unter der Regie</Unicode>
                </TextEquiv>
            </TextLine>
            <TextLine id="r2l53" custom="readingOrder {index:52;}">
                <Coords points="1946,3524 3139,3567 3093,3536 1948,3478"/>
                <Baseline points="1953,3520 2011,3523 2070,3526 2129,3528 2188,3531 2247,3534 2306,3536 2365,3539 2424,3542 2483,3545 2542,3547 2600,3550 2659,3553 2718,3555 2777,3558 2836,3561 2895,3564 2954,3567 3013,3570 3072,3573 3131,3576"/>
                <TextEquiv>
                    <Unicode>Eugen Roberts stehende Erstaufführung war eine abgerundete</Unicode>
                </TextEquiv>
            </TextLine>
            <TextLine id="r2l54" custom="readingOrder {index:53;}">
                <Coords points="1942,3563 3080,3630 3134,3623 3137,3568 1943,3528"/>
                <Baseline points="1949,3563 2007,3566 2066,3569 2125,3571 2184,3574 2243,3576 2302,3579 2361,3582 2420,3584 2479,3586 2538,3589 2596,3591 2655,3594 2714,3596 2773,3599 2832,3602 2891,3605 2950,3608 3009,3612 3068,3615 3127,3619"/>
                <TextEquiv>
                    <Unicode>Vorstellung, die starken Beifall fand und einen tiefen Eindruck</Unicode>
                </TextEquiv>
            </TextLine>
            <TextLine id="r2l55" custom="readingOrder {index:54;}">
                <Coords points="1929,3603 3131,3656 2953,3612 1931,3574"/>
                <Baseline points="1937,3605 1996,3607 2055,3609 2114,3612 2174,3614 2233,3617 2292,3619 2352,3622 2411,3624 2470,3627 2530,3630 2589,3633 2648,3636 2707,3639 2767,3643 2826,3646 2885,3649 2945,3652 3004,3655 3063,3659 3123,3663"/>
                <TextEquiv>
                    <Unicode>hinterließ. Von den Darstellern sind an erster Stelle zu nennen</Unicode>
                </TextEquiv>
            </TextLine>
            <TextLine id="r2l56" custom="readingOrder {index:55;}">
                <Coords points="1941,3643 3094,3720 3147,3710 3150,3648 3060,3676 1942,3620"/>
                <Baseline points="1949,3647 2008,3651 2068,3654 2127,3657 2187,3660 2246,3662 2306,3665 2365,3668 2425,3671 2484,3674 2544,3677 2603,3679 2663,3682 2722,3685 2782,3687 2841,3690 2901,3692 2960,3696 3020,3698 3079,3701 3139,3704"/>
                <TextEquiv>
                    <Unicode>Albert Bassermann, Otto Stöckel, Werner Schott, Karl Götz und¬</Unicode>
                </TextEquiv>
            </TextLine>
            <TextLine id="r2l57" custom="readingOrder {index:56;}">
                <Coords points="1934,3720 2431,3753 2606,3736 2670,3761 2826,3751 2829,3700 1937,3656"/>
                <Baseline points="1943,3692 1986,3694 2030,3697 2074,3699 2118,3701 2162,3703 2205,3705 2249,3707 2293,3710 2337,3712 2381,3714 2424,3716 2468,3718 2512,3721 2556,3723 2600,3724 2643,3726 2687,3728 2731,3729 2775,3731 2819,3732"/>
                <TextEquiv>
                    <Unicode>die Damen Else Bassermann und Käthe Haack.</Unicode>
                </TextEquiv>
            </TextLine>
            <TextEquiv>
                <Unicode>Apohs sehbrRENAn
EE

endie Sure  nen ausenneradan
BERLIII SO 16, RUNGESTRASSE 22-24
Berliner Börsen Kurier
Abend=Ausgabe
Ausschnitt aus der Nammer vom: 2 6.1JUN 1928
Schnitter=Auführung in Waris. 11
„Paris wird gemeldet: Die von Professor Eugen
Robert geführte Truppe Berliner Schauspieler, die
im Gymnase=Theater ein Gastspiel gibt, hat, nach¬
dem sie acht Täge lang Wedekinds „Erdgeist“
spielte, gestern abend (für die letzte Gastspielwoche
Schnitzlers „Cinsamen Weg“ gebracht. Die
unter der Regie Eugen Roberts stehenden Erstaus¬
führung war eine Vorstellung, die starken Beifall
fand und tiefen Eindruck hinterließ. Von den
Darstellern sind an erster Stelle zu nennen Albert
Bassermann, Otto Stöckel, Werner
Schott, Karl Götz und die Damen Else
Bassermann und Käthe Haack.
Der deutsche Botschafter v. Hoesch gab zu
Ehren der in Paris gastierenden Truppe ein Früh¬
stück, an dem 54 Personen teilnahmen. Außer dem
Vertreter des Unterrichtsministers, Kabinettschefs
Bollaert, und dem Direktor der schönen
Künste im Unterrichtsministerium Paul Léon
waren der Vorsitzente der Vereinigung der fran¬
zösischen Autoren Rivoire, der Vorsitzende der
französischen Bühnengenossenschaft Lutville,
eine Reihe von Autoren, darunter Baron Heuri
de Rothschild, der unter dem Namen Henri
Pascal schreibt, und viele bekannte französische
Künstler geladen.
13
###



ondairet esursenet Tumer-auzsensrradae
BERLIN SO 16, RUNGESTRASSE 22-24
Tägliche Rundschau = Berlin
—
Morgenausgabe:
Abendausgabe:
Ausschnitt aus der Nummer vom: „2 6. JUN 1928
Schnitzler=Aufführung in Paris. Die von Professor Eugen
Kobert geführte Truppe Berliner Schauspieler, die im Gymnase¬
Theater ein Gastspiel gibt, hat, nachdem sie acht Tage lang Wede¬
tinds Erdgeist###piette, gestern abend für die letzte Gastspiel¬
woche Schutler#., Einsamen Weg“ gebracht. Die unter der Regie
Eugen Roberts stehende Erstaufführung war eine abgerundete
Vorstellung, die starken Beifall fand und einen tiefen Eindruck
hinterließ. Von den Darstellern sind an erster Stelle zu nennen
Albert Bassermann, Otto Stöckel, Werner Schott, Karl Götz und¬
die Damen Else Bassermann und Käthe Haack.</Unicode>
            </TextEquiv>
        </TextRegion>
    </Page>
</PcGts>
