<?xml version="1.0" encoding="UTF-8" standalone="yes"?>
<PcGts xmlns="http://schema.primaresearch.org/PAGE/gts/pagecontent/2013-07-15" xmlns:xsi="http://www.w3.org/2001/XMLSchema-instance" xsi:schemaLocation="http://schema.primaresearch.org/PAGE/gts/pagecontent/2013-07-15 http://schema.primaresearch.org/PAGE/gts/pagecontent/2013-07-15/pagecontent.xsd">
    <Metadata>
        <Creator>prov=University of Rostock/Institute of Mathematics/CITlab/Gundram Leifert/gundram.leifert@uni-rostock.de:name=ONB_Newseye_GT_M1+(htr_id=10810)::::v=2.4.2
prov=University of Rostock/Institute of Mathematics/CITlab/Tobias Gruening/tobias.gruening@uni-rostock.de:name=de.uros.citlab.module.baseline2polygon.B2PSeamMultiOriented:v=2.4.2
prov=University of Rostock/Institute of Mathematics/CITlab/Tobias Gruening/tobias.gruening@uni-rostock.de:name=/mnt/transkribus/LA/DEA/URO/LA_news_onb_att.pb:de.uros.citlab.segmentation.CITlab_LA_ML:v=2.4.2
Transkribus</Creator>
        <Created>2019-10-07T11:27:42.032+02:00</Created>
        <LastChange>2019-10-08T08:59:05.272+02:00</LastChange>
        <TranskribusMetadata docId="223970" pageId="9499941" pageNr="166" tsid="16508879" status="IN_PROGRESS" userId="40391" imgUrl="https://files.transkribus.eu/Get?id=ASTCDAOWKZRATJHETMIMHQRB&amp;fileType=view" xmlUrl="https://files.transkribus.eu/Get?id=VPUKCOXOYICUPIKTIDUMNNSK" imageId="6190163"/>
    </Metadata>
    <Page imageFilename="223970_0166.jpeg" imageWidth="3484" imageHeight="4448">
        <ReadingOrder>
            <OrderedGroup id="ro_1711450632424" caption="Regions reading order">
                <RegionRefIndexed index="0" regionRef="r1"/>
            </OrderedGroup>
        </ReadingOrder>
        <TextRegion orientation="0.0" id="r1" custom="readingOrder {index:0;}">
            <Coords points="284,260 284,3741 2688,3741 2688,260"/>
            <TextLine id="r1l1" custom="readingOrder {index:0;}">
                <Coords points="1430,313 1489,305 1567,322 1657,296 1718,327 1798,328 1894,304 1895,235 1834,214 1754,226 1718,212 1626,259 1533,219 1431,234"/>
                <Baseline points="1440,287 1466,285 1492,284 1518,284 1544,284 1570,284 1596,284 1622,285 1648,286 1675,287 1701,288 1727,289 1753,290 1779,290 1805,291 1831,291 1857,290 1884,290"/>
                <TextEquiv>
                    <Unicode>box 23/1</Unicode>
                </TextEquiv>
            </TextLine>
            <TextLine id="r1l2" custom="readingOrder {index:1;}">
                <Coords points="274,306 488,337 1294,323 1294,255 1242,233 692,252 578,213 355,248 275,217"/>
                <Baseline points="284,285 334,289 384,293 434,296 484,298 534,300 584,302 634,303 684,304 734,305 784,305 834,305 884,305 934,305 984,305 1034,304 1084,304 1134,303 1184,303 1234,302 1284,301"/>
                <TextEquiv>
                    <Unicode>18. Der einsane Neg</Unicode>
                </TextEquiv>
            </TextLine>
            <TextLine id="r1l3" custom="readingOrder {index:2;}">
                <Coords points="1587,916 1606,911 1677,933 1700,924 1723,936 1772,922 1804,932 1936,893 1936,861 1866,865 1827,851 1809,864 1732,870 1688,863 1662,844 1586,859"/>
                <Baseline points="1597,903 1622,904 1647,904 1672,903 1697,903 1723,902 1748,902 1773,901 1798,900 1824,899 1849,899 1874,898 1899,897 1925,897"/>
                <TextEquiv>
                    <Unicode>Bühne und Welt.</Unicode>
                </TextEquiv>
            </TextLine>
            <TextLine id="r1l4" custom="readingOrder {index:3;}">
                <Coords points="906,935 927,943 936,937 961,949 977,967 990,959 1000,970 1032,968 1037,879 1020,876 1016,880 1010,875 994,885 977,882 969,888 965,883 940,897 924,881 910,878"/>
                <Baseline points="917,928 943,927 970,928 996,930 1023,934"/>
                <TextEquiv>
                    <Unicode>472</Unicode>
                </TextEquiv>
            </TextLine>
            <TextLine id="r1l5" custom="readingOrder {index:4;}">
                <Coords points="910,1032 2610,998 2608,931 2392,917 909,979"/>
                <Baseline points="920,1029 1008,1028 1096,1026 1185,1024 1273,1022 1361,1019 1450,1017 1538,1015 1626,1012 1715,1010 1803,1007 1892,1004 1980,1002 2068,999 2157,997 2245,994 2333,992 2422,990 2510,989 2599,987"/>
                <TextEquiv>
                    <Unicode>darauf dem Bräutigam zum Altar und hielt ihn 25 Jahre in der Täuschung, daß der Sohn, den</Unicode>
                </TextEquiv>
            </TextLine>
            <TextLine id="r1l6" custom="readingOrder {index:5;}">
                <Coords points="919,1092 2602,1054 2600,997 2519,991 917,1033"/>
                <Baseline points="930,1080 1013,1078 1096,1076 1179,1074 1262,1071 1345,1069 1428,1066 1511,1064 1594,1061 1677,1059 1760,1056 1843,1054 1926,1051 2009,1049 2092,1046 2175,1045 2258,1043 2341,1041 2424,1039 2507,1038 2590,1037"/>
                <TextEquiv>
                    <Unicode>sie ihm geboren, der seine wäre. Und nach zehn Jahren dachte sie so ruhig über jene Vorgänge,</Unicode>
                </TextEquiv>
            </TextLine>
            <TextLine id="r1l7" custom="readingOrder {index:6;}">
                <Coords points="910,1134 2502,1108 2617,1044 909,1096"/>
                <Baseline points="920,1130 1004,1127 1088,1125 1173,1123 1257,1120 1341,1118 1426,1115 1510,1112 1594,1110 1679,1108 1763,1105 1847,1103 1932,1100 2016,1098 2100,1096 2185,1093 2269,1091 2353,1089 2438,1087 2522,1085 2607,1083"/>
                <TextEquiv>
                    <Unicode>daß Julian Fichtner im Hause ihres Gatten wieder verkehren durfte. Jetzt, infolge eines Herz¬</Unicode>
                </TextEquiv>
            </TextLine>
            <TextLine id="r1l8" custom="readingOrder {index:7;}">
                <Coords points="919,1188 2612,1144 2554,1092 918,1137"/>
                <Baseline points="930,1179 1013,1176 1097,1174 1180,1172 1264,1169 1348,1167 1431,1164 1515,1162 1598,1160 1682,1157 1766,1154 1849,1152 1933,1149 2016,1147 2100,1145 2184,1143 2267,1141 2351,1139 2434,1138 2518,1136 2602,1135"/>
                <TextEquiv>
                    <Unicode>leidens jeden Tag auf ihr Lebensende gefaßt, offenbart sie sich dem jungen Arzt, den sie gern als</Unicode>
                </TextEquiv>
            </TextLine>
            <TextLine id="r1l9" custom="readingOrder {index:8;}">
                <Coords points="928,1252 2604,1184 2528,1135 927,1195"/>
                <Baseline points="938,1226 1020,1224 1103,1221 1186,1219 1269,1216 1352,1214 1434,1212 1517,1210 1600,1207 1683,1205 1766,1203 1848,1201 1931,1199 2014,1196 2097,1195 2180,1192 2262,1190 2345,1188 2428,1186 2511,1184 2594,1182"/>
                <TextEquiv>
                    <Unicode>Gatten ihrer Cochter sehen würde, und macht dem Sohn, einem 28jährigen jungen Kavallerie¬</Unicode>
                </TextEquiv>
            </TextLine>
            <TextLine id="r1l10" custom="readingOrder {index:9;}">
                <Coords points="923,1275 2583,1254 2622,1204 922,1250"/>
                <Baseline points="934,1275 1017,1273 1101,1271 1185,1269 1269,1266 1353,1264 1437,1261 1521,1259 1605,1257 1689,1254 1773,1251 1856,1249 1940,1246 2024,1244 2108,1242 2192,1240 2276,1238 2360,1236 2444,1235 2528,1234 2612,1233"/>
                <TextEquiv>
                    <Unicode>offizier, am Abend vor seiner Abreise in die Garnison einige Andeutungen, spricht viel von einem</Unicode>
                </TextEquiv>
            </TextLine>
            <TextLine id="r1l11" custom="readingOrder {index:10;}">
                <Coords points="923,1349 2607,1280 2515,1240 921,1277"/>
                <Baseline points="934,1328 1017,1324 1100,1320 1183,1317 1266,1314 1349,1311 1432,1308 1515,1305 1598,1303 1681,1300 1765,1298 1848,1296 1931,1294 2014,1292 2097,1290 2180,1289 2263,1287 2346,1285 2429,1284 2512,1283 2596,1282"/>
                <TextEquiv>
                    <Unicode>Bilde, das Fichtner in jenen Jugendtagen von ihr gemalt. Und was sie in halben Worten an¬</Unicode>
                </TextEquiv>
            </TextLine>
            <TextLine id="r1l12" custom="readingOrder {index:11;}">
                <Coords points="929,1379 2601,1348 2608,1299 928,1345"/>
                <Baseline points="940,1374 1027,1371 1114,1368 1201,1365 1289,1362 1376,1359 1463,1356 1551,1354 1638,1352 1725,1349 1813,1347 1900,1345 1987,1343 2075,1340 2162,1338 2249,1336 2337,1334 2424,1332 2511,1330 2599,1327"/>
                <TextEquiv>
                    <Unicode>deutet, genügt dem jungen Manne, im Dunkeln klar zu sehen. Julian Fichtner verrät sich</Unicode>
                </TextEquiv>
            </TextLine>
            <TextLine id="r1l13" custom="readingOrder {index:12;}">
                <Coords points="925,1446 2611,1380 2197,1342 924,1408"/>
                <Baseline points="935,1426 1018,1421 1101,1417 1184,1414 1268,1411 1351,1407 1434,1405 1518,1402 1601,1400 1684,1398 1768,1396 1851,1394 1934,1392 2017,1390 2101,1389 2184,1386 2267,1384 2351,1382 2434,1380 2517,1377 2601,1374"/>
                <TextEquiv>
                    <Unicode>gleichfalls durch Miene und halbe Worte. Dom Leben oder Lieben mehr oder weniger enttäuscht,</Unicode>
                </TextEquiv>
            </TextLine>
            <TextLine id="r1l14" custom="readingOrder {index:13;}">
                <Coords points="932,1488 2630,1443 2628,1394 2522,1384 931,1450"/>
                <Baseline points="943,1472 1026,1469 1110,1466 1194,1462 1278,1459 1362,1456 1445,1454 1529,1452 1613,1449 1697,1447 1781,1445 1864,1443 1948,1441 2032,1439 2116,1437 2200,1434 2283,1432 2367,1430 2451,1428 2535,1425 2619,1423"/>
                <TextEquiv>
                    <Unicode>als Künstler nicht das geworden, was er sich gedacht und andere von ihm erwartet, möchte er</Unicode>
                </TextEquiv>
            </TextLine>
            <TextLine id="r1l15" custom="readingOrder {index:14;}">
                <Coords points="926,1525 2627,1477 2416,1436 925,1487"/>
                <Baseline points="937,1519 1021,1517 1105,1514 1189,1511 1273,1508 1357,1506 1441,1503 1525,1500 1609,1498 1693,1495 1777,1493 1861,1491 1945,1489 2029,1486 2113,1485 2197,1483 2281,1481 2365,1479 2449,1478 2533,1476 2617,1474"/>
                <TextEquiv>
                    <Unicode>den einsamen Pfad des Alters nicht allein wandern, sondern den starken und schönen Sohn an</Unicode>
                </TextEquiv>
            </TextLine>
            <TextLine id="r1l16" custom="readingOrder {index:15;}">
                <Coords points="931,1578 2590,1547 2620,1476 929,1530"/>
                <Baseline points="942,1569 1025,1566 1109,1563 1192,1560 1276,1557 1359,1555 1443,1552 1526,1549 1610,1547 1693,1544 1777,1543 1860,1540 1944,1538 2027,1536 2111,1534 2194,1532 2278,1530 2361,1529 2445,1527 2528,1526 2612,1525"/>
                <TextEquiv>
                    <Unicode>seiner Seite wissen, ihm alle zärtlichen altruistischen Gefühle widmen, die ein Leben voll Egoismus</Unicode>
                </TextEquiv>
            </TextLine>
            <TextLine id="r1l17" custom="readingOrder {index:16;}">
                <Coords points="932,1625 2628,1577 2486,1534 931,1578"/>
                <Baseline points="942,1617 1025,1614 1109,1612 1193,1610 1276,1607 1360,1605 1444,1602 1527,1599 1611,1598 1695,1595 1779,1593 1862,1590 1946,1588 2030,1586 2113,1584 2197,1582 2281,1580 2364,1578 2448,1576 2532,1574 2616,1573"/>
                <TextEquiv>
                    <Unicode>in ihm noch übrig gelassen hat. Aber sein Kalkül wird zu Schanden. Der junge Offizier,</Unicode>
                </TextEquiv>
            </TextLine>
            <TextLine id="r1l18" custom="readingOrder {index:17;}">
                <Coords points="932,1685 2591,1637 2632,1574 930,1624"/>
                <Baseline points="942,1668 1026,1664 1110,1661 1194,1657 1278,1654 1362,1652 1446,1649 1530,1647 1614,1645 1698,1643 1782,1641 1866,1639 1950,1638 2034,1636 2118,1634 2202,1632 2286,1630 2370,1628 2454,1626 2538,1623 2622,1621"/>
                <TextEquiv>
                    <Unicode>schmerzlich bewegt durch die Enthüllung des Geheimnisses seiner Geburt, grollt gleichwohl nicht</Unicode>
                </TextEquiv>
            </TextLine>
            <TextLine id="r1l19" custom="readingOrder {index:18;}">
                <Coords points="928,1721 2613,1693 2635,1631 927,1691"/>
                <Baseline points="938,1717 1022,1714 1106,1710 1191,1707 1275,1704 1360,1701 1444,1699 1528,1696 1613,1694 1697,1692 1782,1690 1866,1688 1950,1686 2035,1684 2119,1682 2204,1680 2288,1678 2372,1676 2457,1674 2541,1672 2626,1670"/>
                <TextEquiv>
                    <Unicode>der Mutter, in der er mehr die Märtprerin als die Schuldige erblickt, aber er denkt auch nicht</Unicode>
                </TextEquiv>
            </TextLine>
            <TextLine id="r1l20" custom="readingOrder {index:19;}">
                <Coords points="929,1767 2627,1725 2626,1682 2388,1680 928,1717"/>
                <Baseline points="940,1766 1023,1762 1107,1759 1191,1756 1275,1752 1359,1749 1442,1747 1526,1745 1610,1743 1694,1741 1778,1739 1861,1737 1945,1735 2029,1733 2113,1731 2197,1730 2280,1727 2364,1725 2448,1723 2532,1720 2616,1718"/>
                <TextEquiv>
                    <Unicode>daran, den neu entdeckten Dater anzuerkennen, sondern er will sich mit um so wärnierer Liebe</Unicode>
                </TextEquiv>
            </TextLine>
            <TextLine id="r1l21" custom="readingOrder {index:20;}">
                <Coords points="944,1821 2635,1765 2604,1723 943,1772"/>
                <Baseline points="954,1813 1037,1810 1121,1808 1204,1805 1288,1802 1371,1799 1455,1797 1538,1794 1622,1792 1705,1790 1789,1787 1872,1785 1956,1783 2039,1781 2123,1778 2206,1776 2290,1774 2373,1772 2457,1770 2540,1768 2624,1766"/>
                <TextEquiv>
                    <Unicode>dem gütigen alten Manne, der sein bisheriges Leben geleitet, anschließen. Gegenüber dem Ge¬</Unicode>
                </TextEquiv>
            </TextLine>
            <TextLine id="r1l22" custom="readingOrder {index:21;}">
                <Coords points="947,1880 2632,1847 2630,1781 945,1819"/>
                <Baseline points="956,1863 1039,1859 1122,1856 1205,1853 1288,1850 1372,1848 1455,1845 1538,1843 1621,1841 1704,1839 1788,1837 1871,1835 1954,1833 2037,1830 2120,1828 2204,1826 2287,1824 2370,1822 2453,1819 2536,1816 2620,1814"/>
                <TextEquiv>
                    <Unicode>rechtigkeitsgefühl, der Gewöhnung und Erziehung schweigt die Stimme des Blutes. Aehnlich</Unicode>
                </TextEquiv>
            </TextLine>
            <TextLine id="r1l23" custom="readingOrder {index:22;}">
                <Coords points="936,1926 2636,1898 2634,1828 934,1873"/>
                <Baseline points="946,1913 1034,1909 1122,1905 1211,1902 1299,1899 1387,1896 1476,1894 1564,1891 1652,1889 1741,1887 1829,1884 1918,1882 2006,1880 2094,1878 2183,1876 2271,1874 2359,1872 2448,1870 2536,1868 2625,1865"/>
                <TextEquiv>
                    <Unicode>wie Fichtner geht es seinem Freunde Stefan von Sala, dem reichen, blasierten Globetrotter und</Unicode>
                </TextEquiv>
            </TextLine>
            <TextLine id="r1l24" custom="readingOrder {index:23;}">
                <Coords points="947,1961 2636,1901 946,1931"/>
                <Baseline points="958,1960 1041,1956 1124,1954 1208,1950 1291,1948 1375,1945 1458,1943 1541,1941 1625,1938 1708,1936 1792,1934 1875,1932 1958,1931 2042,1929 2125,1927 2209,1925 2292,1923 2375,1921 2459,1919 2542,1917 2626,1915"/>
                <TextEquiv>
                    <Unicode>Kunstdilettanten, der sich in seinem prächtigen Dillenschloß und in seinem Park mit Marmor¬</Unicode>
                </TextEquiv>
            </TextLine>
            <TextLine id="r1l25" custom="readingOrder {index:24;}">
                <Coords points="949,2006 2546,1985 2641,1974 2640,1923 948,1961"/>
                <Baseline points="960,2008 1043,2005 1127,2002 1210,1999 1294,1997 1377,1995 1461,1992 1544,1990 1628,1987 1711,1986 1795,1984 1878,1981 1962,1979 2045,1978 2129,1976 2212,1974 2296,1972 2379,1970 2463,1969 2546,1967 2630,1965"/>
                <TextEquiv>
                    <Unicode>bildern und Wasserkünsten einsam und unzufrieden fühlt, aber sich etwas darauf zu gute tut, daß</Unicode>
                </TextEquiv>
            </TextLine>
            <TextLine id="r1l26" custom="readingOrder {index:25;}">
                <Coords points="951,2060 2623,2031 2635,1980 950,2026"/>
                <Baseline points="962,2058 1045,2055 1128,2052 1211,2049 1294,2046 1378,2044 1461,2041 1544,2039 1627,2037 1710,2035 1794,2033 1877,2031 1960,2029 2043,2027 2126,2025 2210,2023 2293,2021 2376,2019 2459,2017 2542,2015 2626,2012"/>
                <TextEquiv>
                    <Unicode>er die Menschen stets in Distanz und Reserve zu halten gewußt habe und sie für seine Zwecke</Unicode>
                </TextEquiv>
            </TextLine>
            <TextLine id="r1l27" custom="readingOrder {index:26;}">
                <Coords points="943,2105 2540,2086 2640,2027 942,2066"/>
                <Baseline points="954,2108 1037,2105 1121,2101 1205,2099 1289,2095 1373,2093 1456,2091 1540,2088 1624,2086 1708,2084 1792,2082 1875,2080 1959,2078 2043,2076 2127,2074 2211,2072 2294,2070 2378,2068 2462,2067 2546,2064 2630,2063"/>
                <TextEquiv>
                    <Unicode>brauchte, selber aber nie gebraucht wurde. Obgleich infolge eines Herzleidens sicherer Todes¬</Unicode>
                </TextEquiv>
            </TextLine>
            <TextLine id="r1l28" custom="readingOrder {index:27;}">
                <Coords points="941,2162 2639,2119 2606,2067 940,2105"/>
                <Baseline points="952,2158 1035,2155 1119,2151 1203,2148 1287,2145 1371,2143 1454,2140 1538,2137 1622,2135 1706,2133 1790,2131 1873,2129 1957,2127 2041,2125 2125,2123 2209,2121 2292,2119 2376,2118 2460,2116 2544,2114 2628,2113"/>
                <TextEquiv>
                    <Unicode>kandidat, will er, um neue Sensationen zu genießen, sich an einer gefahrvollen Forschungsreise</Unicode>
                </TextEquiv>
            </TextLine>
            <TextLine id="r1l29" custom="readingOrder {index:28;}">
                <Coords points="950,2220 2635,2182 2612,2117 948,2158"/>
                <Baseline points="960,2206 1043,2203 1126,2200 1209,2197 1292,2195 1375,2192 1458,2190 1542,2187 1625,2185 1708,2183 1791,2180 1874,2178 1957,2176 2040,2174 2124,2172 2207,2170 2290,2168 2373,2166 2456,2163 2539,2161 2623,2159"/>
                <TextEquiv>
                    <Unicode>nach Bactrien beteiligen, aber auch ihm wird auf seine alten Tage ein Strich durch die Lebens¬</Unicode>
                </TextEquiv>
            </TextLine>
            <TextLine id="r1l30" custom="readingOrder {index:29;}">
                <Coords points="944,2269 2447,2235 2645,2217 2644,2170 943,2233"/>
                <Baseline points="954,2255 1038,2251 1122,2248 1206,2245 1290,2243 1374,2240 1458,2238 1542,2235 1626,2233 1710,2231 1794,2228 1878,2227 1962,2225 2046,2223 2130,2220 2214,2218 2298,2216 2382,2214 2466,2212 2550,2209 2635,2206"/>
                <TextEquiv>
                    <Unicode>rechnung gemacht. Professor Wegraths leibliche Tochter Johanna besucht Sala häufig auf seiner</Unicode>
                </TextEquiv>
            </TextLine>
            <TextLine id="r1l31" custom="readingOrder {index:30;}">
                <Coords points="955,2303 2646,2266 2545,2218 954,2263"/>
                <Baseline points="966,2303 1049,2300 1132,2297 1216,2295 1299,2292 1383,2290 1466,2287 1550,2285 1633,2283 1717,2281 1800,2278 1883,2276 1967,2274 2050,2272 2134,2270 2217,2268 2301,2266 2384,2264 2468,2261 2551,2259 2635,2257"/>
                <TextEquiv>
                    <Unicode>Villa und verliebt sich in ihn, trotz des großen Altersunterschiedes. Und der große Egoist spricht,</Unicode>
                </TextEquiv>
            </TextLine>
            <TextLine id="r1l32" custom="readingOrder {index:31;}">
                <Coords points="955,2355 2562,2324 2644,2311 2643,2265 954,2317"/>
                <Baseline points="966,2352 1049,2349 1132,2347 1216,2344 1299,2341 1383,2339 1466,2336 1549,2334 1633,2332 1716,2329 1800,2327 1883,2325 1966,2322 2050,2320 2133,2318 2217,2316 2300,2314 2383,2312 2467,2310 2550,2308 2634,2306"/>
                <TextEquiv>
                    <Unicode>von ungewohnter Empfindung berührt, freiwillig das erste Wort von Heirat und gemeinsamer</Unicode>
                </TextEquiv>
            </TextLine>
            <TextLine id="r1l33" custom="readingOrder {index:32;}">
                <Coords points="955,2410 2646,2362 2595,2315 953,2355"/>
                <Baseline points="965,2401 1048,2399 1132,2397 1215,2394 1299,2392 1382,2389 1466,2387 1549,2385 1633,2382 1716,2379 1800,2377 1883,2375 1967,2372 2050,2369 2134,2367 2217,2364 2301,2362 2384,2359 2468,2357 2551,2354 2635,2351"/>
                <TextEquiv>
                    <Unicode>Reise. Aber das seltsam geartete hrsterische Mädchen, das beim Anblick physischer Leiden anderer</Unicode>
                </TextEquiv>
            </TextLine>
            <TextLine id="r1l34" custom="readingOrder {index:33;}">
                <Coords points="964,2454 2365,2438 2607,2417 2649,2362 963,2422"/>
                <Baseline points="974,2449 1057,2446 1140,2444 1223,2441 1307,2439 1390,2436 1473,2434 1556,2432 1640,2429 1723,2427 1806,2425 1889,2423 1973,2420 2056,2418 2139,2416 2222,2413 2306,2410 2389,2408 2472,2405 2555,2402 2639,2399"/>
                <TextEquiv>
                    <Unicode>ein körperliches Unbehagen empfindet und die unheilvolle Gabe des „zweiten Gesichts“ besitzt, sieht</Unicode>
                </TextEquiv>
            </TextLine>
            <TextLine id="r1l35" custom="readingOrder {index:34;}">
                <Coords points="960,2509 2583,2474 2646,2460 2645,2398 958,2456"/>
                <Baseline points="970,2498 1053,2496 1136,2493 1219,2491 1303,2489 1386,2487 1469,2485 1552,2482 1636,2480 1719,2478 1802,2475 1885,2473 1969,2471 2052,2468 2135,2466 2218,2464 2302,2461 2385,2458 2468,2456 2551,2453 2635,2450"/>
                <TextEquiv>
                    <Unicode>Salas baldigen Tod voraus und ertränkt sich im Parkteich. Sala endet, da er von Johannas</Unicode>
                </TextEquiv>
            </TextLine>
            <TextLine id="r1l36" custom="readingOrder {index:35;}">
                <Coords points="959,2558 2648,2523 2647,2461 958,2509"/>
                <Baseline points="970,2544 1053,2543 1136,2542 1220,2540 1303,2539 1387,2537 1470,2535 1553,2532 1637,2530 1720,2528 1804,2525 1887,2522 1970,2520 2054,2517 2137,2514 2221,2512 2304,2509 2387,2507 2471,2504 2554,2502 2638,2500"/>
                <TextEquiv>
                    <Unicode>Bruder zur Rechenschaft gezogen und brutal über seinen Zustand aufgeklärt wird, aus Furcht vor</Unicode>
                </TextEquiv>
            </TextLine>
            <TextLine id="r1l37" custom="readingOrder {index:36;}">
                <Coords points="953,2595 2259,2587 2644,2563 2647,2518 952,2564"/>
                <Baseline points="964,2595 1047,2593 1131,2591 1215,2589 1298,2588 1382,2585 1466,2583 1549,2581 1633,2579 1717,2576 1801,2574 1884,2571 1968,2568 2052,2566 2135,2563 2219,2560 2303,2557 2386,2555 2470,2552 2554,2549 2638,2546"/>
                <TextEquiv>
                    <Unicode>langsamem Absterben durch eigene Hand. Der junge Wegrath hatte sich schon vorher auf Salas</Unicode>
                </TextEquiv>
            </TextLine>
            <TextLine id="r1l38" custom="readingOrder {index:37;}">
                <Coords points="959,2665 2371,2630 2622,2607 2649,2562 957,2606"/>
                <Baseline points="970,2642 1053,2642 1136,2640 1220,2639 1303,2637 1387,2635 1470,2633 1554,2630 1637,2628 1721,2625 1804,2623 1887,2620 1971,2617 2054,2614 2138,2611 2221,2609 2305,2606 2388,2603 2472,2601 2555,2599 2639,2597"/>
                <TextEquiv>
                    <Unicode>Einladung zur Teilnahme an der Forschungsreise verpflichtet; er wird vielleicht in einer der</Unicode>
                </TextEquiv>
            </TextLine>
            <TextLine id="r1l39" custom="readingOrder {index:38;}">
                <Coords points="956,2713 2657,2636 955,2660"/>
                <Baseline points="966,2693 1050,2691 1134,2689 1218,2687 1302,2685 1386,2683 1470,2682 1554,2680 1638,2678 1722,2676 1806,2673 1890,2671 1974,2669 2058,2666 2142,2664 2226,2661 2310,2657 2394,2654 2478,2650 2562,2646 2647,2642"/>
                <TextEquiv>
                    <Unicode>Marmorgrüfte der unterirdischen Cotenstatt, vom Fieber, von Herzleid oder einem Kurdenspeer</Unicode>
                </TextEquiv>
            </TextLine>
            <TextLine id="r1l40" custom="readingOrder {index:39;}">
                <Coords points="952,2748 2658,2703 2587,2656 951,2714"/>
                <Baseline points="963,2741 1047,2740 1131,2739 1215,2738 1300,2737 1384,2735 1468,2733 1552,2731 1637,2728 1721,2726 1805,2723 1889,2720 1974,2718 2058,2714 2142,2711 2226,2708 2311,2705 2395,2702 2479,2699 2563,2696 2648,2694"/>
                <TextEquiv>
                    <Unicode>dahingerafft, die letzte Ruhe finden, und der alte Akademieprofessor wird ganz allein den letzten</Unicode>
                </TextEquiv>
            </TextLine>
            <TextLine id="r1l41" custom="readingOrder {index:40;}">
                <Coords points="960,2793 1002,2797 1034,2818 1108,2798 1178,2810 1203,2792 1229,2811 1252,2805 1252,2756 1212,2752 1184,2761 1171,2752 1133,2761 1112,2749 1044,2764 1019,2748 959,2750"/>
                <Baseline points="970,2787 997,2788 1024,2788 1051,2788 1078,2787 1106,2786 1133,2786 1160,2785 1187,2785 1214,2786 1242,2787"/>
                <TextEquiv>
                    <Unicode>Weg schreiten.</Unicode>
                </TextEquiv>
            </TextLine>
            <TextLine id="r1l42" custom="readingOrder {index:41;}">
                <Coords points="1075,2852 2599,2816 2656,2804 2654,2743 1073,2807"/>
                <Baseline points="1084,2837 1162,2836 1240,2835 1318,2833 1396,2831 1474,2829 1552,2827 1630,2825 1708,2822 1786,2820 1864,2817 1942,2815 2020,2812 2098,2809 2176,2807 2254,2804 2332,2802 2410,2799 2488,2797 2566,2795 2645,2793"/>
                <TextEquiv>
                    <Unicode>Die Darstellung des Deutschen Theaters war mit Sorgfalt und Geschick auf</Unicode>
                </TextEquiv>
            </TextLine>
            <TextLine id="r1l43" custom="readingOrder {index:42;}">
                <Coords points="956,2910 2666,2845 2561,2799 955,2855"/>
                <Baseline points="967,2887 1051,2887 1135,2886 1220,2884 1304,2883 1389,2881 1473,2879 1557,2877 1642,2874 1726,2871 1811,2868 1895,2865 1979,2863 2064,2860 2148,2857 2233,2855 2317,2853 2401,2850 2486,2848 2570,2846 2655,2845"/>
                <TextEquiv>
                    <Unicode>den eigenartigen Ton dieser Lebenstragödie abgestimmt. Das Interessanteste bot trotz</Unicode>
                </TextEquiv>
            </TextLine>
            <TextLine id="r1l44" custom="readingOrder {index:43;}">
                <Coords points="961,2949 2572,2912 2650,2908 2649,2865 960,2909"/>
                <Baseline points="971,2938 1054,2937 1137,2935 1221,2933 1304,2932 1388,2929 1471,2927 1554,2925 1638,2922 1721,2920 1805,2917 1888,2914 1971,2912 2055,2909 2138,2906 2222,2903 2305,2901 2388,2898 2472,2896 2555,2894 2639,2891"/>
                <TextEquiv>
                    <Unicode>anfänglicher kleiner Entgleisungen Albert Bassermann als Stefan von Sala,</Unicode>
                </TextEquiv>
            </TextLine>
            <TextLine id="r1l45" custom="readingOrder {index:44;}">
                <Coords points="961,3022 2641,2957 2665,2909 959,2950"/>
                <Baseline points="971,2985 1055,2984 1139,2984 1223,2982 1307,2981 1392,2979 1476,2978 1560,2975 1644,2973 1728,2971 1813,2968 1897,2965 1981,2963 2065,2960 2149,2957 2234,2953 2318,2951 2402,2948 2486,2945 2570,2942 2655,2939"/>
                <TextEquiv>
                    <Unicode> der überlegene müde Ton des blasierten, gern ironischen Weltmannes liegt ihm von Natur.</Unicode>
                </TextEquiv>
            </TextLine>
            <TextLine id="r1l46" custom="readingOrder {index:45;}">
                <Coords points="1079,3043 2667,3017 2665,2957 2586,2945 1078,3005"/>
                <Baseline points="1090,3038 1168,3037 1246,3037 1324,3035 1403,3034 1481,3032 1559,3030 1637,3027 1716,3025 1794,3023 1872,3020 1950,3016 2029,3014 2107,3011 2185,3007 2263,3004 2342,3002 2420,2999 2498,2996 2576,2994 2655,2991"/>
                <TextEquiv>
                    <Unicode>Rudolf Ritner mußte als Julian Fichtner seinem Temperament manchen Zügel anlegen</Unicode>
                </TextEquiv>
            </TextLine>
            <TextLine id="r1l47" custom="readingOrder {index:46;}">
                <Coords points="968,3087 2664,3057 2611,2999 968,3068"/>
                <Baseline points="979,3089 1062,3088 1146,3087 1230,3085 1314,3084 1397,3082 1481,3080 1565,3078 1649,3076 1732,3072 1816,3070 1900,3067 1984,3065 2067,3062 2151,3059 2235,3056 2319,3053 2402,3050 2486,3047 2570,3044 2654,3041"/>
                <TextEquiv>
                    <Unicode>und gestaltete die Rolle dennoch lebensvoller als der Dichter sie sich vielleicht gedacht hat. Ganz in</Unicode>
                </TextEquiv>
            </TextLine>
            <TextLine id="r1l48" custom="readingOrder {index:47;}">
                <Coords points="960,3139 2613,3113 2675,3062 958,3090"/>
                <Baseline points="970,3134 1054,3134 1139,3134 1224,3133 1309,3132 1393,3131 1478,3129 1563,3127 1648,3125 1732,3122 1817,3119 1902,3117 1987,3114 2071,3111 2156,3108 2241,3105 2326,3101 2410,3099 2495,3095 2580,3092 2665,3089"/>
                <TextEquiv>
                    <Unicode>ihrem Element war Else Lehmann als Irene Herms. Die wichtige Episodenrolle der ehe¬</Unicode>
                </TextEquiv>
            </TextLine>
            <TextLine id="r1l49" custom="readingOrder {index:48;}">
                <Coords points="970,3195 2395,3177 2621,3160 2666,3101 968,3144"/>
                <Baseline points="981,3186 1064,3185 1148,3184 1232,3183 1316,3181 1399,3180 1483,3177 1567,3175 1651,3173 1734,3171 1818,3168 1902,3165 1986,3163 2069,3159 2153,3156 2237,3153 2321,3150 2404,3147 2488,3144 2572,3141 2656,3138"/>
                <TextEquiv>
                    <Unicode>maligen Schauspielerin und Geliebten Juliaus, die zwar in nachdenklichen Stunden um das einst</Unicode>
                </TextEquiv>
            </TextLine>
            <TextLine id="r1l50" custom="readingOrder {index:49;}">
                <Coords points="972,3250 2572,3212 2664,3162 970,3195"/>
                <Baseline points="981,3240 1064,3238 1148,3237 1231,3234 1315,3232 1399,3231 1482,3228 1566,3226 1650,3223 1733,3221 1817,3218 1901,3216 1984,3213 2068,3210 2152,3207 2235,3203 2319,3200 2403,3197 2486,3194 2570,3190 2654,3186"/>
                <TextEquiv>
                    <Unicode>sträflich verscherzte Mlutterglück trauert, aber resolut dem Leben ins Auge sieht und als Guts¬</Unicode>
                </TextEquiv>
            </TextLine>
            <TextLine id="r1l51" custom="readingOrder {index:50;}">
                <Coords points="982,3302 2642,3260 2668,3207 981,3260"/>
                <Baseline points="992,3288 1075,3286 1158,3283 1242,3282 1325,3280 1408,3278 1492,3276 1575,3274 1658,3272 1742,3270 1825,3267 1908,3265 1992,3263 2075,3260 2158,3257 2242,3254 2325,3251 2408,3247 2492,3243 2575,3239 2659,3234"/>
                <TextEquiv>
                    <Unicode>herrin in beschaulichem Zusammenleben mit Natur und Tierwelt die Welt der Schminke und</Unicode>
                </TextEquiv>
            </TextLine>
            <TextLine id="r1l52" custom="readingOrder {index:51;}">
                <Coords points="970,3349 2661,3317 2672,3255 968,3298"/>
                <Baseline points="980,3339 1064,3336 1148,3333 1232,3331 1316,3329 1400,3326 1484,3324 1569,3322 1653,3320 1737,3318 1821,3316 1905,3313 1989,3311 2073,3308 2158,3305 2242,3302 2326,3299 2410,3296 2494,3292 2578,3288 2663,3284"/>
                <TextEquiv>
                    <Unicode>Kulissen vergessen hat, verkörperte sie mit warmblütigem Leben und frischem Humor. Sehr fein</Unicode>
                </TextEquiv>
            </TextLine>
            <TextLine id="r1l53" custom="readingOrder {index:52;}">
                <Coords points="972,3381 2673,3357 2637,3299 971,3349"/>
                <Baseline points="983,3388 1066,3385 1150,3382 1234,3380 1318,3378 1402,3376 1486,3374 1570,3372 1654,3370 1738,3368 1822,3365 1905,3363 1989,3361 2073,3358 2157,3355 2241,3352 2325,3349 2409,3345 2493,3342 2577,3337 2661,3333"/>
                <TextEquiv>
                    <Unicode> und lebensvoll virkte Oskar Sauer in der leicht zu verfehlenden Rolle des Professors Wegrath.</Unicode>
                </TextEquiv>
            </TextLine>
            <TextLine id="r1l54" custom="readingOrder {index:53;}">
                <Coords points="974,3439 2428,3417 2678,3394 2677,3343 973,3409"/>
                <Baseline points="985,3438 1069,3435 1153,3432 1237,3430 1321,3428 1405,3425 1489,3423 1573,3421 1657,3419 1741,3416 1826,3414 1910,3412 1994,3409 2078,3407 2162,3405 2246,3402 2330,3399 2414,3396 2498,3392 2582,3388 2667,3384"/>
                <TextEquiv>
                    <Unicode>Pflichtbewußtsein, milde Güte, begrabene Künstlerträume, Resignation, die dem Fernstehenden als</Unicode>
                </TextEquiv>
            </TextLine>
            <TextLine id="r1l55" custom="readingOrder {index:54;}">
                <Coords points="976,3493 2676,3433 2560,3392 975,3455"/>
                <Baseline points="987,3487 1070,3484 1154,3480 1238,3478 1322,3475 1406,3473 1490,3471 1574,3469 1658,3467 1742,3465 1826,3463 1909,3461 1993,3459 2077,3457 2161,3454 2245,3451 2329,3447 2413,3443 2497,3439 2581,3434 2665,3428"/>
                <TextEquiv>
                    <Unicode>zur Apathie gesteigert erscheinen könnte, sind die Grundzüge dieses Charakters, der auch nicht die</Unicode>
                </TextEquiv>
            </TextLine>
            <TextLine id="r1l56" custom="readingOrder {index:55;}">
                <Coords points="983,3532 2623,3502 2685,3429 982,3496"/>
                <Baseline points="994,3532 1078,3531 1162,3529 1246,3527 1330,3526 1414,3524 1498,3522 1582,3520 1666,3518 1750,3516 1834,3514 1918,3512 2002,3509 2086,3506 2170,3503 2254,3500 2338,3497 2422,3493 2506,3489 2590,3485 2675,3480"/>
                <TextEquiv>
                    <Unicode>leifeste komische Spur vom Cocn enthält. Das ungleiche Geschwisterpaar spielten Irene Criesch</Unicode>
                </TextEquiv>
            </TextLine>
            <TextLine id="r1l57" custom="readingOrder {index:56;}">
                <Coords points="975,3585 2684,3540 2682,3478 974,3530"/>
                <Baseline points="987,3585 1071,3582 1155,3579 1239,3577 1324,3574 1408,3572 1492,3570 1577,3568 1661,3566 1745,3564 1830,3562 1914,3560 1998,3558 2082,3556 2167,3552 2251,3549 2335,3546 2420,3542 2504,3538 2588,3534 2673,3528"/>
                <TextEquiv>
                    <Unicode>und Kurt Stieler im ganzen angemessen. In der Inscenierung war ein sinngemäßer diskreter</Unicode>
                </TextEquiv>
            </TextLine>
            <TextLine id="r1l58" custom="readingOrder {index:57;}">
                <Coords points="978,3641 1343,3634 1341,3583 1316,3579 1299,3594 1227,3581 1174,3598 1063,3586 1043,3599 1030,3587 1006,3596 976,3584"/>
                <Baseline points="989,3627 1015,3628 1041,3627 1067,3627 1094,3627 1120,3626 1146,3625 1173,3625 1199,3624 1225,3623 1252,3622 1278,3621 1304,3620 1331,3619"/>
                <TextEquiv>
                    <Unicode>Aufwand entfaltet.</Unicode>
                </TextEquiv>
            </TextLine>
            <TextLine id="r1l59" custom="readingOrder {index:58;}">
                <Coords points="1098,3673 2686,3634 2660,3582 1097,3639"/>
                <Baseline points="1108,3679 1186,3678 1264,3676 1343,3674 1421,3672 1499,3670 1578,3669 1656,3666 1734,3665 1813,3662 1891,3660 1969,3657 2048,3655 2126,3652 2204,3649 2283,3645 2361,3642 2439,3638 2518,3633 2596,3628 2675,3623"/>
                <TextEquiv>
                    <Unicode>Das Publikum stand in seiner Mehrheit dem Stück ersichtlich befremdet und anfangs kühl</Unicode>
                </TextEquiv>
            </TextLine>
            <TextLine id="r1l60" custom="readingOrder {index:59;}">
                <Coords points="985,3749 2685,3706 2697,3631 984,3708"/>
                <Baseline points="995,3731 1079,3728 1164,3724 1248,3721 1333,3718 1418,3715 1502,3713 1587,3710 1672,3707 1756,3704 1841,3702 1926,3700 2010,3697 2095,3695 2180,3693 2264,3691 2349,3689 2434,3687 2518,3685 2603,3683 2688,3681"/>
                <TextEquiv>
                    <Unicode>gegenüber. Später regte sich nach den Aktschlüssen lanter Beifall einer Gruppe, der freilich von</Unicode>
                </TextEquiv>
            </TextLine>
            <TextEquiv>
                <Unicode>box 23/1
18. Der einsane Neg
Bühne und Welt.
472
darauf dem Bräutigam zum Altar und hielt ihn 25 Jahre in der Täuschung, daß der Sohn, den
sie ihm geboren, der seine wäre. Und nach zehn Jahren dachte sie so ruhig über jene Vorgänge,
daß Julian Fichtner im Hause ihres Gatten wieder verkehren durfte. Jetzt, infolge eines Herz¬
leidens jeden Tag auf ihr Lebensende gefaßt, offenbart sie sich dem jungen Arzt, den sie gern als
Gatten ihrer Cochter sehen würde, und macht dem Sohn, einem 28jährigen jungen Kavallerie¬
offizier, am Abend vor seiner Abreise in die Garnison einige Andeutungen, spricht viel von einem
Bilde, das Fichtner in jenen Jugendtagen von ihr gemalt. Und was sie in halben Worten an¬
deutet, genügt dem jungen Manne, im Dunkeln klar zu sehen. Julian Fichtner verrät sich
gleichfalls durch Miene und halbe Worte. Dom Leben oder Lieben mehr oder weniger enttäuscht,
als Künstler nicht das geworden, was er sich gedacht und andere von ihm erwartet, möchte er
den einsamen Pfad des Alters nicht allein wandern, sondern den starken und schönen Sohn an
seiner Seite wissen, ihm alle zärtlichen altruistischen Gefühle widmen, die ein Leben voll Egoismus
in ihm noch übrig gelassen hat. Aber sein Kalkül wird zu Schanden. Der junge Offizier,
schmerzlich bewegt durch die Enthüllung des Geheimnisses seiner Geburt, grollt gleichwohl nicht
der Mutter, in der er mehr die Märtprerin als die Schuldige erblickt, aber er denkt auch nicht
daran, den neu entdeckten Dater anzuerkennen, sondern er will sich mit um so wärnierer Liebe
dem gütigen alten Manne, der sein bisheriges Leben geleitet, anschließen. Gegenüber dem Ge¬
rechtigkeitsgefühl, der Gewöhnung und Erziehung schweigt die Stimme des Blutes. Aehnlich
wie Fichtner geht es seinem Freunde Stefan von Sala, dem reichen, blasierten Globetrotter und
Kunstdilettanten, der sich in seinem prächtigen Dillenschloß und in seinem Park mit Marmor¬
bildern und Wasserkünsten einsam und unzufrieden fühlt, aber sich etwas darauf zu gute tut, daß
er die Menschen stets in Distanz und Reserve zu halten gewußt habe und sie für seine Zwecke
brauchte, selber aber nie gebraucht wurde. Obgleich infolge eines Herzleidens sicherer Todes¬
kandidat, will er, um neue Sensationen zu genießen, sich an einer gefahrvollen Forschungsreise
nach Bactrien beteiligen, aber auch ihm wird auf seine alten Tage ein Strich durch die Lebens¬
rechnung gemacht. Professor Wegraths leibliche Tochter Johanna besucht Sala häufig auf seiner
Villa und verliebt sich in ihn, trotz des großen Altersunterschiedes. Und der große Egoist spricht,
von ungewohnter Empfindung berührt, freiwillig das erste Wort von Heirat und gemeinsamer
Reise. Aber das seltsam geartete hrsterische Mädchen, das beim Anblick physischer Leiden anderer
ein körperliches Unbehagen empfindet und die unheilvolle Gabe des „zweiten Gesichts“ besitzt, sieht
Salas baldigen Tod voraus und ertränkt sich im Parkteich. Sala endet, da er von Johannas
Bruder zur Rechenschaft gezogen und brutal über seinen Zustand aufgeklärt wird, aus Furcht vor
langsamem Absterben durch eigene Hand. Der junge Wegrath hatte sich schon vorher auf Salas
Einladung zur Teilnahme an der Forschungsreise verpflichtet; er wird vielleicht in einer der
Marmorgrüfte der unterirdischen Cotenstatt, vom Fieber, von Herzleid oder einem Kurdenspeer
dahingerafft, die letzte Ruhe finden, und der alte Akademieprofessor wird ganz allein den letzten
Weg schreiten.
Die Darstellung des Deutschen Theaters war mit Sorgfalt und Geschick auf
den eigenartigen Ton dieser Lebenstragödie abgestimmt. Das Interessanteste bot trotz
anfänglicher kleiner Entgleisungen Albert Bassermann als Stefan von Sala,
 der überlegene müde Ton des blasierten, gern ironischen Weltmannes liegt ihm von Natur.
Rudolf Ritner mußte als Julian Fichtner seinem Temperament manchen Zügel anlegen
und gestaltete die Rolle dennoch lebensvoller als der Dichter sie sich vielleicht gedacht hat. Ganz in
ihrem Element war Else Lehmann als Irene Herms. Die wichtige Episodenrolle der ehe¬
maligen Schauspielerin und Geliebten Juliaus, die zwar in nachdenklichen Stunden um das einst
sträflich verscherzte Mlutterglück trauert, aber resolut dem Leben ins Auge sieht und als Guts¬
herrin in beschaulichem Zusammenleben mit Natur und Tierwelt die Welt der Schminke und
Kulissen vergessen hat, verkörperte sie mit warmblütigem Leben und frischem Humor. Sehr fein
 und lebensvoll virkte Oskar Sauer in der leicht zu verfehlenden Rolle des Professors Wegrath.
Pflichtbewußtsein, milde Güte, begrabene Künstlerträume, Resignation, die dem Fernstehenden als
zur Apathie gesteigert erscheinen könnte, sind die Grundzüge dieses Charakters, der auch nicht die
leifeste komische Spur vom Cocn enthält. Das ungleiche Geschwisterpaar spielten Irene Criesch
und Kurt Stieler im ganzen angemessen. In der Inscenierung war ein sinngemäßer diskreter
Aufwand entfaltet.
Das Publikum stand in seiner Mehrheit dem Stück ersichtlich befremdet und anfangs kühl
gegenüber. Später regte sich nach den Aktschlüssen lanter Beifall einer Gruppe, der freilich von</Unicode>
            </TextEquiv>
        </TextRegion>
    </Page>
</PcGts>
