3392 4256
242 192 1868 328 18. Der einsane Neg box 23//3
2821 1013 3353 1104 an einem Herzen, in dem sei
1604 1023 2834 1107 kommen muß, wenn wir ihn beachten sollen. Und ebenso die
2827 1086 3350 1145 nicht. Alles, was er Felix ü
1608 1087 2823 1152 Situationen, die an die gewisse, ewig unveränderliche Quadrille
2825 1124 3348 1197 rückt ihn dem Jüngling nur
1605 1139 2828 1206 erinnern, an die vier Tänzer in der früh eingelernten Reihenfolge
395 968 676 1237 7a4
1254 1074 1506 1239 77
679 1062 1262 1231 Feuilleton.
2819 1172 3357 1256 bisherigen Vater, der ihm de
1604 1186 2831 1255 von Gruppirungen, die in der ganzen Welt die nämlichen sind.
2828 1233 3348 1296 der Ex=Glänzende, muß von
460 1182 676 1317 4e¬
1615 1239 2823 1299 Anziehend könnte das Stück erst durch eine persönlich hochinteressante
2823 1286 3346 1345 Der andere Egoist, Herr v.
1608 1297 2823 1354 Darstellerin der Elga werden. Eine solche haben die Berliner
609 1224 1366 1381 Wiener Theater.
2825 1333 3364 1405 keiten hysterisirende Joha#
1596 1336 2830 1406 nicht. Ihre Elga ist Frau Irene Triesch, die in Berlin
375 1340 1595 1452 (Gastspiel des Berliner Lessing=Theaters. Gerhart Hauptmann.
2826 1371 3351 1441 geht beglückt ... ins Wasse
1612 1386 2824 1442 ungemein geschätzt wird, weil sie im modernen Spielplan alle die
758 1418 1575 1501 Arthur S L 17. Mai.
2833 1432 3349 1498 Duell mit Felix (Offizier!) g
1612 1431 2824 1498 spießigen Nervendamen und großen und kleinen Problematischen mit
2828 1478 3356 1539 begeht stillen Selbstmord,
1609 1468 2832 1539 respektabler Geläufigkeit und immer regem Bühnenverstand darstellt.
472 1490 1604 1549 L. H—I. Im Theater an der Wien spielt jetzt das Berliner Lessing¬
2830 1524 3350 1604 die Tendenz des Schauspiels
1615 1538 2830 1594 Sie ist natürlich eine Wienerin, aber sie hat gerade das nicht, was
369 1534 1596 1613 Theater modernes Repertoire. Es ist jedesmal willkommen, denn es
2840 1566 3363 1643 „Lieben heißt für jemand An
1607 1573 2834 1655 die Wiener nicht entbehren wollen und so oft im Auslande gefunden
378 1585 1598 1653 bringt „Neues aus Afrika“. Auch hat man sich an Art und Ton dieses
2838 1626 3354 1698 wie die beiden gealterten S#
1609 1630 2832 1695 haben. (Wolter, Sandrock, Baumeister, Mitterwurzer und tutti
370 1630 1608 1701 Ensembles schon so weit gewöhnt, daß die Mängel den Genuß der
2826 1663 3347 1729 sprechen und dahinter kom
1613 1670 2833 1748 quanti.) Es fehlt der sinnliche Reiz, der sich an den Zuschauer
376 1684 1610 1768 Vorzüge nicht zu sehr beeinträchtigen. Man verzichtet auf mehrere
2827 1717 3351 1788 zeitlebens gewesen. Natürlich
1614 1726 2841 1800 heranschmeichelt und ihn physisch umspinnt, ihn von den
373 1736 1604 1803 poetische Stimmung, sinnliche Berückung und dergleichen, und nimmt
2842 1757 3361 1836 menschen anerkannten For###
1609 1772 2828 1840 Nerven aus gefangen setzt. Die Erscheinung gewinnt das Ange
371 1775 1609 1855 mit dem Plus an gesellschaftlicher Schärfe und verständiger Heraus¬
2835 1817 3359 1886 die die Weltweisheit mit gol
1609 1803 2843 1885 so wenig, als die Stimme das Ohr. Man muß sich im
378 1832 1608 1888 arbeitung des — meist ja auch im Verstandeswege aufgestellten —
2831 1868 3351 1931 jenseits von Reue, Vorwurf
1608 1865 2842 1945 Gegentheil das Alles erst zumuthen, es sich einzureden versuchen. Das
375 1883 1609 1951 Problems vorlieb. Es ist ein geläufiges, praktisches Wesen; wie
2832 1908 3341 1984 Unverantwortliche Männer,
1616 1913 2839 1985 ganze Wesen strömt kein Fluidum von Vornehmheit, Verfeinerung,
378 1930 1609 2005 tägliches Brod, über dessen Geschmack ein Wiener Kunstbäcker streiten
2826 1960 3357 2035 habe, alles Gute und alles
1603 1969 2841 2043 Tonalität aus. Alles, was man sich hier unter weiblicher Anmuth,
372 1979 1606 2050 kann, dessen geistiger Nährwerth aber nicht zu leugnen ist. Man sieht
2829 2008 3367 2082 seiner Fähigkeiten liegt. Das
1609 2013 2835 2086 vorstellt, kommt bei ihr ganz anders heraus. Und das Ganze ist in ein
374 2043 1615 2102 dies auch den Häusern, welche die Berliner machen, deutlich an. Die
2840 2059 3359 2127 Erbtheil, das wir anzutreten
1605 2057 2835 2128 unausrottbares nationales Element getaucht, das gerade bei diesen
373 2076 1608 2158 Novitäten erzielen ausverkaufte Häuser und erregen großen Antheil;
2833 2105 3356 2175 wenn wir nicht unter die En
1604 2098 2845 2198 nordländischen, ihrem Wesen nach überaus „arischen“ Seelen und
378 2130 1601 2188 bei den Wiederholungen bleibt das große Publikum aus. Ein Beweis,
2833 2155 3368 2229 wird in diesem Stücke von d
1617 2160 2841 2222 Seelenvorgängern direkt als stimmungswidrig und charakter¬
369 2176 1592 2249 daß die Truppe nicht die Wiener Stimmung hat, dem Premièrenhunge#
2830 2205 3364 2273 Ungenirtheit gesprochen, wie
1616 2212 2842 2272 fälschend stören muß. Es ist ja hart, das auszusprechen, und der
384 2233 1139 2308 aber das unentbehrliche Grünfutter bietet.
2843 2249 3367 2320 graphische Thatsachen. Die 5#
1617 2248 2844 2325 Tadler setzt sich sogar Mißverständnissen aus, aber wahr bleibt wahr:
491 2250 1610 2342 Gerhart Hauptmann's „Elga“ die erste Novität, ###
2840 2298 3348 2376 liche Vater dem natürlichen
1611 2318 2838 2376 eine Ibsen'sch oer Hauptmann'sche Weiblichkeit darf nicht mit jeder
373 2311 1615 2390 Niemandem warm machen. Das Stück liegt schon zehn Jahre, scheint
2848 2359 3357 2423 gischen Ausführlichkeit da
1619 2366 2838 2423 Faser ... leopoldstädtern. In Deutschland stört das weniger, weil
387 2359 1617 2444 sich also selbst nicht getraut zu haben, und sieht dabei aus, als läge
2839 2401 3344 2471 erzählt. Wie er sie heimlich
1613 2398 2851 2475 man nicht so allgemein weiß, was es ist. Bei uns domizilirt man es
378 2409 1616 2486 es schon dreißig Jahre im sogenannten Pult. Es macht den Eindruck
2844 2451 3363 2522 so ganz von selbst, ein natü
1624 2453 2839 2519 sofort, wo es her ist und wo es hingehört, und kann den ganzen
381 2473 1615 2529 einer Theaterübung. Eine alte Novelle Grillparzer's, „Das Kloster
2840 2503 3356 2571 nie glücklicher und freier gef
1618 2505 2840 2572 Abend nicht darüber hinweg. Ebenso geht es hier Herrn Emanuel
381 2506 1615 2577 bei Sendomir“, auf die Theaterschablone zugeschnitten. Aus einer
2835 2552 3359 2631 Geliebten, die er doch geliebt
1624 2547 2847 2624 Reicher, diesem vortrefflichen Schauspieler für trockene Sachen.
381 2552 1615 2635 vehmgerichtartigen Ebebruchsbestrafung, die bei Grillparzer ein
2844 2594 3367 2667 zuholen war. Da Vater un
1620 2606 2850 2667 Besonders wenn er Figuren spielt, die diesen Beigeschmack nicht ver¬
376 2610 1614 2687 Mönch, der blutige Inkognito=Held des Falles, nächtlichen Herbergern
2851 2641 3367 2707 ja gegen solche Aufrichtigkeit
1629 2656 2845 2715 tragen, z. B. einen englischen Gesandten am Hofe Ludwig's XIV., der
392 2660 1626 2734 erzählt, ist ein Traum gemacht, den der fremde Ritter in dem
2839 2688 3370 2763 Pun, darin hat sich der Dich
1627 2707 2853 2765 eher als Vertreter der königlich salomonischen Politik gelten dürfte.
381 2713 1619 2791 gothischen Schlafgemach hat, wo einst Elga's sündiges Blut geflossen.
2846 2741 3366 2815 bleme, die sich nicht so rein mat
1617 2747 2851 2814 Diese sonst sehr schätzbaren Künstler würden in einem Wiener
385 2758 1623 2825 Der Wiener Klassiker erzählt die Sache mit der gedrungenen
2836 2798 3361 2869 Offizier, dem Jemand über
1610 2794 2848 2879 Theaterverbande jedenfalls ganz anders, das heißt nach ihrer Eigenart
389 2813 1613 2878 Objektivität der Großelternzeit, ohne Aufwand irgendwelcher
2842 2836 3358 2914 Enthüllungen machen wird,
1624 2850 2405 2925 verwendet werden und dann recht gut thun.
384 2849 1629 2922 Stimmungskunst, auch ohne die Figuren mit spürkräftigem Seelensinn
2843 2890 3348 2962 Herrn, der sich für seinen n
1723 2870 2850 2965 Mit großem Interesse sah man zum ersten Male Arthur
379 2918 1621 2974 persönlich zu machen. Man ging damals noch auf den „Typus“.
2851 2938 3367 3012 Mund stopfen: „Sie gemein
1625 2957 2847 3013 Schnitzler's fünfaktiges Schauspiel: „Der einsame Weg“.
392 2950 1626 3037 Und da um die Mitte des Jahrhunderts der anekdotische Vorgang
2842 2989 3354 3052 ihre Konfidenzen nicht! Me
1620 2999 2843 3058 Das Haus war überfüllt und der Beifall reichlich. Wesentlicher ist
396 3009 1608 3088 ohnehin die Hauptsache war, genügte das den Lesern der „Thalien“
2839 3037 3337 3114 daß Sie mein Vater sind.“
1619 3042 2845 3105 aber die Vertiefung des ungemein aufmerksamen Publikums in das
393 3051 1620 3121 und sonstigen Taschenbücher in himmelblauer moirirter Seide mit
2844 3060 3367 3150 einem Nachfolger Schnitzler'
1624 3085 2847 3150 nicht immer durchsichtige und in der That anstrengende Stück, das
389 3104 1627 3164 Goldschnitt. Der moderne Stimmungsdichter möchte den alten Stahl¬
2847 3138 3370 3202 jugendliche Ohrfeigen versetze
1614 3130 2852 3201 über drei Stunden spielt und an die Aufnahmsfähigkeit Ansprüche
390 3150 1625 3228 stich psychophysisch koloriren, aber es gelingt ihm nicht. Auch kommt
2846 3183 3358 3247 schaft blos erinnert, um an
1626 3201 2849 3258 stellt. Vor Jahren hätte die bequeme Menge diese Zumuthung, sich
393 3203 1617 3275 er schon zu spät, nachdem wir in Oskar Wilde's „Salome“ und
2852 3237 3376 3304 haarsträubende Indiskretione
1626 3231 2845 3306 zu konzentriren und mehr oder weniger ausartende Absichten zu
393 3240 1631 3316 anderen Vampyrdämchen ziemlich das Letztmögliche dieser Richtung
2856 3283 3368 3352 Sohnes, so ist das schon un
1623 3289 2850 3351 errathen, kurzer Hand zurückgewiesen. Sie ist jetzt besser erzogen und
396 3297 1623 3372 ausgekostet haben. Seine Elga, die den polnischen Grafen
2843 3330 3366 3388 gewöhnliche Gentleman ist in
1623 3331 2850 3413 weiß es ganz gut zu schätzen, wenn sie ein Dichter ins Vertrauen zieht.
387 3346 1621 3426 mit Kätzchenpfoten blutig streichelt und mit einem Vetter
2845 3383 3364 3450 verpflichtet; in französischen
1733 3379 2849 3454 Der einsame Weg, von dem gesprochen wird, ist der Weg, den
398 3390 1632 3463 betrügt, bleibt in der unbestimmten Romantik gewisser Balladen¬
2846 3426 3366 3492 auf die Lüge und büßt es da
1623 3422 2853 3506 die Egoisten des Lebensgenusses in ihrem Alter gehen. Zwei solche
393 3459 1620 3521 figürchen der Heine=Epigonen stecken. Urbild: des Henkers Töchterlein
2847 3477 3370 3547 Herr Papa dem Sohne, un
1633 3489 2845 3545 Exemplare sind zusammengestellt, der brillante Maler Julian und der
396 3495 1626 3568 und dergleichen. Immer wieder: „Sie aber Früh um achte — trank
2845 3527 3368 3604 meidlich abstoßen muß und a
1629 3520 2848 3591 Kavalier v. Sala. Julian kommt nach Jahren genialer Zigeunerei
395 3543 1619 3615 rothen Wein und lachte“. Das ist ganz altes Spiel; als sähe man
2962 3578 3368 3643 Das ist die Klippe, an
1622 3569 2852 3654 heim, sich von seinem Sohn Felix, der als Sohn eines braven
391 3596 1618 3655 heute das Zigeunerkind Esmeralda mit ihrer Ziege tanzen. Die
2856 3603 3371 3693 Nicht in Berlin und nicht in
1621 3629 2841 3694 Professors gilt, als Inhaber der Paternität anerkennen zu lassen.
396 3628 1627 3708 Figuren sind uninteressant, Charaktere von allgemeinster Haltung,
394 3672 3378 3785 während uns doch heute jeder Einzelne als Spezialist seiner selbst! Ihm ist schon so öde in der Welt, nun möchte er ein warmes Plätzchen] mit der bei Schnitzler solche
