3436 4320
1421 246 1890 345 box 23/5
271 244 1279 356 18. Der einsane Neg
2945 1429 3106 1510 eine
346 1427 1682 1515 beborzügte Carfleltung unseter Schwerkriegsbeschädigten vorzunehmen,
1736 1463 3094 1526 * Rothfels der Nachfolger Windelbands. Der Berliner Privat- zur
346 1476 1682 1549 zeigt deutlich genug, wie vorherrschend der Eigennutz in manchen
340 1518 3114 1596 Schichten der Arbeitgeberschaft ist. Aber auch Behörden und der dozent, Archivrat am Reichsarchiv in Potsdam, Dr Hans Roth= grof
346 1614 3109 1685 Melancholie getaucht, in ein Halbdunkel, das keinem Gedanken, ja von diesem gealterten Goethe — ooer sagen wir richtiger: gealterten Gan
1654 1650 3111 1720 Anatol machen möchte. Am Ende wäre es das Richtige gewesen, rum
341 1655 1669 1718 kaum einem Geschehnis scharfe Umrisse gestattet. Schnitzler spielt
1664 1686 3364 1752 Herrn Pledath mit Herrn Marlitz tauschen zu lassen, der jetzt für erst ge
341 1703 1673 1773 hier ungefähr dieselbe träumerische Melodie, die Hugo von Hofmanns¬
1663 1743 3374 1806 den Doktor Reumann, einen Bewunderer Johannas, vielleicht etwas selbst „die mensch
332 1739 1668 1805 thal in seinem kleinen Jugend=Meisterwerk den Tod geigen läßt. Es
1658 1794 2979 1855 zu alt erschien. Eine wahre Erfrischung bringt in die dauernde
2964 1799 3374 1872 Schnitzlers“ (Richa#
343 1790 1664 1845 ist eine danse macahre. Die „Handlung“ besteht ja nur in dem
1668 1836 2981 1895 Dunkelstimmung das erste Auftreten der Wiener Schauspielerin —
342 1839 1667 1894 Lebensende dreier Menschen (Frau Wegrat, Johanna, von Sala).
1662 1879 2987 1944 zumal wenn sie von Jutta Versen gemimt wird. Sie legte
342 1871 1667 1936 Alles Uebrige ist Stimmung, Seelenmalerei, Komödie der Worte.
1657 1918 2977 1985 Wert darauf, nicht bloß eine beliebige Irene zu (pielen, sondern dis¬
346 1925 1674 1984 Weit mehr Dichtung als Drama! Vielleicht wäre Schnitzler dem
1664 1965 2988 2024 kret auch die einstige Königin der Kulisse anzudeuten, deren erstes
343 1972 1668 2032 Stoff eher in einem Roman als in einem Bühnenwerk gerecht gewor¬
1664 2017 2988 2082 Bild den Ruhm eines jungen Malers begründete. Jutta Versen ver¬
344 2019 1665 2071 den. Auch zeigt sich zwischen dem dritten und vierten Akt ein leichter
3225 2035 3339 2114 Gast
1657 2064 2981 2119 zapfte die kleinen Bosheiten mit unnachahmlicher Grazie, war ent¬
335 2065 1664 2113 Bruch: die ersten Akte gehören Fichtner und seinem Sohn, die letzten
3041 2093 3261 2164 In dem
1660 2102 2980 2163 zückend in den an sich schwierigen Uebergängen von einem Thema zum
327 2091 1670 2185 Johanna und Sala. Aber jenseits aller Kritik, werden Werke wie
2964 2125 3245 2204 eine Wiederh
1664 2153 2978 2212 andern und entwickelte so viel Charme und Natürlichkeit, daß man
334 2144 1667 2197 „Der einsame Weg“ und „Das weite Land“ stehen bleiben als un¬
2964 2176 3244 2237 Korell als
1665 2193 2978 2256 darüber die Bretter mit ihrer engen Begrenzung vergaß. Herrn
347 2195 1661 2247 übertrefflich feinfühlige Spiegelbilder ihrer Zeit. Nie ist die abster¬
2961 2226 3242 2284 ständiges Mis
1658 2225 2975 2284 Magnus' Felix war uns auf die Dauer zu weichlich. Kreuz¬
339 2236 1667 2307 bende, vielleicht schon abgestorbene Wiener Gesellschaft, die der Do¬
2961 2261 3271 2322 Danziger Stad
1656 2282 2973 2334 himmelschockschwerenot — Felix bleiht doch immer Ulanenleutnant
333 2274 1665 2336 naustadt schon in Großvaters Zeiten den Beinamen eines Capua der
2968 2309 3330 2364 Sonntagnachmittag
1656 2328 2973 2376 (dessen unterschlagene Uniform vielleicht belebend auf ihn eingewirkt
345 2327 1662 2395 Geister eintrug, eindringlicher und echter geschildert worden als hier.
2968 2337 3226 2405 verdient gem
1664 2372 2966 2435 hätte) und überdies Vertreter der kommenden Generation, von der
423 2349 1674 2424 Bei der dramatischen Schwäche und ausgesprochenen Geistigkeit
2966 2374 3173 2441 die volle
1655 2413 2976 2472 man die Besserung aller Dinge erhofft. Die merkwürdig gemischte
345 2396 1666 2470 des Schauspiels wird seine Aufführung heute nur dann recht lohnend
2972 2418 3172 2477 mit dem
1650 2453 2975 2513 Johanna, dieses sonderbare Geschöpf mit Seelenwanderungsglauben
343 2458 1656 2510 sein, wenn man es ganz einwandfrei besetzen kann. Nach meinem
2970 2466 3188 2525 entspricht,
1667 2505 2973 2564 und zweitem Gesicht, dessen Freitod wie ein großes Fragezeichen am
2972 2506 3212 2558 hat seinen L
347 2498 1665 2560 Dafürhalten ist das bei dem jetzigen Ensemble nicht gut möglich. Es
2975 2543 3227 2613 sich zurechtge
1659 2543 2980 2596 Schluß wirkt, ist doch zu literarisch ausgeklügelt, als daß ihr Vikto¬
341 2544 1673 2612 ist zu viel norddeutsches und anderes Blut darin, als daß die urtüm¬
2966 2588 3280 2649 lich nichts schull
1655 2585 2986 2651 ria Strauß zu wirklichem Leben hätte verhelfen können. Prächtig
343 2586 1675 2660 lich=eigene Sphäre des Wienertums genau getroffen werden könnte. —
2974 2603 3362 2704 gern. Aber schon d
1655 2628 2969 2694 hielt sich Egger=Sell — mochte auch dies nur eine Notbesetzung
344 2633 1666 2700 ganz davon abgesehen, daß die vielen „älteren Leute“ des Personen¬
2963 2655 3355 2724 dem Charakter des
1798 2684 2968 2732 als Wegrat, und Frau Tergast=Grawz repräsentierte
1651 2680 1771 2736 sein
346 2666 1656 2742 zettels nur mit Hilse von Schminke und Puder aufzutreiben sind.
2963 2694 3365 2761 Sängers nicht recht
1663 2710 2316 2792 würdig die todgeweihte Gattin.
348 2732 1665 2785 Der immer sympathische Ernst Hetting ist nicht gerade eine
2967 2748 3359 2807 jugendliche Feuerko
1723 2752 2977 2819 Spielleiter Fritz Richard Werkhäuser wurde am Schluß
337 2760 1673 2837 überragende schauspielerische Individualität; aber als Oesterreicher
2969 2777 3334 2841 als Darsteller zu
1653 2806 2974 2876 von einer Gruppe junger Theaterfreunde begeistert herausgejubelt,
336 2817 1657 2878 hatte er hier vor den anderen einen so entschiedenen Vorsprung, daß
2965 2817 3356 2876 und darunter erlitt
1656 2859 2973 2918 und es war wirklich der Aufführung anzumerken, daß ihr vom Re¬
351 2865 1660 2920 er, nicht nur durch Art und Umfang der Rolle, Mittelpunkt des
2967 2856 3347 2922 Akt bei dem Haupt
1661 2902 2971 2968 gisseur viel Mühe, Fleiß, Liebe und höherer Schliff zugewendet wor¬
2970 2898 3365 2965 fahrt, wuchs Korell
348 2903 1655 2966 Spiels wurde und die Situation in gewissem Sinne beherrschte.
2969 2942 3357 3010 den großen Zug, d
1649 2938 2966 3006 den war. Nur hätten ein paar kräftigere Akzente und vor allem
344 2936 1665 3007 Sein Stephan v. Sala war landschaftlich abgetönte, auf Taille gear¬
2967 2982 3300 3053 Seelengemälde,
1656 2970 2972 3056 lauteres Sprechen nichts geschadet. Daß dieses herbstliche Moll¬
349 2978 1652 3065 heitete Ritterlichkeit, die noch auf weltmännische Art vom Leben Ab¬
2963 3019 3354 3090 den früheren Akten
1654 3039 2971 3096 Konzert nicht mit Pauken und Trompeten und noch im zartesten
352 3036 1665 3107 chied nimmt, Monokol im Auge, Glacés und Zylinder in der Hand,
2960 3059 3358 3126 war. Das Publiku
1661 3070 2963 3138 Geigensolo con sordino gespielt werde, muß, ist selbstverständlich.
357 3085 1663 3145 mit einer halbironischen Verneigung gegen die Zurückbleibenden.
2961 3095 3363 3165 weiteren Vorstellun
1659 3126 2968 3175 Andererseits bleibt es bei jedem Theaterabend doch immer die Haupt¬
353 3123 1667 3192 Verner Pledath ließ es als Fichtner weder an Geist noch an
2963 3141 3358 3199 stungen der Damen
1655 3167 2969 3230 sache, daß dem Besucher zunächst einmal die Substanz des Textes
352 3164 1666 3238 haltung fehlen und machte schließlich auch den älteren Mann glaub¬
2961 3169 3348 3244 Herren Preißle
1663 3210 2973 3277 zugeführt wird, der lautliche Inhalt, aus dem sich dann erst der
356 3212 1666 3283 aft, weniger nach meinem Gefühl das künstlerische Genie oder gar
2957 3219 3359 3287 Pilgerchor im ersten
1647 3260 2983 3312 geistige und künstlerische ergibt. Man beliebte aber vielfach einen
2963 3260 3369 3320 weise auf das weni
365 3261 1668 3322 en Süddeutschen. Etwas Stahlhartes, Klares und Frisches in sei¬
376 3316 3364 3377 am Wesen widerspricht einigermaßen der Vorstellung, die man sich Kammerton, der wirklich nur im stillen Kämmerlein zweckmäßig ist. tritts zurückzuführen
