3484 4320
305 266 1925 366 18. Der einsane Neg box 23/2
758 712 1178 813 Telephon 12801.
421 801 1546 898 Alex. Weigls Unternehmen für Zeitungs-Ausschnitto
588 864 1366 991 „OBSERVER“
391 980 1530 1088 L österr. behördl. konz. Bureau für Zeitungsberichte u. Personalnachrichten
588 1045 1365 1145 Wien, I., Concordiaplatz 4
812 1125 1120 1188 Vertretungen
401 1157 1528 1268 in Berlin, Budapest, Chicago, Genf, London, New-York,
397 1218 1521 1304 Paris, Rom, Mailand, Stockholm, Christiania, St. Petersburg
673 1265 1253 1339 (Quellenangabe ohne Gewähr.)
383 1329 863 1440 Ausschnitt aus
860 1346 1589 1465 ünchner Neueste Nachrichten
399 1453 707 1519 vom: %
492 1590 1430 1661 h. Frankfurter Stadttheater. Man schreibt uns
454 1637 1430 1690 unterm 18. September: Artur Schnitzler, hat mit seinem
454 1680 1428 1743 fünfaktigen Schauspiel Der einsame Weg“ gestern
450 1721 1419 1772 nicht gut abgeschnitten. Der Beifall war gering und nicht
446 1755 1430 1825 einmal unbestritten. So interessant an sich der Vorwurf
451 1790 1415 1855 des Stückes ist — es gemahnt an Fuldas „Zeche“ — so
456 1832 1415 1900 undramatisch ist die Durchführung. In novellistischer
451 1878 1427 1940 Breite schleppt sich die Handlung durch fünf lange Alte,
444 1901 1427 1976 meist in Zweigesprächen die wohl Geist, aber wenig
446 1954 1426 2012 dramatische Wirkung offenbaren. Unsere Aufführung
451 1983 1426 2048 war gut, wennigleich etwas weniger Streben nach in¬
456 2021 1424 2085 timen Wirkungen, der Deutlichkeit sehr zustatten käme. —
455 2063 1436 2147 Am gleichen Abend soll dagegen in unserm Opernhause
449 2089 1422 2151 die erste Aufführung der Helmersbergerschen Operette:
460 2149 1410 2203 „Das Veilchenwädel“ viel Glück gehabt haben; dar¬
455 2190 1423 2266 über wird nach einer Wiederholung noch Einiges zu sagen
442 2222 561 2292 sein.
629 2507 1451 2604 Dr. Max Goldschmidt
808 2599 1202 2688 . Bureau für
762 2677 1304 2771 Zeitungsausschnitte
1033 2751 1494 2837 Telephor: III. 3057.
543 2763 945 2839 Berlin N. 24.
787 2875 1275 2975 Ausschnitt aus
1269 3074 1353 3190 5
542 3091 1272 3220 Bertiner Neueste Nacaten
927 3312 1243 3403 23. 9. 04
441 3403 1183 3519 unklarter Te####
427 3494 1483 3583 „m Schauspielhaus gab man Artbur Schnitzlers „C
355 3539 1619 3631 Mamen Weg“ mit mäßigem und kemenem
366 3613 1619 3667 Erfolg — trotz der feinsinnig vorbereiteten, schön aogerundeten,
369 3643 1617 3711 stimmungsvollen und in den sämtlichen Einzelrollen wohlgelun¬
379 3675 1617 3741 genen Wiedergabe. Es mag wohl gerade die schwere, wie ein
367 3706 1619 3781 Alp auf den Gemütern lastende Luft dieses undramatischen
379 3761 1611 3812 Dramas, die völlige Lebensverneinung und fast jeglichen ge¬
383 3799 1609 3854 sunden Humors entbehrende Lebensironie sein, die sich den Zu¬
380 3839 1614 3899 schauern mitteilt und sie im Banne hält, so sehr auch das Thema
375 3876 1615 3926 und seine geistvolle Behandlung im ganzen und einzelnen zu in¬
363 3916 1612 3974 teressieren vermögen. In erster Linie sind die Damen Pollner
380 3958 1614 4002 (Jokanna Wegrath) und Lange (Irene Herms) zu nennen.
366 3994 1614 4043 Ebenbürtig trat dazu Herr Bolz in der Rolle des müden, skepti¬
659 4029 1613 4086 Einen wirksamen Gegensatz bot Herr Kirch als
372 4043 664 4093 schen Sala.
360 4078 1609 4123 naiver Egoist Julian Fichtrot. Freilich vermochte alle hingebende
361 4108 1622 4156 Kunst der Darsteller dem Stück das nicht zu geben, was ihm fehlt,
1297 4144 1599 4216 Dr. J. G. S.
368 4156 979 4214 die Seele dramatischen Lebens.
2391 1652 2819 1750 Telephon 12801.
2026 1729 3156 1836 Alex. Weigis Unternehmen für Zeitungs-Ausschnitte
2221 1812 2974 1942 „OBSERVER“
2042 1934 3159 2027 tösterr. behördl. konz. Bureau für Zeitungsberichte u. Personalnachrichten
2221 1998 2990 2092 Wien, I., Concordiaplatz 4.
2441 2070 2759 2134 Vertretungen
2037 2097 3150 2178 in Berlin, Budapest, Chicago, Genf, London, New-Tork,
2029 2173 3151 2232 Paris, Rom, Mailand, Stockholm, Christiania, St. Petersburg.
2309 2205 2878 2291 (Quellenangabe ohne Gewähr.)
2020 2286 2533 2390 Ausschnitt aus:
2037 2370 3180 2482 vom: 22 22 Der, Humorist, Wien
2529 2431 2647 2489 #0
1880 2446 2940 2542 hammer als hilfiorr
1997 2518 3256 2584 A. Schnitzlers neues Schauspiel „Der einsame Weg“ fand bei
1896 2562 3247 2624 seiner frankfarrer Ekstaufführung eine geteilte Aufnahme. Das Stück,
1974 2619 3253 2681 — es muß Farbe bekannt werden — höllisch langweilig; ein
1899 2661 3240 2729 weitaus gesponnenes Feuilleton, ohne jeglichen dramatischen Auf¬
1907 2712 3258 2792 schwung, langatmig und poesielos, dabei nicht einmal neu, geschweige
1892 2763 3254 2833 denn interessant in der Handlung. Zwei ruchlose Lebemänner, ewig
1892 2819 3203 2875 lange Erinnerungsphantasien und gut erfaßte Herbststimmungen —
1900 2855 3243 2905 das sind die Ingredienzien zu dem neuen Drama, das dem Ver¬
1890 2905 3253 2959 fasser der „Liebelei“ kein frisches Lorbeerblatt in den durch das
1892 2945 3255 3010 letztgenannte Werk noch immer blühenden Kranz zu flechten
1891 3007 3256 3070 vermag. Gespielt wurde, soweit die Künstler im Publikum überhaupt
1895 3063 3262 3114 zu verstehen waren — man ritt wieder einmal auf dem so beliebten
1898 3112 3266 3165 Flüstersieckenpferd, um ja nur naturalistisch zu wirken — recht
1890 3153 3250 3227 gut. Besonders Bolz, Fricke und Pfeil, sowie die Damen Hed¬
1882 3198 2890 3263 wig Lange und Pollner zeichneten sich aus.
2959 3206 3255 3264 Sans Géne.
