3532 4384
1444 342 1899 439 box 23/5
1100 362 1177 428 W
834 367 979 433 183
278 371 1282 463 18. Der
1375 2735 2043 2819 De Heer A. A. SCHOEVERS.
1032 2811 2424 2913 Sedert ! Maart 1920 is in Den Haag een model-Instituut „Schoevers“
984 2888 2437 2952 gevestigd. Deze inrichting staat onder persoonlijke leiding van den
984 2944 2448 3007 Heer A. A. Schoevers, Directeur-eigenaar van de gelijknamige instelling
985 3003 2446 3068 te Amsterdam en mag zich in een druk bezoek verheugen. Niet alleen
980 3037 2443 3123 jongelui, doch ook volwassenen, Indische verlofgangers en andere
979 3090 2448 3174 categorieèn van personen kunnen thans in een passend milieu door
981 3152 2446 3211 middel van privé-lessen of in besloten clubs het onderricht volgen in:
984 3207 2443 3275 Stenografie „Groote“, Machineschrijven, Fransch, Duitsch, Engelsch,
986 3273 2438 3338 Handelscorrespondentie, Boekhouden en Handschriftverbetering.
990 3310 2441 3390 ledere maand vangen nieuwe cursussen aan; de opleiding geschiedt
993 3367 2451 3447 zoowel voor de practijk als voor de examens. Nadere inlichtingen
991 3433 2454 3506 staan vermeld in het geillustreerde prospectus, dat op aanvrage franco
995 3493 1429 3569 wordt toegezonden.
1027 3542 2460 3625 Instituut „Schoevers“, Stadhoudersplein 3, Tel. S. 2594. Spreekuren:
993 3622 2468 3682 10—12, 2—4, 7—9. Zaterdags 10—12 gelegenheid tot bezichtiging
989 3663 1397 3746 van het Instituut.
2726 2739 2816 2828 V
2704 3179 2902 3321 21
3109 1633 3363 1713 An
2914 3567 3404 3680 AVONDT
