3392 4256
800 272 1084 330 nsame
304 272 1296 361 18. Der es
1178 1368 1291 1449 X7
1450 262 1906 343 box 23/5
1354 1349 1921 1432 EN C
1960 1447 2740 1636 4#. Rack 4e
1668 1695 1866 1757 —
1421 1744 1958 1822 AUGVMNASE
1243 1847 2150 1971 Le Chemin Solitaire
1374 1948 2043 2041 Quatre aches de Schyitzler
1441 2024 1951 2088 (Troupe allemande)
1612 2079 1641 2113 —
1283 2091 2154 2161 Dans cette ceuvre, le célebre dramaturge
1248 2151 2139 2209 autrichien a voulu, je pense, nous prouver
1248 2204 2134 2248 qu’au sein mème de la famille et de l’a¬
1251 2231 2134 2287 mitié chacun de nous se trouve, en quel¬
1253 2269 2133 2320 que sorte, isolé, étranger aux autres; suit
1262 2306 2136 2367 son chemin solitaire (un chemin semé de
1252 2350 2132 2407 ronces et d’épines). Malheureusement, cette
1362 2392 2130 2439 au demeurant assez juste en son pes¬
1385 2419 2139 2476 ne, Schnitzler la développe, la dé¬
1389 2451 2133 2512 e à l’aide d’épisodes un peu inco¬
1399 2506 2136 2553 s, et qui n’ont guère de lien, ne se
1408 2525 2136 2585 ordent " que bien imparfaitement!
1420 2583 2131 2630 s conte ici l’histoire d’une famille,
1422 2620 2149 2665 Ie Wegrath, dont les membres sont
1426 2650 2149 2715 sprouvés. En effet, au lendemain
1435 2687 2142 2753 ort de sa femme, M. Wegrath (de
1406 2730 2143 2788 mie des beaux-arts, s. v. p.)se
1363 2779 2139 2822 che de sa fille, de son fils Félix, dont
1262 2805 2148 2863 le vrai père est un ami de la maison. Cela,
1248 2844 2149 2916 le jeune homme l’apprend, et, bien loin
1260 2897 2139 2940 d’écouter la voix du sang, il se rapproche
1256 2922 2147 2986 de son père putatif. Pendant ce temps, la
1238 2962 2149 3011 sceur dudit Félix, séduite par un autre
1253 2999 2143 3063 u ami de la famille n (les Wegraths’en¬
1389 3035 2150 3095 t bien mal), se tue. Tout cela, vous
1403 3077 2021 3144 ez, ne brille point par la cohèr
1417 3116 2016 3182 ne découvre qu’avec peine le
1429 3158 2014 3208 éral o de l’ouvrage. Lorsque
1410 3196 2028 3250 drons, l’an prochain, à l’Odé%
1390 3234 2036 3288 it en français par M. Lenormä
1266 3274 2046 3340 peut-être l’apprécierons-nous davant
1263 3320 1506 3371 Attendons.
1301 3323 2136 3413 Au Gymnase, les principaux interpretes:
1267 3386 2140 3436 M. et Mme Bassermann, MM. Gbetz,
1262 3422 2145 3488 Schoff, Stoeckel et Loos jouent avecsäuto¬
1267 3459 2146 3517 rité, avec une simplicité émouvantest Mise
1267 3500 2114 3577 en scène honnéte, sans plus! — E. S.
