3436 4256
1393 264 1861 344 box 23/3
1045 272 1126 333 W
224 274 1343 374 18. Der einsane Neg
2227 1379 3223 1448 von Brentano=Offenbach. Oo dieser aufgestent
2200 1433 3215 1497 swird, dürfte in den nächsten Tagen bekannt werden.
291 1569 3217 1628 lerfüllt waren. Ibsen ist eben nicht allein Stim= Kind und Geliebte! Klingt es nicht alles wie Be=] stimmung heraus bittet er sie, seine Frau zu werden.
312 1550 3227 1662 mungsmaler und psychologischer Feinbildner, son=ruhigung und Zuspruch? Es sind Namen wie Hände, Kurz zuvor hat Johanne jedoch erfahren, daß Sala
2239 1589 3224 1669 binnen kurzem seinem Herzleiden erliegen werde,
311 1621 2252 1708 dern dazu auch der Dramatiker, der mit energischer die sich einem zutraulich auf die Schulter legen, um
2242 1631 3215 1696 und in einer krankhaften Begierde nach Schmerz
2241 1672 3218 1729 sucht sie den Tod in dem Weiher bei Salas Land¬
325 1657 2251 1750 Faust das Schiff der Geschehnisse dem großen die Scheu vor dem fremden Gesichte zu beschwichtigen.
316 1684 2254 1777 bühnenmäßigen Gesamteindruck zuzusteuern versteht. Nur weil sich die Menschen vergessen und des Ge¬
2244 1706 3229 1777 haus, während er, Sala, sich erschießt — nicht aus
1279 1728 2260 1823 sichts gegenü er nicht innewerden, können sie zu
2252 1748 3221 1815 Kummer über ihren Tod, sondern weil ihm das
318 1762 1295 1827 Bei ihm tragen stets sämtliche Personen, architek¬
1286 1776 2252 1848 anderen sprechen, wie zu sich selbst. Sonft gäbe es
2242 1783 3234 1860 Warten auf den Sensenmann zu peinlich wäre.
315 1800 1300 1870 tonisch verteilt, die Handlung, jede von der Grund¬
1295 1812 2260 1879 noch mehr der Schweigsamen. ... Es sind Sätze, die
2245 1823 3238 1888 Irene vergräbt sich in einem behaglichen ländlichen
320 1833 1294 1912 sidee des Stückes durch die Eigentümlichkeit ihres
1286 1853 2252 1917 Stephan von Sala zu den vielen geistreichen Apergus,
2257 1866 3231 1935 Asyl, des Intrigierens und Kämpfens am Theater
143 1871 1304 1951 nuar. Charatters hindurch bestrahlt. Die dadurch herbei¬
1294 1887 2259 1959 womit er aufwartet, als Definition des einsamen
2249 1911 3233 1967 müde, Wegrath und Felix aber finden sich, nachdem
154 1912 1294 1981 in einem geführte geschlossene Einheitlichkeit fehlt dem Werke
1291 1924 2273 1999 Wegs aussprechen könnte. Er hat zeitlebens nur
2250 1943 3239 2009 sie sich bisher fremd gewesen, und werden sich Heimat.
147 1942 1304 2023 en und Schnitzlers. Hier werden die beiden Ereignis¬
1286 1958 2270 2047 fremde Gesichter gesehen und sehen wollen, seine
1285 1995 3230 2090 Seele nie das Bedürfnis zu vertraulicher Aussprache Es ist die junge Generation, die Stephan von Sala
140 1997 1297 2054 on Haus stränge, die Enthüllung des Famzliengeheimnisses, daß
158 2026 1304 2088 wie der der Leutnant Felix Wegrath zu dem Akademie¬
1293 2058 3227 2122 gefühlt. Beinahe brüsk weist er die Vermutung ab, in Felix sieht: mit mehr Haltung und weniger Geist!
3175 2054 3234 2111 9
157 2070 1315 2142 auf das direktor Wegrath zu Unrecht Vater sagt, durch den
1290 2063 3082 2172 ser könne je Freunde gehabt haben, und ebensowenig Und so schließt das Stück bei aller Trostlosigkeit
2251 2107 3056 2166 Ausganges doch mit einem tröstlichen Ausb
182 2112 1305 2172 Arthurwirklichen Vater, den Maler Julian Fichtner, und
1292 2125 2273 2191 als er sich einst Frau und Kind voll hat hingeben
2258 2143 3040 2213 ja auch Stephan von Sala, der eisige Spöt
146 2142 1315 2215 kin feinersdie mit dem Tod beider Beteiligten endigende
1297 2164 2262 2232 können, vermag er sich jetzt an Jehanne Wegrath wirklich
190 2182 1305 2248 gesam=Liebesaffäre zvischen dem geistreichen Räsonneur,
178 2226 3058 2290 Leipzig) legoistischen Lebenskünstler und Todeskandidat seelisch zu erwärmen. Ein Übermensch in espritvoller alle diese einsamen Menschen nur als negat
1292 2222 3088 2311 Salonausgabe, ein raffinierter Lebensvirknose, für spiele für das Leitmotiv des Dichters ausges
2265 2245 3231 2316 hat: Lieben, das heißt für jemand anderen auf der
181 2269 1307 2333 ohne un= Stephan von Sala und der hysterischen Johanne
1306 2280 2276 2347 den Dinge und Menschen nur dazü da sind, ihm be¬
2256 2303 2498 2375 Welt sein.
176 2299 1314 2367 A bedeu= Wegrath, — diese beiden Paralleldramen werden im
1292 2311 2281 2384 hagende ästhetische Stimmungen zu schaffen. Neben
2307 2317 3238 2393 Daß der Abend trotz der Schwächen des Stückes
166 2342 1315 2413 Methode Grunde genommen lediglich durch den Umstand, daß
1292 2358 2276 2434 ihm Julian Fichtner, des gleichen Geistes Kind, nur
2266 2369 3239 2440 kein völlig verlorener war, dafür sorgten der echt
178 2380 1319 2447 ir in Be=Felix und Johanne Wegrath Geschwister sind — in¬
171 2387 2269 2501 übergängeffolge eines Zufalls, möchte man fast sagen —, in so wehleidiger, wie Stephan von Sala bemerkt. In
2263 2416 3160 2481 Schnitzlersche, aphorismenreiche Dialog, der
2258 2442 3243 2514 eigentlich richtige Langweile aufkommen ließ, und die
173 2430 2276 2527 1. Lebens=setwas wie einen losen Zusammenhang gebracht. Die schäumendem Leben genoß er die Jahre der Jugend
188 2483 2275 2569 nur der Einheitlichkeit des Stückes beruht in der Idee, ver=und Kraft Die achtzehnjährige Gabriele verführte
1300 2491 3149 2582 und verließ er, worauf sich die arme Betrogene in die Darstellung, deren allgemein feines Verständuis
1300 2535 3110 2615 Ehe mit dem biederen Wegrathgrettete. Die Schau= die Schönheiten des Werkes ich schon erwähnt
162 2541 1315 2609 rgeschichteschiedene Menschen auf ihren einsamen Wegen zu
173 2577 1318 2647 at sich inhzeigen. Die Art, wie sie der Dichter anwendet, wirkt
1304 2566 3107 2661 spielerin Irene Herms, mit deren Darstellung er Herrn Ottberts Julian Fichtner war fre
158 2619 1311 2685 halytischejjedoch dramatisch gewaltsam, und indem er auf eine
1302 2612 3117 2703 sein berühmtestes Bild malte und die an ihm hing jeder theaterhaften Romantik, zu welcher diese
166 2663 1315 2720 bar feinerzielbewußte Konzentration der Handlung verzichtet,
1304 2637 3130 2733 mit der Treue eines Hundes, wies er von der Türe. nur allzu leicht verführen mag.— der Weltmam
2261 2679 3200 2753 der stürmischen Vergangenheit, den der sympathisch
163 2699 1313 2762 Seele, die schwächt er die Möglichteit, Interesse an den Per¬
1294 2697 2279 2800 Aber nun naht das Alter, und der große Katzen¬
2271 2726 3233 2792 treffsichere Künstler auf die Beine stellte, die Art
333 2747 706 2815 sonen zu wecken.
158 2749 357 2803 Seele, die
1311 2732 2269 2818 rammer überkommt ihn. Er sieht mit einem Male
2270 2750 3247 2830 und Weise, wie er den Spuk des „age ingrat“, die
396 2760 1319 2841 Es ist schon geraume Zeit her, daß ich einmal im
165 2782 353 2858 pllen Zise¬
1311 2780 2277 2858 nur fremde Gesichter um sich, die Sehnsucht nach dem
2266 2785 3270 2874 sentimentale Resignation des alternden Junggesellen,
345 2806 1333 2890 Feuilleton irgend einer deutschen Tageszeitung eine
179 2833 361 2885 gen, zum
1310 2824 2286 2895 natürlichen Sohne packt ihn, in dem er vertrautes
2272 2843 3258 2909 den Schmerz des Künstlers über das Unerreichte zur
166 2843 1323 2919 sche Fein= Betrachtung über „Das fremde Gesicht“ las. Aber
2279 2884 3252 2945 Anschauung brachte — alles das war von überzeugen¬
168 2862 2282 2956 weit über vergessen habe ich sie nicht, dafür barg sie zu viel un=Gesicht vermutet, er will ihn für sich gewinnen. Aber
2280 2917 3250 2986 der, einfacher Lebenswahrheit, menschlich, allzu
171 2902 2281 3021 lbsenschem heimliche Wahrheit in sich, eine Wahrheit, die ich nie der Sohn ist dankbar und wählt denjenigen, dem er
1319 2938 2284 3014 mehr als das bloße Dasein verdankt. Nun, da Felix
2276 2947 3258 3023 menschlich (was jedoch das Gegenteil eines Tadels
202 2964 1316 3032 stellenizuvor aussprechen gehört. Es steht ein leises Grauen
1321 2976 2298 3048 weiß, daß Fichtner sein Vater ist, erscheint er ihm
165 3011 1322 3075 beitet sind zwischen Mensch und Meyschen, so hieß es da unge¬
187 2995 3264 3113 zute Auf=ffähr. Nur von denen weicht es, die sich Heimat ge=fremd; Fichtner zieht in die Einsamkeit des alten sein soll). Herrn Stoeckels Stephan von Sala;
2273 3026 3270 3102 gab sich sehr wirkungsvoll als der Aristokrat von
1314 3055 2302 3128 Junggesellen. Auch Gabriele blickte in fremde Ge¬
1312 3062 3258 3171 sichter: ihre Ehe mit Wegrath baute sich auf einer vornehm unauffälliger Eleganz, als der Lebemann auf
179 3085 1332 3152 Schnitzler worden sind. Aber das dauert lange; sie stellt sich
1308 3159 3258 3196 Lüge auf, und sie nimmt diese Lüge mit ins Grab, der Höhe der Welterfahrung, der das Leben ge¬
171 3120 1332 3198 ieben ist.] noch nicht mit dem echten Kusse ein. Die Meisten
1318 3157 3263 3255 zu zahlen für die Schuld ist ihr nicht vergönnt. Diewissermaßen auf Eis gekühlt genießt wie Sekt und
174 3161 1328 3236 eigentlich behalten für uns das fremde Gesicht. Nicht die
167 3202 1324 3274 n unserem Fremdheit des Neuen und Fernen meine ich; was
163 3223 3264 3309 ung und mehr grauen macht, ist die Fremdheit des nächsten Tochter Johanne, einsam und unbefriedigt, wirft Kaviar. Eine vorzügliche Leistung. Als Johanne
168 3242 3265 3354 ses WerkesNachbars. Nachhar und Freund und Mutter und sich Sala an den Hals. Aus einer Augenblics=sah Frl. Ritter sehr interessant aus, und darüber
