3436 4352
1353 213 1825 331 box 23/2
204 258 1343 350 18. Der einsane Meg
121 847 922 1035 Dr. Max Goldschmidt
273 1018 704 1106 e Bureau für
725 1031 787 1101 0
777 1045 837 1110 0
219 1084 784 1187 Zeitungsausschnitte
112 1180 975 1255 lin N. 24. Telephon: III, 3051.
253 1290 734 1385 Ausschnitt aus
301 1504 845 1648 Frankfurter Zeituang
394 1719 693 1820 18 9. 04
1041 1835 3232 1917 besser aus Einfällen und Stimmungen her= legentlich Visionen haben, in ferne Vergangenheiten zurück¬
2135 1886 3253 1960 und in die Zukunft hineinschauen. Auch das Symbolische
1044 1895 2135 1955 aus, wird in diesem Stück sehr viel gesagt und
139 1792 963 1985 ktleines Feuilleton.
2139 1933 3215 1975 findet sich vor. Aber was bei dem nordischen Meister künst¬
1039 1930 2133 1988 getan. Und deshalb ist „Der einsame Weg“ so ganz und
2126 1971 3220 2031 lerische Absicht ist, sodaß immer die Beziehung zum Ganzen
1050 1973 2129 2024 gar undramatisch. Er ist eine von zarter Künstlerhand
2136 2014 3212 2068 erkennbar wird und Glied um Glied sich zur ehernen Kette
1054 2016 2136 2064 dialogisierte Novelle, aber kein Drama. Wer auf die
484 2021 1021 2106 Frankfurt, 17. September.
2127 2047 3197 2092 zusammenschließt, das wird bei Schnitzler ein Spielen mi
1051 2055 2130 2107 Bühne blickt, um zu sehen, wie sich ein Geschick erfüllt, der
2123 2087 3202 2145 Einfällen, die an sich sehr poctisch sind, die aber den Stof
131 2072 1035 2149 Frankfurter Schauspielhaus.] Von dem Schau¬
1042 2088 2137 2150 will wissen, mit wem er es zu tun hat. Aber die Personen
2127 2108 3225 2198 1 belasten, statt ihn zu stutzen. Auch die vorzüglichste Auf
1045 2125 2139 2188 in Schnitzlers Schauspiel sind von der Bühne herab nicht zu
123 2124 1047 2188 er einsame Weg“ von Axthur Schnitzler,
2134 2165 3228 2213 führung wird es nicht vermögen, hier dem Dichter erfolgs
1045 2169 2136 2221 erkennen. Sie schreiten durch einen Nebel. „Schleier glei¬
137 2172 1035 2234 e zum erstenmal hier gegeben wurde, ##
2139 2198 3233 2267 reich zu Hilfe zu kommen; sie kann schärfer umgrenzen,#
1044 2206 2135 2260 ten über alles,“ heißt es einmal, und wirklich: es hängen
135 2211 1048 2268 iederholt die Rede gewesen. Man weiß, daß in
2135 2243 3232 2307 allzu Gedämpftes betonen, Längen durch geschickte Gliede¬
1043 2254 2131 2305 überall Schleier herunter. Fast jeder Auftritt zeigt uns ge¬
139 2249 1042 2296 zwei Handlungen das Interesse beanspruchen. Zu¬
2140 2277 3234 2349 rung überwinden, aber es ist ihr unmöglich, das Bezieh¬
129 2289 1042 2346 twickelt sich die eine: die jetzige Frau des Akademie¬
1040 2279 2146 2345 bildete Leute in einer geistreichen Konversation, in der
2922 2316 3230 2375 zu machen.
2138 2326 2931 2379 ungslose für die Wirkung bedeutend
1052 2315 2143 2384 Paradoxe und Antithesen hinüber und herüber fliegen.
134 2328 1050 2391 Wegrath hat sich als junges Mädchen, kurz vor
2133 2361 3221 2419 Auch die heutige Wiedergabe im Frankfurter Schauspiel¬
130 2358 1049 2421 keit, einem Maler den sie liebte, hingegeben. Die
1042 2357 2140 2423 Diese Menschen sprechen sehr klug über dies und das
2143 2401 3228 2455 haus wurde der Schwächen des Stücks niht Herr. Sie bekun¬
1538 2405 2146 2467 melancholischer Wahrheit: daß
123 2408 1044 2447 ollten zusammen fliehen, der Künstler aber sagte
1044 2406 1545 2465 und prägen Worte voll
2141 2437 3229 2491 dete in jeder Richtung die sorgfältige Vorbereitung, die ihr
131 2448 1047 2499 wölfter Stunde, daß er der Freiheit mehr als der
1045 2445 2148 2493 wir von einander nichts wissen, daß jeder anständige
2134 2473 3226 2529 Herr Quincke hatte zuteil werden lassen; die verschwei¬
1050 2474 2144 2537 Mensch in seinen besten freien Stunden an den Tod
137 2487 1046 2538 dürfe, und entfloh allein. Dreiundzwanzig Jahre
2140 2516 3225 2579 genden wie die offeneren Partien kamen gut heraus, es
133 2521 1049 2578 Frau Wegrath, die wir nur als Leidende kennen¬
1054 2516 2136 2571 denkt, daß es kein sichereres Mittel gebe, zwei Men¬
2136 2546 3234 2607 wurden Stimmungen geweckt und festgehalten und manches
123 2561 1047 2621 tirbt. Der Maler, dem es nach mancherlei Fahr¬
1049 2556 2134 2627 schen von einander abzurücken, als dieses: sie durch
2143 2601 3237 2655 klug angedeutet, was der Dichter allzutief ins Wort versenkt.
130 2597 1054 2662 einem durchstürmten Leben einsam um den Weg
1055 2592 2144 2651 eine Pflicht zu binden, daß eine Lüge, die den Frieden
2149 2633 3240 2690 hatte, aber volles Leben konnte sie nicht schaffen. Von den
1063 2635 2146 2686 eines Hauses erhält, verehrungswerter sei als eine Wahr¬
139 2643 1060 2692 chte Felix, seinen Sohn, reklamieren. In einer
2994 2668 3230 2725 (Sala) zu
2139 2669 2998 2720 Mitwirkenven ist in erster Linie Herr Bolz
144 2680 380 2738 visionären
393 2683 1060 2743 Szene zwischen dem Maler
1055 2670 2138 2731 heit, die ihn zerschlägt, daß alle Dinge der Welt gleich
2144 2709 3239 2772 nennen, der sich wieder einmal als vortrefflicher. Sprecher
929 2715 1060 2766 eine
764 2712 940 2774 Mann
1052 2717 2140 2769 wichtig und gleich unwichtig sind, und weiter: wie gut es
138 2715 776 2787 felix durchzuckt den iungen
2138 2749 3241 2808 bewährte und dem alten Skeptiker fesselnden Reiz lieh, in¬
304 2765 435 2807 er
1067 2746 2141 2804 ist, daß wir uns nicht kennen und daß wir auch in den
171 2759 291 2812 daß
417 2761 1055 2803 seinem Vater gegenübersteht.
2141 2782 3232 2845 dem er die kühlen Aphorismen mit einiger Wärme versetzte.
125 2779 1049 2857 endbildnis von Frau Wegrath, das der Maler be¬
1061 2790 2138 2848 Freunden nur flüchtige Tischgäste zu sehen haben und am
2150 2827 3242 2880 Weniger wollte uns die Maske des Künstlers zusagen, weil
1067 2828 2141 2884 letzten Ende alle ins Leere greifen. Aber alle diese Worte,
135 2835 1051 2889 von der sie am Abend vor ihrem Tode sprach,
2146 2864 3240 2921 sie die Gebrechlichkeit des geistreichen Raisonneurs zu sehr
1052 2871 2143 2929 leicht gesprochen, als ob der Augenblick sie hertrüge, stehen
129 2874 1053 2924 käußeren Anlaß zu der Unterredung. Felix versteht
2147 2902 3244 2955 betonte Herr Kirch als Julian Fichtner erschien uns zu¬
1055 2897 2138 2989 zu sehr um ihrer selbst willen da, sie beleuchten den Reden¬
134 2922 1061 2970 enswert gut, daß Fichtner seine Geliebte ihrem
2149 2938 3238 2995 nächst für einen Künstler, wie ihn Schnitzler schildert zu
1057 2951 2146 3004 den, aber sie verdunkeln ihn auch, sodaß die Konturen
139 2953 1051 2999 überließ. Vergeblich aber ist das Bemühen Ficht¬
2156 2985 3236 3036 schneidig, nicht zwanglos genug, wozu auch die etwas zu
1055 2988 2137 3051 immer unsicherer werden — das gilt vor allem für die Ge¬
132 2988 1057 3047 Sohn seinem Leben zu gewinnen. Felix, der dem
2148 3018 3233 3063 bestimmte Sprechweise beitragen mochte. Als es dann galt,
1052 3028 2144 3085 stalten von Sala und Johanna —, und je mehr die Züge
139 3042 1057 3083 bisher leidenschaftlich zugetan war, entdeckt nun,
2143 3056 3234 3120 Vergangenes aufzurufen, Erinnerungen zu beschwören und
1051 3064 2143 3130 zerfließen, desto sicherer erkennen wir, daß es dem Dichter,
131 3076 1061 3122 *Liebe doch dem Manne gehöre, der ihm zeitlebens
2151 3092 3231 3155 in dem Kampf um den Sohn wurde der Darsteller weicher,
1060 3110 2148 3173 der so viel abseits vorbringt, nicht gelingen wird, die
132 3117 1050 3165 r gewesen. Fichtner wird hinfort allein bleiben.
2153 3130 3235 3188 liebenswürdiger und erweckte Interesse und Sympathie.
135 3143 1053 3204 amkeit dehnt sich auch vor Irene Herms, einer Ge¬
1052 3142 2156 3202 Handlung vorwärts und auf einen dramatischen Höhepunkt
2148 3174 3236 3230 Den Julius gab Herr Fricke in sicheren Umrissen und mit
1058 3184 2153 3245 zu treiben. Es ist denn auch so: es wetterleuchtet bestän¬
137 3192 1053 3240 s Malers, einer echt Schnitzlerschen Wiener Figur,
2148 3213 3248 3266 eindrucksvollem Spiel, Herr Bauer zeichnete den Direktor
1055 3220 2155 3281 dig, aber es kommt nicht zum Geritter; die Katastrophe,
137 3234 1055 3271 dig, liebenswürdig, resch, in der aber jetzt der Hu¬
2147 3256 3239 3299 Wegrath und Herr Pfeil einen Arzt; beide Künstler
1066 3264 2146 3318 die den Schluß herbeiführt, ist kein Geschehen, das sich
136 3269 1054 3314 h aufziehende Bitterkeit fast verdrängt wird. Man
2154 3294 3240 3348 gaben ihren Rollen, was ihnen gehörte. Die resolute Wie¬
1061 3306 2146 3353 motivierte und nun kommen mußte, sondern ein trau¬
135 3295 1063 3364 us ihren drollig=ernsten Aeußerungen, daß sie ein
2152 3333 3241 3389 nerin mit dem guten Herzen hatte in Frl. Lange eine
1054 3340 2148 3398 riges Ereignis, und der schwere Verzicht, der dem
138 3337 1060 3402 pollt hätte, ja — sie hätte es beinahe gehabt. Eine
2150 3364 3233 3417 Vertreterin gefunden, die zwar die wienerische Note nicht
138 3379 1065 3436 k kein Kind hat, so meint sie, ist überhaupt nie eine
1061 3374 2147 3430 alternden Maler auferlegt wird, hat nur eine epische,
2157 3405 3242 3462 herausbrachte und mitunter auch den leichten Klang ver¬
137 3424 1058 3472 wesen, und obwohl sie ein tapferer Kerl ist, weiß
1066 3416 2149 3475 keine Theater=Wirkung. Neben dem Mangel an dramati¬
2151 3436 3242 3506 fehlte, die aber in den ernsten Stellen den echten großen
1065 3458 2145 3513 scher Hitze trägt die wenig straffe Technik dazu bei, daß
136 3460 1063 3522 daß ihrem Leben der Inhalt fehlt und daß sie ins
2150 3485 3241 3537 Herzenston anzuschlagen verstand. Frl. Pollner nahm
1061 3497 2153 3558 das Interesse an dem Spiel erlahmt. Das Schauspiel
138 3494 1062 3558 ht. Neben dieser Handlung läuft — nein erhebt
2148 3516 3245 3583 sich der schattenhaften und hellseherischen Johanna Wegrath
1063 3538 2148 3586 enthält zerstreuende Auftritte und andere kompositorische
134 3524 933 3587 fließt, taucht wieder auf — eine andre.
927 3544 1069 3604 Herr
2159 3560 3254 3616 mit ihrem besten Vermögen an, und das ist nicht wenig.
1066 3575 2161 3633 Fehler. Die Aufmerksamkeit, die zu Beginn des Stückes
154 3585 1064 3636 ein herzleidender Aristokrat, ein Skeptiker und
2150 3609 3247 3660 Das Visionäre und Entrückte im Wesen dieses Mädchens !
1056 3607 2151 3660 auf Sala und Johanna hingelenkt wird, wird später für
466 3621 1065 3675 mösischeliterarischer Abstammung,
2141 3628 3248 3706 brachte sie in vornehmster Weise zur Geltung. Die Rolle !
1064 3653 2153 3707 andere Gestalten, so für Irene, erregt, sie gleitet dann auf
429 3657 654 3706 Gründen.
781 3645 1064 3714 weil er ig doch
2158 3677 3249 3735 der Frau Wegrath war bei Frl. Bochs diskreter Kunst gut
513 3699 588 3745 Un
1073 3692 2149 3750 Fichtner und Felix hinüber, man verliert die ersten Per¬
785 3685 1069 3761 rochene Schön¬
2151 3722 3243 3770 aufgehoben. Der Beifall, den das Schauspiel fand, war
329 3720 544 3795 Stundent det
1065 3731 2156 3792 sonen in ihren Beziehungen zu einander aus den Augen
829 3729 1063 3793 aber wohl
2151 3754 3239 3803 nue schwach und begegnete dazu noch starkem Widerspruch.
251 3769 654 3820 hanng, die Tochter We
1068 3765 2159 3822 und ist erstaunt, wenn sie dann wieder die Bühne beherr¬
806 3773 1070 3837 ich im Teich
2150 3801 3247 3858 Wirtverstehen das, möchten aber doch darauf hinweisen,
1075 3802 2164 3861 schen. Und in ähnlicher Weise kommen und gehen die An¬
187 3816 688 3872 Villa ertränkt hat. Waru
804 3813 1073 3867 das tat? Je
2157 3829 3245 3895 daß Arthur Schnitzler uns im „Einsamen Weg“ zwar ein
1063 3836 2164 3905 dern. Der Wiener Poet, der sonst so scharfgesehene Men¬
149 3856 700 3916 klleicht, weil Herr v. Sala tot
806 3852 1066 3915 ist, vielleicht
775 3882 3188 3950 rfüllung wird, schen zeichnete, scheint dem Einfluß Ibsens unterlegen. Cha=schlechtes Stück, aber ein gutes Buch gegeben hat. ck.
168 3892 752 3957 ihrer Liebe zu Sala keine
156 3911 2193 3986 #auchaus Laune. Denn aus Laune, ratteristisch dafür ist, daß alle Personen des Stückes ge¬
