3484 4256
1386 241 1878 326 box 23/1
1073 255 1175 319 We
249 258 1283 370 18. Der einsane nen
375 1221 445 1277 urc
194 1213 323 1296 ndiens
518 1862 3296 2028 selbstquälerisch und hoffnungslos, wie die Sie liebt nämlich einen reichen Witwer Stephan] in die Hand genommen wird. Es ist für das
2362 1915 3284 1992 Interesse des Hörers an diesem Vater nicht gerade
2356 1951 3278 2023 vorteilhaft, daß der Dichter ihm noch diese Schwäche
535 1944 2381 2059 grau in grau genalten, dumpfen und von Sala, einen angeblich verkannten Dichter, der
1455 1986 2369 2053 uns drei Akte hindurch von seiner Beteiligung an
2369 1990 3289 2065 andichtet. Aber wie gesagt, die seit Jahren auf den
165 1994 391 2078 Musik.
535 2007 1468 2088 resignierenden Altersstücke des nordischen Dich¬
1461 2016 2379 2095 einer astatischen Forschungsreise etwas vorfabelt
2364 2029 3293 2108 Ibsenstil und die moderne realistische Schauspielkunst
542 2044 1464 2128 ters. Dieser Stil liegt der sinnenfreudigen,
1464 2062 2377 2133 und nach einander erst Felix, dann Johanna
169 2060 557 2151 Theater bringt seit
2360 2084 3289 2146 eingeschworenen Darsteller des Deutschen Theaters
548 2089 1466 2165 genußfrohen Muse des Wiener Poeten absolut
1457 2090 2371 2165 einladet, an dieser Expedition teil zu nehmen. Beide
177 2115 553 2184 Es neuestes Bühnen¬
2370 2118 3295 2184 sahen sich hier Aufgaben gegenüber, wie sie sich
556 2127 1458 2202 nicht, und so hat seine Nachahmung Ibsenscher
1465 2136 2383 2205 sagen zu. aber der reiche Mann, der Johannas Vater
174 2150 554 2223 iel „Der einsame
2364 2156 3289 2218 solche nicht besser hätten wünschen können, und
548 2167 1465 2244 Weltmüdigkeit eiwas Erzwungenes. Hoffentlich
1465 2180 2375 2250 sein könnte, hat ein Herzleiden, und der Arzt läßt
173 2200 554 2259 fnahme des Stückes
2375 2189 3293 2261 darum boten die Herren Sauer (Wegrath),
551 2204 1465 2274 kommt auch der Dichter selbst noch zu dieser Er¬
1458 2215 2379 2299 keinen Zweifel darüber, daß Salas Tage gezählt
177 2242 550 2296 re keineswegs glän¬
2366 2224 3291 2312 Stieler (Felix), Rittner (Fichtner) und Basser¬
553 2236 1475 2316 kenntnis, sonst könnte lich die Marschroute seiner
1469 2244 2376 2321 sind. Da stürzt sich Johanna verzweifelnd in den
167 2272 556 2336 ch dem zweiten und
2373 2263 3302 2339 mann (v. Sala) wie die Damen Triesch
560 2270 1470 2358 Bühnenlaufdahn weiterhin gar bald von selbst von
1471 2293 2381 2363 Parkteich und ihr künftiger Gatte folgt ihr verzweifelnd
178 2310 562 2374 Fall bestanden haben.
2373 2311 3298 2379 (Johanna) und Lehmann (Irene Herms) im
558 2317 1468 2391 einem sehr einsamen Weg befinden. Das Stück
1466 2330 2383 2397 nach in den Tod. So ist es auch um den Akademie¬
180 2351 565 2428 g, der wir erst bei¬
2372 2348 3301 2427 Einzelspiel wie im Ensemble so ausgeglichene und
551 2362 1477 2427 hat diesen Namen von der Vereinsamung, der im
1467 2375 2389 2441 direktor einsam geworden. Sein einziges Kind ist dahin,
187 2380 564 2450 ruhiger und Fhrte
2379 2401 3083 2470 wahrhaft bewundernswerte Leistungen.
557 2391 1471 2467 Rahmen seiner Handlung zwei Väter anheimfallen.
1465 2399 2387 2475 und der ihm verdleibende Felix ja nicht sein Sohn.
181 2419 562 2493 Agebungen, aber ausch
557 2437 1472 2508 Beide sind Maler. Der eine, ein Prof Wegrath,
1479 2443 2392 2517 Diese Nehenhandlung drängt sich bald so in den
174 2455 571 2537 eußerungen des Bei¬
2422 2466 3297 2532 R. G. Im Berliner Theater wurde am Sonn¬
565 2473 1479 2552 hat es zum Akademiedirektor gebracht, der andere,
1921 2483 2393 2552 am Schluß dominiert
1476 2505 1949 2569 Vordergrund, daß sie
181 2509 573 2568 Emierenpublikum da,
2373 2503 3307 2575 abend zum ersten Male gegeben: „Waterkant“, ein
565 2502 1482 2586 ein Maler Julian Fichtner, ist ein verbummeltes
1477 2523 2387 2600 Außer ihr durchkreuzt aber noch eine brei:
180 2542 569 2614 Frholungen pflegt nur
2376 2542 3305 2609 Schauspiel von 3 Aufzügen von Richard Skow¬
564 2551 1474 2623 Genie gworden, das einige Jahre sogar als ver¬
1474 2558 2384 2633 angelegte Evisodenfigur das Ganze. Es ist die ebe¬
191 2575 572 2644 eine Sache wirklich
2378 2585 3302 2649 ronnek. Der erste Akt soielt kurz vor Ausbruch
554 2587 1484 2664 schollen galt. Nun kehrt er plötzlich von seinen
1485 2606 2391 2677 malige Schauspielerin Irene Herms, die ebenfalls
178 2612 571 2683 parteiischer und un¬
2377 2622 3294 2685 der Wirren in China an Bord S. M. S. „Iltis“.
557 2635 1483 2707 Reisen zurück und die Vergangenheit steht wieder
1477 2637 2399 2709 mit Fichtner in jungen Jahren lustige Tage verlebt
175 2662 582 2723 ll regte, so galt er
2384 2665 3305 2724 der auf der Reede von Port Said liegt und auf
563 2656 1492 2742 vor ihm auf. Er hat nämlich vor Jahren mit
1475 2677 2394 2752 hat, bis er sie dann verstieß und sich sväterhin wieder
178 2693 567 2764 sgezeichneten, wieder
2380 2698 3312 2761 der Fahrt nach Ostasien begriffen ist. Der Verfasser
573 2702 1487 2779 Gabriele, der Frau des Akademiedirektors, ein
1487 2717 2400 2785 mit ihr aussöhnte. Sie geht wenigstens als einzige
179 2739 567 2800 En hinein fein abge¬
2392 2733 3310 2807 knüpft mithin unmittelbar an Ereignisse der Gegen¬
578 2741 1484 2818 Liebesverhältnis gehabt, als diese schon die Braut
1481 2754 2384 2829 Frohnatur mit einer gewissen durschikosen Frische
185 2773 574 2837 e anlangt, so hätte
2381 2776 3310 2844 wart an, sein Schauspiel befaßt sich jedoch nicht etwa
576 2787 1490 2864 seines Jugendfreundes war, und diesem Bunde ist
1480 2806 2394 2882 und Lebensenergie durch das Stück und ver¬
180 2810 576 2877 Muance wärmer sein
2383 2809 3320 2879 mit politischen Vorgängen und Problemen, es be¬
583 2821 1494 2894 ein Sohn entsprossen, den der Direktor aber arglos
1486 2838 2388 2903 breitet so mit ihrem Humor einiges Licht
190 2849 578 2926 setzte eben zu wenig
2393 2856 3311 2919 handelt vielmehr einen seelischen Konflikt zwischen
575 2859 1493 2929 für seinen Sohn hält. Die Frau ist inzwischen ge¬
1489 2884 2395 2945 in der dumpfen Atmosphäre, in der alle
183 2887 583 2954 Ete mit seiner Breite
2390 2901 3323 2960 Mutter und Sohn. Der Leutnant zur See Hans
581 2892 1499 2972 storben und Fichtner findet nun bei seiner Rückkehr
1480 2926 2406 2984 diese wehleidigen, halb gebrochenen Menschen dahin¬
182 2919 585 2992 dlung sehr einfacher
2390 2931 3323 3000 Holtfeuer, der uns na## einer etwas weit ausgespon¬
575 2945 1485 3002 nur den herangewachsenen Sohn als stattlichen
1476 2955 2406 3026 leben. So kann das Stück als Ganzes nicht be¬
187 2960 587 3043 aß sich die allgemeine
2400 2978 3317 3041 nenen und schwachen Exposition vorgestellt wird, ist
567 2974 1497 3046 Leutnant vor. Da ihn das nahende Alter seine
1480 2991 2404 3054 friedigen. Nur einige Einzelheiten und psychologische
194 3007 590 3074 auf die Freude an
2391 3029 3316 3077 # Leid und Seele Seemann, schon aus Familien¬
575 3010 1505 3095 wachsende Vereinsamung doppelt fühlen läßt, klammert
1487 3022 2394 3095 Feinheiten verraten die Hand eines gereiften Dichters.
193 3053 585 3108 Darsteller übertrug.
2388 3033 3317 3111 tradition, da die Holtfeuers, eine alte Hamburger
576 3055 1500 3123 er sich nun an die Hoffnuns seinen Sohn Felix für
1483 3065 2405 3130 Die Dialogführung scheim Ibsen noch übertrumpfen
194 3085 598 3149 sich dem Dichter im
2386 3099 3327 3166 Familie, seit Generationen Seeleute gewesen sind.
582 3099 1500 3176 sich zu gewinnen und über seine Herkunft aufzuklären.
1495 3109 2404 3175 zu wollen und kokettiert förmlich riit der von dem
207 3119 589 3185 verschiedener Stoffe
2398 3117 3327 3204 Seine Mutter, eine Binnenländerin, hat es
589 3135 1486 3207 Zwei Drittel des Dramas drehen sich um diese
1489 3148 2403 3201 Norweger zur Virtuosität ausgebildeten Kunst, ge¬
179 3160 592 3233 tsächlich wächst gegen
2394 3165 3323 3227 jedoch nur nach harten Kämpfen zugegeben,
593 3167 1494 3245 beimliche Vaterschaft und ihre Preisgabe an den
1491 3166 2402 3251 heimnisvoll und lakonisch um eine Sache herum¬
188 3200 599 3264 lich nur als Evisode
2396 3217 3325 3275 daß ihr Sohn Hans Marineoffizier geworden ist.
583 3216 1505 3277 Sohn. Aber der Vater erreicht nicht sein Ziel.
1493 3223 2403 3294 zusprechen und die einfachsten Dinge mit einem
198 3238 605 3303 dtgeschichte vollständig
2395 3249 3324 3302 Ein älterer Sohn ist der tückischen See bereits zum
581 3243 1503 3327 Felix erklärt offen, sich durch diese Beichte seinem
1493 3260 2410 3331 Nimbus von Tiefsinn zu umgeben, hinter dem schließ¬
225 3267 601 3342 ganze Handlung so
2395 3293 3323 3354 Opfer gefallen, und um den Vater, der Kapitän
202 3287 1502 3376 das Schauspiel selbst Vater gegenüber nur noch fremder zu fühlen, und
1493 3297 2407 3364 lich nichts steckt als leeres Getue. Zweifellos ist es
2403 3342 3332 3389 eines Hamburger Kauffahrteischiffes ist, lebt die zart¬
586 3319 1500 3407 so muß dieser den einsamen Weg des Alteis nun
1501 3329 2399 3406 auch ein kompositorischer Fehler, daß in der eigentlichen
202 3362 597 3417 Werk Schnitzlers den
588 3358 1502 3435 allein gehen, so sehi dem Genußmenschen von ehe¬
2405 3361 3334 3423 besaitete Frau in ständiger Angst und Sorge. Da
1495 3380 2409 3446 Hauptszene des Stückes, der Erkennungsszene
196 3392 607 3457 rstandesarbeit macht.
185 3399 1502 3504 samen Weg“ auf die dem, den jetzt alle Genüsse merden, davor graut.
197 3420 3331 3544 aten, und so gibt sich Der andre Vater, der Alademiedirektor, verliert zwar! zwischen Vater und Sohn, das Aufklärungsverfahren trifft sie der furchtbare Schlag, daß Kapitän Holt¬
206 3463 3324 3586 und lebensmüde, so! nicht den Sohn, aber dafür seine Tochter Johanna, nicht vom Vater, sondern vom Sohn eingeleitet und feuer im Kanal mit seinem Schiffe untergegangen
