3392 4256
13 1688 85 1738 am
1130 256 1211 321 W
1468 252 1943 339 box 23/5
329 268 1325 363 18. Der einsanezeg
949 531 1604 587 M
1003 606 1827 685 ARGUS SUISSE ET INTERN
1195 658 1803 728 DE LA PRESSE S. A.
1094 699 1895 771 23, rue du Rhöne — Genéve
972 746 2013 827 Adr. télégr.: Coupures-Genève — Tél. Stand 40.05
954 842 2005 930 1Bureau International de coupures de journauxi
1104 894 1886 953 Traductions de et en toutes langues
993 996 1995 1089 Correspondants dans toutes les grandes villes
963 1086 1992 1211 Extrait du vournaläTiünal. ZT6. BASEL. ABENDNE·
967 1243 1190 1322 Adresse:
1758 1263 1870 1379 28
977 1335 1144 1415 Date:
1432 1299 1775 1441 5
1796 1419 1929 1507 ##¬
1153 1610 1785 1701 Bassermann in Paris.
981 1687 1999 1755 VII. Es ist ein Ereignis, über das man nicht so viel
963 1729 1991 1788 e Lärmtrommel schlägt wie zur Reklame der verschie¬
970 1760 1987 1813 men, zurzeit in Paris gastierenden jüdischen und
957 1796 1986 1872 lädischen Theater. Es ist dennoch ein wichtiges Ereig¬“
1032 1848 1987 1914 Albert Bassermann, tritt im Théätre-du¬
1025 1880 1982 1949 nase an den Grand', Boulevards auf. Die deutsche
1032 1922 1977 1999 pe, die den Pariseln Wedekinds „Erdgeist“ als
1035 1964 1973 2032 hiel deutscher Bühnenkunst zeigte, hat ihr Pro¬
950 1995 1973 2079 ramm und ihre Schauspieler=gewechselt. In Arthur
953 2033 1960 2097 Schnitzlers Schauspiel „Der einsame Weg“
948 2072 1974 2147 at Alben Bassermann es vermocht, sich an einem ein¬
2112 2174 3182 2229 Saal mit jenen Bildern aufhalten wollte.“ — Mans
1069 2183 2126 2244 zigen Abend die Pariser zu gewinnen. Ein solcher,
2110 2217 3159 2272 denkt unwillkürlich an diesen französischen Maler, wenn
1071 2205 2110 2275 deutscher Abend in Parts ist voll eigentümlicher Ein¬
2112 2253 3155 2297 man sich Schnitzlers „einsamen Weg“ in Paris anhört.
1076 2251 2112 2309 drücke. Man liest nicht ohne Erstaunen mitten auf der
2107 2291 3154 2336 Schnitzlers Schauspiel überzeugt hier trotzdem unfehl¬
1079 2293 2112 2346 rauschenden Straße der großen Boulevards, auf die¬
2108 2333 3146 2381 bar. Man begreift die Notwendigkeit der Entwicklung,
1080 2332 2116 2381 sem Winkel Erde, der bei Tag oder bei Nacht nie eine
2111 2372 3154 2417 auch wenn sie dem Franzosen so seltsam drückend und
1071 2368 2115 2424 stille Minute kennt, plößzlich die großen, leuchtenden
3177 2383 3254 2450 1
2111 2412 3136 2463 hart, manchmal ein wenig zusammenhanglos vor¬
1077 2413 2112 2455 Worte: „Der einsame Weg“. Ein Kontrast, der auf¬
3134 2421 3275 2488 P
2114 2433 3155 2495 kommt. Aber was selbst der Pariser ohne weiteres
1066 2449 2114 2499 horchen läßt. Er klingt fast grotesk. Und dazu sind
3147 2460 3331 2526 ve
2113 2483 3222 2531 aus dieser fremden Welt aufnimmt und wovon er##
1075 2483 2116 2538 diese Worte gar noch in deutscher Sprache geschrieben.
1078 2523 3157 2576 Ein deutsches Theater spielt in deutscher Sprache auf gepackt und erschüttert wird, das ist das ganz. einfache,
3146 2530 3227 2585 15
3233 2518 3283 2587 550
3146 2560 3201 2609 11
2103 2564 3138 2614 selbstverständliche Spiel der Darsteller, besonders das¬
1071 2571 2112 2612 den französischen Boulevards im Sommer 1928! Es
3164 2573 3251 2657 0
2111 2588 3163 2658 jenige Bassermanns. Bassermann ist der Träger des
1071 2606 2122 2658 sind gerade zehn Jahre her, daß dasselbe Paris die
2112 2631 3158 2686 Stücks. Es ist Stephan von Sala, der in der allge¬
1072 2635 2115 2704 schwersten Kriegsstunden erlebt hat; jene Wochen der
2116 2669 3149 2722 meinen Einsamkeit Ueberlegene. Er spielt anders, als
1074 2683 2104 2736 letzten großen, deutschen Offensive. Der Feind schoß
2109 2709 3145 2765 die französischen Charakterdarsteller zu spielen gewohnt
1070 2721 2110 2770 mit weittragenden Kanonen in die Stadt; zerstörte
2107 2754 3140 2802 sind. Es liegt etwas Weiches, Dämonisches in seiner
1070 2748 2113 2806 Teile des Frauenspitals, tötete Mütter und Kinder.
3150 2720 3262 2836 100
2121 2793 3138 2846 großen Sicherheit allen Ereignissen des Lebens gegen¬
1061 2799 2112 2844 Der Stadtpräfekt traf die Maßnahmen zur Räumung
2114 2829 3142 2876 über. Der Franzose ist nie so einsam wie es die
1072 2837 2102 2890 von Paris. Man wußte nicht, wie das Jahr 1918 zu
2112 2866 3148 2913 Menschen dieses Schauspiels sind. Er ist dem Leben
1072 2866 2118 2922 Ende gehen würde. Der Haß gegen Deutschland war
2114 2899 3162 2954 in einer andern, farbigeren und froheren Weise über¬
1071 2913 2114 2966 ins Unerhörte gestiegen. Und zehn Jahre später schon
1061 2939 3158 2993 erniet Bassermann seinen verdienten Erfolg in einem legen als Herr von Sala. Doch Bassermann hat ihm
3224 2959 3297 3022 1
2110 2988 3150 3036 mit seiner Truppe, die durchwegs gut spielt, diese an¬
1069 2989 2113 3050 der klassischen Theater der Pariser Boulevards. Die
2101 3015 3152 3076 dere Welt und diese andern Erlebnisse nahegebracht:
1056 3028 1482 3097 Zeit schreitet rasch.
2119 3059 3229 3107 wenigstens soweit, daß der Pariser glaubt: es muß ir¬#
1124 3063 2104 3113 Es ist ein eigentümliches Gefühl, in einem stockfran¬
2109 3089 3163 3145 gendwo auf der Welt solche Menschen geben, wenn auch
1067 3098 2102 3159 zösischen Theater auf einmal deutsches Schauspiel anzu¬
2112 3138 3153 3197 nicht gerade bei uns: aber sie sind nicht nur der Phan¬
1065 3145 2111 3191 hören. Der Eingang, die Kasse, die Platzanweiserin,
2110 3178 2726 3229 tasie des Dichters entsprungen.
1062 3171 2108 3232 der Programm= und Pastilles=de=menthe=Verkäu¬
2154 3194 3166 3279 Bassermanns Eindruck ist in Paris zu einem Er¬
1066 3217 2112 3278 fer, alle sie sind französisch. Und sowie sich der Vorhang
1054 3262 2116 3315 über einer bescheidenen Dekoration hebt, klingen die
2162 3281 3150 3347 Im Odéon sind den Russen die Holländer gefolgt,
1064 3298 2120 3354 ersten Worte deutsch, lebt man in einer völlig andern
2111 3327 3157 3385 die nun von den Engländern abgelöst werden. Wenn
1071 3339 2106 3395 Welt. Nicht nur die Sprache, auch die ganze Atmo¬
2116 3363 3152 3419 bei all diesen internationalen Schausvielen etwas den
1068 3377 2106 3429 sphäre ist eine dem Pariser fremde. Diese müde Trau¬
1066 3396 3153 3451 rigkeit, dieses selbstverständliche Hinnehmen der tragt= Nichtfranzosen überraschen muß, so ist es die erstann¬
1065 3440 3205 3504 schen Einsamkeit eines jeden Menschenlebens ist echt liche Tatsache, daß die meisten Kritiker der großen Ta¬
1064 3495 3159 3530 deutsch, nordisch, ist unbedingt unfranzösisch. Zur Zeit aeszeitungen jeweils zuerst eingestehen müssen, daß sie
2111 3514 3154 3576 zwar von der fremden Sprache nicht viel verstanden
1064 3532 2110 3578 findet eine dänische Ausstellung in Paris statt. Ein
2115 3550 3155 3605 haben und die Handlung nur so der Spur nach beur¬
1063 3563 2117 3620 französischer Maler, der sie besuchte, erzählte nachher:
2126 3597 3153 3650 teilen konnten! Man staunt über diese Armseligkeit der
1072 3609 2123 3654 „Nein, ich gehe kein zweites Mal mehr hin! Es sind¬
2119 3631 3149 3703 großen Herren, die in unsern viel kleineren schweizeri¬
1061 3636 2112 3694 gute Arbeiten, aber welche Cafardluft, welches Grau
2121 3679 2948 3744 schen Verhältnissen kaum zu finden wäre.
1062 3668 2116 3726 in Grau, welche Schwermut. Ich glaube, ich würde
1062 3722 2140 3773 selbst schwermütig werden, wenn ich mich länger im
3301 2519 3401 2588 20
