3436 4352
1399 303 1849 426 box 23/1
242 349 1255 441 18. Der einsane Neg
2739 1476 3354 1552 + Duisburg, 13. Febr. Kamn
2704 1535 3338 1597 erschien das Kölner Gürzenich =4
962 1490 1341 1618 Sschmidt
1500 1516 2701 1614 Jahren dasselbe Mädchen umworben, dem einen gab sie sich hin,
2701 1565 3346 1644 Eldering, Karl Körner, Prof. Jost
1507 1569 2703 1657 den andern heiratete sie, weil der erste, Julian, aus Angst vor
2695 1612 3346 1679 macher zum zweiten Male in diest
1512 1628 2696 1708 der ehelichen Fessel wieder davonflatterte, um noch an andern
754 1609 1117 1704 Bureau für
2698 1655 3334 1720 in weiterer Folge seiner vorigen §
1515 1656 2695 1740 Kelchen zu nippen. Zwei Jahrzehnte und mehr vergehen also,
2696 1690 3315 1770 umfassenden Quartettvorträge
660 1680 1189 1774 Zeitungsausschnitte
1515 1690 2695 1773 während Frau Wegerath die große Lüge mit sich herumschleppt,
2693 1731 3347 1799 Quartett op. 29, Rob. Schuman
1517 1733 2692 1823 und ihr legitimer Mann nichts davon ahnt, daß sein Sohn
427 1733 1426 1849 verbunden mit direktem Nachrichtendienst durch
2715 1764 3354 1831 und zwischen beiden den größten
1526 1765 2703 1851 Felix, genau genammen, nicht sein Sohn ist. Der Jugendgeliebte
666 1800 1193 1887 eigene Korrespondenten.
2711 1809 3342 1877 form, Beethoven, in dem seiner fri
1518 1818 2704 1897 kommt wieder in ihre Nähe als ein schon alternder Mann, die
2708 1849 3342 1911 Quartett op. 18 Nr. 5 (A-dur)
954 1834 1373 1929 Telephon: III, 3051.
1529 1852 2708 1932 Torheit von damals liegt beiden so weit zurück, das Feuer ist
480 1868 847 1956 Berlin N. 24.
2695 1885 3350 1977 drei Quartette fanden seitens der#
1522 1890 2706 1971 längst verglommen, es hat keine Gefahr mehr, in zwanzig Jahren
427 1879 1445 1982 —
2711 1926 3345 1990 gerechte, und von Unbedeutende
1508 1942 2711 2016 verjähren alle Schand= und anderen Taten, alles ist ausgelöscht.
2703 1969 3334 2025 Wiedergabe. Zu letzterem zähle i
1515 1969 2710 2049 Aus den künstlerischen Ambitionen Julians ist wohl auch nichts
706 1968 1171 2066 Ausschnitt aus
2714 2005 3348 2074 reine Intonation bei dem Schul
1526 2006 2706 2104 gescheites geworden, er hat nur noch die Sehnsucht, nicht mehr
2713 2042 3352 2108 Grenze des Möglichen erreichende
1517 2045 2708 2140 allein zu sein, es graut ihm vor dem einsamen Weg ins Alter,
2711 2077 3348 2151 Forte im Andante Cantabile B
1530 2097 2710 2170 er braucht Liebe. Die wendet er dann dem jungen Mann zu,
2717 2118 3344 2194 Finale. Auch für die reproduzi
1521 2124 2712 2201 der nach der Meinung der Welt der Sohn seines Freundes, in
2722 2171 3346 2232 gartners Ausspruch gelegentlich es
1524 2164 2716 2258 Wirklichkeit sein eigener Sohn ist. Langsam und vorsichtig hebt
647 2154 1420 2277 Mulbeh- Wöstpk. Zeitung, usson
2720 2193 3354 2264 gibt keine Kunst ohne Maß, Form#
1526 2204 2721 2290 er den Schleier von der Vergangenheit und läßt Felix erst ahnen
2723 2246 3345 2305 heit.“ Im übrigen zeigte der
1534 2245 2719 2323 und dann wissen, daß sie beide durch Bande des Blutes ver¬
2726 2270 3354 2350 neulich von dem Kölner Gürzer
1523 2283 2712 2355 bunden sind. Felix hört sich die Geschichte an, regt sich gewaltig
2721 2315 3338 2382 züge der möglichsten technischen
1533 2333 2719 2426 arüber auf, erklärt aber schließlich diesem posthumen Vater, daß
2723 2362 3348 2423 Zusammenspiels bei trefflich her#
1553 2355 2724 2434 keine Vaterrechte vergilbt, verjährt sind und bleibt bei Vater
2730 2393 3355 2462 Schattierung der Tonstärken sow
1530 2392 2731 2472 Wegerath. Wohin nun Julian auf seinem einsamen Wege noch
2720 2434 3353 2495 und temperamentvoller Wiedergal
1537 2442 2729 2528 kommen wird, weiß man nicht, wohl aber erfährt man es von
2733 2475 3343 2545 daß wir mit Spannung der W
889 2475 1234 2554 45 FER ion8
1546 2476 2729 2560 Felix' Schwester Johanna, einem Mädchen unbestimmten Alters
2730 2509 3346 2578 Programms im dritten Kan
433 2495 1535 2604 ##% Berlin, 14. Febr. Theater. Ein trubseliges Stück er¬
1544 2518 2714 2595 und von transscendentaler Sinnesart. Sie scheint nicht ganz
2733 2553 3352 2612 dürfen. Reicher Beifall des an
1535 2560 2726 2644 gesund zu sein, wie denn alle Figuren dieses Stückes etwas wurm¬
343 2562 1542 2642 lebte gestern im Deutschen Theater seine erste Aufführung. Der
2731 2592 3359 2659 Künstlern nach jedem Quartett zu
1548 2593 2722 2688 stichig anmuten. Johanna hat ihre Liebe an einen späten Jung¬
344 2603 1536 2678 einsame Weg, hysterisches Schauspiel von Arthur
2737 2635 3341 2702 hovens am meisten anzusprechen
1551 2627 2728 2716 gesellen, einen Herrn von Sala, gehängt, der so etwas wie einen
343 2641 1543 2707 Schnitzler. Ganz richtig: hysterisch, nicht etwa historisch. Die
2728 2660 3356 2749 auch am sorgfältigsten ausgefeil
1542 2676 2734 2769 weltmännischen Gelehrten darstellt, viel gereist ist und jetzt das
350 2674 1542 2742 Aufnayme, die es fand, kam einer unsanften Ablehnung um ein
1554 2711 2728 2794 alte Elbatana ausgraben will. Auch der ist ein müder Mann,
353 2711 1548 2792 Haar gleich, aufrichtigen Beifall gab es nur nach dem dritten
1550 2732 2739 2840 der den Auschluß versäumt hat. Dieser grämliche Kerl und das
360 2747 1548 2831 Akt, offenes Hohngelächter nach dem vierten, sonst stritt zag¬
1549 2781 2745 2885 junge Mädchen verstehen einander, aber wie weit ihr Einver¬
355 2783 1559 2861 hafter Beifall mit unbehaglichem Zischen. Ein so ganz auf den
360 2827 1540 2907 Ton müder Resignation und seelischer Dekadenz gestimmtes Werk
1557 2815 2755 2908 ständnis reicht, erfahren wir wieder nicht, es wird nur rätsel¬
356 2866 1542 2957 hat kein besseres Schicksal verdient, denn es ist kurz gesagt öde
1551 2868 2743 2944 haft angedeutet; jehenfalls springt bei Johanna plötzlich eine
1549 2910 2744 2983 Schraube und sie selost ins Wasser. Das ist der Schluß des vor¬
364 2908 1552 3009 und langweilig. Mag sein, daß der Verfasser sein Behagen dabei
1554 2956 2774 3029 letzten Aktes, dem die mordende Heiterkeit im Parkett folgte.
353 2945 1553 3036 gefunden hat, aus zerbrechlichem Stoff mit großer Fingerfertig¬
1548 2982 2767 3071 Im letzten Akt ist die allgemeine Trübsal noch größer, sie legt
360 2974 1549 3074 keit etwas wie ein Drama zusammenzubringen, der Zuhörer und
1562 3013 2749 3108 sich wie ein dicker feuchter Novembernebel auf die ganze Ge¬
357 3023 1552 3107 Zuschauer aber mit normalen Sinnen will nicht mit Hülfe
361 3070 1552 3154 psychologischer Formeln genießen, sondern unmittelbar mit
1557 3067 2743 3141 schichte, und in diesem Nebel verlieren sich die Umrisse der Ge¬
370 3105 1562 3185 Auge, Ohr und Verstand. Mag auch sein, daß in diesen end¬
1557 3105 2755 3180 stalten, bis der erlösende Vorhang fällt. — Daß die Fabel an
362 3141 1563 3230 losen Reden und endlosen Gegenreden einige poetische Schön¬
1558 3141 2756 3220 sich genommen der dichterischen Bearbeitung wert ist, kann nicht
1566 3174 2758 3265 bestritten werden, wiewohl es sehr fraglich ist, ob gerade die
361 3194 1570 3272 heiten eingewickelt sind wie Konfekt in einem Wunderknäuel,
380 3223 1563 3294 einige tiefe Weisheitssprüche und zutreffende Lebensbetrach¬
1562 3230 2763 3310 dramatische Form die geeignetste ist; auf jeden Fall hat
1567 3263 2765 3344 Schnitzlers dramatisches Talent hier seine Grenze gefunden. Er
366 3266 1560 3351 tungen, aber so etwas verdrießt doch auf die Dauer, und diese
1570 3294 2770 3379 wie ein paar Monate vor ihm Hauptmann mit seiner Rose
366 3303 1570 3380 spärlichen Tröstungen kommen nicht auf gegen das allgemeine
377 3343 1560 3430 graue Elend. Man hätte füglich mit der ersten Aufführung noch
1564 3332 2774 3432 Bernd neigen dazu, ihren Figuren ultrasubtile Seelenregungen
1564 3371 2771 3448 einzu hauchen. Die klingen dann nicht mehr an wie die Saite, deren
372 3382 1557 3468 ein paar Tage warten sollen, bis zum Aschermittwoch, und Herr
1567 3419 2770 3499 Schwingungen eine gewisse Maximalgrenze überschreiten oder
366 3418 1565 3504 Schnitzler hätte dann den Titel nehmen müssen: Katzenjammer
1572 3457 2769 3537 wie die Strahlen des ultravioletten Lichtes. Ibsen hat der¬
368 3459 1569 3530 des Lebens. Großer Ibsen, was hast du angerichtet mit deinem
1578 3491 2774 3583 gleichen besser verstanden. Das Deutsche Theater ist übrigens
379 3498 1583 3577 Januskopf! Jetzt kommen deine Nachbeter und schlagen ihm
1575 3532 2770 3623 wohl die einzige Bühne, an der solche Experimente ohne größere
386 3533 1571 3609 mit plumper Hand die eine Hälfte ab, die nach der Zukunft
1571 3562 2773 3644 1 Gefahr unternommen werden können; man wird kaum eine
377 3572 1579 3660 schaut. Was in diesem Schauspiel geschah, ehe der Vorhang zum
390 3616 1585 3696 ersten Male hochgeht, ist auf alle Fälle interessanter, als die
384 3616 2766 3731 Vorgänge, die nun folgen. Zwei befreundete junge Künstler, zweite Künstlerin wie Irene Triesch für die Darstellung der
395 3706 2719 3786 Julian Fichtner und Wegerath, haben einst vor mehr als zwanzig! Johanna auftreiben, allerdings auch keinen zweiten Brahm.
