3484 4352
3 2755 73 2825 istu
20 3415 73 3484 her.
272 291 1272 404 18. Der einsane Nex
242 1672 860 1788 neuesten Dramen.
222 1778 725 1870 Schmidt in München.
190 1855 974 1958 ch schon gesehen — alle drei, und „Bühne
203 1943 981 2012 berichtet. Novarum rerum cupidi sind
208 1993 985 2061 sucher schier mehr als Cäsars Gallier und
201 2056 984 2118 tt nicht gar so selten, was an echter
202 2098 758 2171 möglicht da ein solides Urteil.
204 2152 995 2228 [Julius Bierbaum als Dramatiker zu
194 2207 989 2268 ls Lyriker, zeitweilig auch vom Unterbrettl
204 2260 990 2323 die Bretter gewagt, mit einem recht alten
203 2308 994 2385 Einkleidung. „Stella und Antonie“!)
212 2378 988 2430 auennamen künden schon das Motiv: Der
230 2424 993 2496 sieht, das ist nicht neu, schon Jason
229 2478 993 2548 korinthischen Königstocher ist einer seiner
211 2526 992 2598 schieden höchst reizvoll. Ein Mann, den die
210 2592 986 2652 en Vornamen und Charakter geliehen, wenn
205 2640 991 2713 en; Johann Christian ist kein anderer als
215 2698 999 2752 8 Wort so richtig charakterisiert: er wußte
221 2758 853 2818 ihm sein Leben wie sein Dichten.
204 2812 991 2877 Schauspielgesellschaft kommt Johann Christian
201 2856 999 2922 n Weib Stella ist ihm zur Abwechslung
201 2916 1004 2976 angen. Das kann er nicht verwinden. In
206 2961 1001 3027 e. So kommt es, daß sich beim ersten
208 3014 1004 3084 nsinn sehr unhold entwickelt und er die
208 3079 997 3138 berherrlichen soll, mit der durchgebrannten
206 3127 1008 3196 Burgel packt. Komteßchen liegt im zweiten
213 3180 998 3243 man damals, zwischen Barock und Rokkoko,
209 3228 1002 3292 lch unserem heutigen Publikus bei der Auf¬
210 3286 1014 3348 lich bezweifeln. Die Besprechungen, die ich
212 3406 679 3498 n. 164 S. 8°. Mk. 2.—.
1429 277 1887 379 box 23/2
2777 1060 2905 1138 537
1841 1065 2515 1154 Ein Kleeblatt der neuesten Dramen.
1557 1154 2906 1233 Drunten im Hofe soll der Übeltäter ausgepeitscht werden; Komtesse Antonie
1447 1224 2912 1283 bittet ihn im letzten Augenblicke los, ja das kapriziöse Dämchen läßt ihn herauf¬
1452 1279 2919 1342 kommen, empfängt ihn unter vier Augen und zähmt den grimmigen Bären, den
1448 1338 2918 1401 sie schließlich sogar zu ihrem Kammerdiener macht. Es beginnt ein Spiel mit
1461 1386 2920 1460 dem Feuer zwischen den beiden; recht klar wird es freilich bis zum letzten Akte
1447 1440 2917 1510 nicht, ob sie ihn wirklich liebt, oder nur ihr Spiel mit ihm treibt. Jedenfalls
1453 1493 2799 1570 martert sie ihn gehörig mit dem beständigen Wechsel von heiß und kalt.
1574 1554 2922 1633 Aber Stella kommt wieder; sie ist des buckligen Souffleurs bald überdrüssig
1464 1625 2924 1672 geworden und holt sich ihren Mann zurück, den sie in ihrer derberen, aber auch
1459 1647 2912 1722 sinnlicheren Art im Grunde genau so martert wie das Komteßchen. Das kann
1462 1710 2923 1775 Johann Christian bald ebensowenig mehr ertragen, und als Antonie — hier
1453 1775 2919 1842 liegt des Stückes schwächster Punkt — plötzlich allein in der Garderobe der
1455 1835 2925 1884 Komödianten auftaucht, sich ihn wiederzuholen, weil sie ihn wirklich liebt, wendet
1459 1867 2912 1933 er sich gänzlich von Stella ab, der Komtesse zu. Stella, die wilde Katze, rächt
1464 1939 2930 1997 sich sofort; sie erdolcht die Nebenbuhlerin, über deren Leiche sich auch Johann
1458 1983 2924 2055 Christian den Tod gibt, indes Stella in ihrem Zigeunerkostüme tamburinprasselnd
1460 2034 2628 2098 auf die Bühne rast: „Eijola, eijola!“ — Der Vorhang fällt.
1581 2086 2918 2153 Dieser letzte Akt ist in seiner Brutalität unmöglich, und der Dichter selber
1473 2154 2919 2205 hat ihn für die Berliner Aufführung umgemodelt: Johann Christian erdolcht
1471 2201 2515 2266 sich, weil die Komtesse nichts mehr von ihm wissen will.
1589 2242 2926 2313 Ein Stück mit zwei möglichen Schlußakten beweist damit schon seine dramatische
1470 2307 2927 2367 Schwäche; es zeigt sich an diesem Doppelende, daß es an Konsequenz in der dra¬
1467 2351 2928 2421 matischen Architektur fehlt. So sind die einzelnen Gestalten gut und fein, hie und da
1473 2413 2933 2469 freilich etwas karrikierend, herausgearbeitet, als Ganzes genügt die Arbeit noch nicht.
1588 2460 2936 2529 Dem leichtblütigen Völkchen der Zopfzeit stellt Arthur Schnitzler in
1466 2530 2888 2583 seinem Schauspiel „Der einsame Weg“!) düstere Schwerblütler entgegen —
1467 2573 2929 2637 eine ganze Gesellschaft solcher Leute auf einmal. Schnitzler ist jetzt modern; und
1467 2630 2928 2690 was er bringen mag, er darf sicher sein: es findet seine Lober. In anderen
1467 2674 2934 2741 Kreisen, die nicht zur „Gemeinde“ des dekadenten Poeten gehören, hat sein Ruf
1473 2731 2943 2805 durch die „virtuosen Alkovenstudien“ des Reigens doch etwas gelitten. Nun
1473 2798 2372 2862 kommt er als Ibsen maskiert und ruft uns zu:
1923 2849 2502 2907 „Stehen mir wohl diese Falten
1919 2899 2476 2959 Zu Gesichte wie dem Alten?“
1593 2935 2932 3000 Ich muß verneinen. So fein Schnitzler psychologisch ziselieren will,
1483 2997 2941 3053 man fühlt doch die Absicht dabei. An der Donau gedeihen die Nordlands¬
1482 3073 2939 3122 menschen nicht, und das Ganze bleibt Maskerade. Als Ibsenmaskerade aller¬
1480 3113 2078 3188 dings ist das Ganze vorzüglich.
1590 3160 2940 3224 Akademiedirektor Weyrath hat zwei Kinder, Sohn und Tochter. Aber der
1474 3235 2940 3284 Sohn ist nicht sein Sohn, ihn hat die Braut unmittelbar vor der Hochzeit von
1477 3275 2932 3332 einem Freunde des Bräutigams empfangen. Allmählich dämmert uns das. Alle
1474 3316 2948 3411 erfahren es nach und nach außer dem Professor, auch der Sohn selber, der sich
1608 3393 2516 3474 !) Berlin 1904, S. Fischer. 166 S. 8°. Mk. 2.—.
