3436 4256
1410 226 1889 343 box 23/3
258 242 1272 367 18. Der einsane Nen
157 1123 1617 1212 ch der Ver=] unmittelbarste Gegenwart gleich als ein Entschwundenes
1611 1167 3368 1233 Argument gegen die kalte Hoffnungslosigkeit seiner stecke, auf holde Lüge. Der
167 1201 450 1266 ose Traurig¬
456 1208 1607 1267 zu schmecken. Herr v. Sala ist ein Virtuose der Ein¬
2770 1211 3358 1281 tung; gewiß. Aber kein Dr
1616 1216 2762 1294 egotistischen Lehre. Ich weiß nicht, ob Herr von Sala
165 1245 450 1318 irgendwelche
442 1239 1610 1319 samkeit. Man kann sich denken, wie elegant und sicher er
2771 1262 3369 1342 nicht Theater. Er ist novel
1619 1263 2765 1319 damit wird viel anzufangen wissen. Er wird das
179 1297 448 1367 erhitzte Reue
451 1289 1610 1383 den einsamen Weg betritt, den schließlich alle marschieren
2781 1309 3348 1388 Raum der Bühne füllend.
1614 1323 2774 1377 Erlebnis als neues Futter für seine gehätschelte Wehmut
455 1340 650 1415 müssen.
192 1340 452 1411 kräftigeren
1612 1361 2764 1419 nach Hause tragen. Im Stück kommt es freilich nicht
2854 1361 3352 1448 Es ist ein weiches
186 1391 450 1457 Die Leiden¬
551 1377 1611 1485 Das ist natürlich nur ein kärglich Häufchen aus dem
1621 1410 2773 1472 dazu. Herr v. Sala hört, daß sein eigenes Ende nahe
2774 1406 3366 1492 Melancholie verrinnende Kon
196 1441 442 1508 t eingerostet
453 1452 1604 1504 goldenen, wenn auch ein bißchen stark abgefingerten Er¬
1622 1465 2768 1535 sei und ist augenblicklich entschlossen, dies nicht erst lang
2772 1482 3375 1551 Organismus, dem das Skele
212 1493 443 1577 zum Auf¬
459 1500 1610 1569 kenntnisschatz dieses „einsamen Wegs“ Es steht viel
1624 1516 2758 1568 abzuwarten. Der Aesthet flüchtet vor dem üblen Geruch,
2780 1524 3368 1601 teile und Nerven gelassen i
461 1536 1609 1616 mehr darin, und anderes, und vielleicht auch das Gegen¬
1613 1551 2765 1611 vor dem Jammer und der Pein des Sterbens in den
2778 1572 3358 1645 Ich meine ja nicht, daß in
457 1597 1625 1657 teil. Es gibt mancherlei Blicke in mancherlei Abgründe.
1617 1603 2768 1660 Tod ... Ach, immer müssen Frauen sterben, damit
183 1587 444 1676 sehr traurig
2776 1616 3339 1694 schossen werden, oder daß
466 1647 1609 1710 Zwischen den Menschen fließt ein Dunkles, sie reichen
1624 1639 2764 1704 Männer erlöst werden. Aber der gerührte Zuschauer
192 1656 452 1722 das Sterben
2774 1672 3377 1739 überanstrengtes Gummiband
459 1675 1605 1768 die Hände darüber, aber kaum ihre Fingerspitzen berühren
1617 1700 2772 1781 weiß es in seinem Innersten: Es war nicht der Mühe
219 1709 442 1764 und wer
2768 1706 3357 1781 die Elemente, aus denen d
452 1741 1620 1801 einander; und eventuell fällt dabei der eine oder die
180 1741 452 1823 hus führt in
2788 1757 3368 1843 mischt ist: Geschehen und Spr
472 1798 1611 1868 andere ins Wasser. Das Schicksal zieht wie ein Kunst¬
188 1801 456 1870 amkeit. So
1691 1790 2774 1885 Wie ein Orgelpunkt bebt durch das ganze Stück das
2769 1809 3373 1889 des Sprechens dosiert. Der
468 1844 1611 1904 Eisläufer die seltsamsten Achterkurven, die sich schön
188 1842 454 1917 izt man sich
2770 1857 3373 1945 außen nach innen. Durch Vol
1631 1849 2771 1917 Wort: der Tod. Mit vielen o. „Gibt es einen anstän¬
467 1887 1618 1944 ineinanderschlingen. Beziehungen verschwinden spur¬
192 1895 450 1964 möchte man
1630 1915 2772 1978 digen Menschen, der in einer guten Stunde in tiefster
2779 1912 3377 1988 der Vorgänge, durch Gesproch
459 1935 1613 2001 los, gehen unterirdisch weiter und tauchen höchst übere
200 1947 449 2009 und eines
1624 1960 2772 2014 Selle an etwas anderes denkt?“ sagt Herr v. Sala, der
2773 1966 3370 2035 eventuell zu Unaussprechliche
460 1984 1620 2040 raschend wieder ans Tageslicht. Es ist allenthalben
189 1990 449 2062 aufstellen, in
1626 2011 2772 2076 Dihter. Ein anderer Dichter meinte gelegentlich (Gespräche
2773 2016 3356 2087 umgekehrt. Wir bekommen
458 2038 1621 2094 poetisch. Parallelen gehen nebeneinander und müssen
186 2045 453 2109 ißt: Kindes¬
1627 2058 2772 2118 ni Eckermann): „Ein tüchtiger Mensch, der schon hier
2782 2066 3365 2132 die Realitäten fast erraten. D
456 2087 1607 2145 schmerzlich erkennen, daß sie sich erst in der Unendlichkeit
213 2096 441 2164 Ein Kind
1632 2106 2772 2170 tyas Ordentliches zu sein gedenkt und der daher täglich
2779 2113 3330 2185 wie Handschuhfinger und
469 2137 1609 2194 schneiden. Das Leben dampft wie ein Ragout von Abstrakten,
224 2146 456 2205 du seine
1628 2156 2773 2223 ###streben, zu kämpfen und zu wirken hat, läßt die
2775 2147 3341 2236 An der Wand erscheinen I
454 2179 1610 2241 von Liebe, Entsagung, Pflicht, Kunst, Zwang, Erkenntnis,
183 2188 421 2256 er“, das ist
1629 2201 2774 2266 luftige Welt auf sich beruhen und ist tätig und nützlich
2777 2216 3337 2282 nur höchst selten huscht
460 2220 1615 2293 betäubt die einen und kitzelt angenehm die Nüstern der
203 2236 449 2311 opfervoller,
1629 2260 2769 2322 n dieser.“ Ansicht gegen Ansicht. Jene klingt viel sym¬
2771 2259 3371 2328 Szene. Das Schnitzlersche D
455 2272 1615 2336 anderen. Sieger werden besiegt, derbe Zusammenhänge
211 2294 446 2357 avanciert.
1620 2319 2780 2373 gathischer als diese derb=praktische. Aber es wird doch ein
2782 2313 3368 2379 der Tiefe. Aber das gute Dran
449 2325 1611 2392 reißen, zarte erweisen sich stark wie Eisenketten, Schuld
185 2341 454 2405 nan's nicht.
1615 2346 2775 2411 wenig zu stark mit dem Tod kokettiert im „einsamen
2774 2364 3363 2433 nach immer oberflächli
448 2378 1620 2434 und Sühne erscheinen, ein kultivierter Nihilismus duftet.
198 2385 442 2451 nicht mehr.
1625 2403 2773 2454 Weg“. Ich weiß nicht, ob es ein kunst=ehrliches Mittel
2770 2401 3378 2464 das Wunder des dram#
449 2415 1614 2484 Eswird viel gezweifelt; aber mit Manieren, nett,
187 2440 444 2501 währendes:
1615 2443 2766 2513 ist, die Perspektive eines Dramas dadurch zu vertiefen,
2773 2464 3373 2527 ohne sich jemals von der O
452 2475 1615 2536 delikat. Auch das Schrille hat bei Schnitzler noch eine Art
193 2487 453 2563 rechtzeitig;
1618 2502 2772 2548 daß man als Ort der Handlung vorschreibt: knapp neben
2777 2502 3385 2574 Wassers Tiefe und Geheimi
446 2523 672 2593 Melödie.
204 2536 444 2596 : der Tod.
1614 2546 2771 2606 der Unendlichkeit. Mit dem Tod reliefiert der
2780 2546 3372 2620 erraten läßt; während der 1
540 2561 1609 2643 Die Liebe der Johanna zu Herrn von Sala bring
186 2575 449 2649 Einsamkeit.
1623 2602 2766 2659 Dichter das bißchen Leben auf seiner Bühne. Es ist
2778 2604 3383 2675 er seinen Menschen gleichsam
455 2631 1612 2700 die zartesten und innigsten Augenblicke des Dramas. Si¬
170 2631 443 2694 ung, sondern
1622 2640 2764 2718 ein Spiel zwischen Gräbern, und die Akteure sinb Tote,
2769 2655 3380 2718 des Wassers setzt. Es ist ku
457 2673 1611 2741 bringt das Gegenstück zu diesen mit Intellekt bis zun
190 2689 442 2753 alles gierig
1626 2690 2774 2756 Tot=Suchende und Tod=Geweihte. So tropft ein Teil
2772 2692 3383 2767 immer auftauchende Taten de
464 2720 1615 2778 Platzen überfütterten Egoism.n, zu diesem zärtlichen
182 2730 445 2809 während an,
1628 2745 2770 2802 der schwermütigen Stimmung des Dramas automatisch
2788 2758 3339 2815 erscheinen und verwirren
470 2774 1590 2832 Betreuen der eigenen Not, zu #iesen verlogenen Schmerz¬
190 2781 462 2847 allem: der
1630 2791 2772 2854 aus dem Thema. Aber der andere ist schönes Werk des
2770 2800 3387 2866 ein gewesenes Drama die grö
470 2829 1618 2884 Gourmandisen. Die Einsamen der Komödie genießen ihre
190 2826 453 2896 oße Einsam¬
1626 2839 2768 2896 Dickters, seiner Kunst der verdämmernden Lichter und
2779 2845 3385 2916 Ist das wirklich nur ein for
452 2871 1612 2931 Kümmernisse mit einer wahrhaft artistischen Wollust, und
193 2875 451 2939 here Mathe¬
1629 2881 2769 2935 der halben Töne. Man verspürt eine wahre Herzensnot
2789 2895 3375 2968 Problem der ehernen Konse
465 2916 1613 2984 man hat das Gefühl, daß sie um keinen Preis ihre
193 2920 460 2989 dbare besitzt,
1625 2930 2773 2996 in diesem „einsamen Weg“ und einen tiefen Kummer
2777 2944 3365 3011 schehens? Oder liegt dem
467 2964 1618 3033 Traurigkeiten hergeben würden. Anders, menschlicher,
210 2970 450 3038 trainieren.
1631 2987 2771 3058 über die Nutzlosigkeit aller Erkenntnis. Sozusagen: eine
2778 2991 3370 3063 eines schweren künstlerischen
464 3018 1621 3089 unliterarischer sind die Frauen in „einsamen Weg“, vor
209 3021 453 3091 t überhaupt
1627 3032 2778 3084 Trauer des Gehirns. Und mancherlei Mitleid, das sich
2774 3026 3383 3112 Gefühl, zu abstrakt, zu leer
468 3067 1619 3128 allem Johanna. Hier versteckt sich ein Gefühl nicht hinter
191 3070 454 3140 lichkeiten in
1624 3085 2781 3156 doch nicht recht hervortraut, sondern alles Zucken um
2789 3086 3383 3155 also das Bedürfnis, statt der
471 3109 1614 3182 Geistigkeiten, und die Sehnsucht nach dem andern wird
188 3118 452 3183 ala übt die
1617 3123 2771 3183 die Lippen in ein ironisches Lächeln zwingt. Und man
2775 3140 3389 3229 gänge wenigstens den Schaf
467 3161 1615 3227 nicht sterilisiert durch die allzu rituell=genau erfüllte
194 3171 457 3238 Herz mehr
1618 3170 2773 3241 verspürt den Schmerz über Frauen=Los: daß ihnen
2780 3190 3025 3267 mischen?!
472 3205 1617 3274 Pflicht gegen sich selbst. „Willst Du mit mir gehen, nach
190 3217 456 3277 wartet man
1615 3227 2778 3281 so leicht zum Schicksal wird, was dem Mann, ganz be¬
2858 3235 3362 3324 So ist dieser „einsame
461 3254 1633 3327 Baktrien?“ fragt er, „als meine Frau?“ Und sie, die
194 3261 458 3327 Ausbleiben
1612 3275 2769 3333 sonders dem Künstler, so leicht zur Episode schrumpft.
2776 3303 3376 3364 sprächen und Kommentaren,
183 3316 464 3387 ers, dieses:
469 3311 2763 3382 weiß, daß die Reise anderswo hingeht als nach (Und daß ihnen in dieser Beziehung nicht zu helfen ist,
2775 3359 3370 3451 gangener Geschehnisse einige
188 3363 454 3432 cht, weil er,
465 3358 2779 3415 Baktrien, lächelt selig und geht wortlos voran. Sie (absolut nicht. Dann ist viel Unerbittlichkeit in diesem
187 3419 1624 3481 nnerung mit schenkt ihm für die letzte Spanne seines Lebens:
1622 3409 2807 3509 Stück. Ein nobler Verzicht allerseits auf Ausflüchte, Ver¬
207 3443 1633 3544 h jenes, die eine außerordentliche Erinnerung; ein trostreiches
