3484 4352
1460 291 1920 384 box 2375
847 316 1045 383 nSam
309 322 1318 429 18 De
1789 773 2691 854 ]Herbst bringt zwei neue Schauspiel¬
932 785 1790 871 Schnitzler und Hartleben, den ganzen Ibsen,
1817 819 2696 890 bühnen, das übernächste Jahr: die Sozie¬
922 861 1790 917 Tolstois „Macht der Finsternis“ (einst eine der
1819 863 2702 929 tät der Lessing=Theater=Truppe; sie
925 896 1796 972 großartigsten Leistungen des Brahm'schen En¬
1828 903 2704 978 brauchen die Stücke, die bei den anderen rosten,
931 947 1796 1010 embles), das Wertvollere von Björnson, einzelnes
1831 956 2709 1020 nur zu wollen, und sie werden sie bekommen.
930 999 1804 1053 von Max Dreyer, die guten Einakter von Hof¬
1827 991 2708 1065 Vielleicht tun sie das, was die anderen ver¬
928 1030 1809 1099 mannsthal, und überhaupt das Lebenskräftige
1828 1033 2710 1109 säumen, vielleicht tun's die aber auch selbst.
936 1077 1809 1147 aus dem brachliegenden Vorrat einer achtzehn¬
1831 1073 2699 1143 Damit wäre ihnen gut gedient, den Schauspielern
937 1130 1808 1188 jährigen Anhäufung auf wechselndem Spiel¬
1828 1130 2701 1186 ebenso, der Literatur desgleichen, und am meisten
939 1161 1802 1230 plan glänzen lassen könnte. Wäre da nicht,
1835 1163 2715 1236 dem — Publikum. Also: Hört Ihr Herrn und
938 1199 1812 1267 bei selbstverständlicher Heranziehung neuer
1828 1222 2271 1290 laßt Euch sagen!....
2275 1233 2670 1314 Norbert Falk.
951 1256 1817 1327 Autoren und neuer Werke mehr für die Kunst
945 1302 1826 1360 und für das Publikum getan, als bei der
949 1336 1821 1407 Selbstquälerei eines ausschließlichen Novitäten¬
947 1402 1144 1463 Systems?
1907 1386 2685 1487 Kleines reuneton.
1000 1451 1816 1536 Der Sünde Brahms ist Reinhardt in
1981 1480 2588 1563 Mascagnis Gespensteroper.
947 1516 1825 1582 gleichem Maße teilhaftig. Auch im Deutschen
1913 1538 2729 1613 Aus einem Buche über Mascagni, das in den
948 1553 1834 1632 Theater und in den Kammerspielen ist nichts
1849 1582 2713 1661 nächsten Tagen in Italien erscheinen soll, ver¬
944 1580 1839 1659 mehr davon zu verspüren, daß es dort einmal
1850 1644 2731 1717 öffentlicht das Giornale d'Italia einige Aus¬
951 1640 1828 1721 die beste „Gespenster“=Aufführung im
1847 1672 2740 1770 züge, in denen auch die merkwürdige Mitteilung
947 1682 1838 1755 ganzen deutschen Lande gab. Wo ist Gogols
1854 1716 2729 1792 enthalten ist, daß der Komponist der „Cavalleria
947 1722 1831 1798 „Revisor“ geblieben? Wo Gorkis „Nacht¬
1855 1754 2731 1831 rusticana“ im Januar 1899 mit der Komposition
961 1771 1829 1839 asyl“ das den Grund zu Reinhardts Ruhm
1862 1801 2741 1882 eines Werkes begonnen hatte, das die Bezeich¬
959 1810 1836 1899 legte? War die Arbeit an Wildes „Salome“ nur
1856 1856 2744 1937 nung einer Gespensteroper ehrlich verdient hätte.
959 1858 1828 1932 für eine Saison und nur für die Bevorzugten, die
1861 1889 2740 1966 Das einaktige Libretto stammte von dem Schrift¬
949 1896 1831 1981 gerade damals in Berlin ins Theater gehen
1862 1932 2745 2014 steller Passallo, die Handlung spielte in spiri¬
955 1937 1835 2011 konnten? Und Shaws „Cäsar und Cleo¬
1860 1974 2742 2053 tistischen Kreisen, und Mascagni hatte
959 1979 1837 2057 patra“? Und „Candida“? Und Wedekinds
1860 2018 2725 2107 die Absicht, die Oper auch kurzweg „Spiritismus“
958 2031 1847 2110 „Marquis von Keith“? — Und was ist aus
1864 2054 2745 2135 zu nennen. Er war von dem Stoffe begeistert.
960 2076 1839 2136 den „Näubern“ geworden, was aus der schönen
1858 2114 2767 2183 Die Handlung spielte sich in dem Salon des
964 2109 1851 2195 „Clavigo“=Aufführung, was aus dem
1873 2146 2759 2220 Grafen Valfreda ab, der in seinem abgelegenen
980 2164 1837 2233 „Wintermärchen“, was aus der farben¬
1876 2191 2754 2261 Schlosse spiritistische Studien trieb. Er pflegte
968 2203 1428 2279 glühenden „Judith“?
1868 2231 2758 2311 berühmte Medien zu sich einzuladen, um mit
1036 2229 1846 2325 Man hat zum Beispiel den zweiten Teil des
1868 2275 2746 2362 ihnen zu experimentieren, und da er ein bes
976 2289 1838 2360 Faust für die Bühne erobert. Ja, allerdings.
1878 2307 2755 2405 geisterter Musikliebhaber war, bestand seine
980 2328 1850 2406 Nur erstreckte sich die Eroberung auf eine Viertel¬
1879 2364 2761 2456 größte Freude darin, mit Hilfe der Medien zu
981 2375 1856 2446 saison: von März bis Mai. Was dann kam —
1884 2409 2755 2487 versuchen, die Geister großer Musiker zu be¬
987 2403 1850 2494 „schweig still, mein Herz!“ Die Art, wie man in
1887 2444 2749 2533 schwören. An dem Abend, an dem die Hand¬
980 2460 1849 2537 der Schumannstraße mitunter einzelne ältere
1891 2492 2755 2576 lung in der Oper spielt, erscheint auch als Gast
978 2517 1850 2579 Inszenierungen auf den Spielplan setzt, ist ja —
1894 2546 2765 2614 ein gewisser Georg in der Versammlung, der
971 2560 1862 2609 bekannt. So kann man ja allerbings kein gutes
1889 2575 2764 2665 seine Gattin aus zweiter Ehe mitbringt. Seine
992 2593 1866 2665 Repertoire machen. Schon ist Berlin in ganz
1891 2620 2766 2699 Frau ist als Medium berühmt, und der Graf
989 2647 1853 2716 Deutschland berüchtigt, daß in einzelnen Theatern
1888 2661 2764 2739 experimentiert mit ihr: der dunkle Saal wird
993 2680 1860 2754 nur für die Premiere gearbeitet wird, für die
1890 2709 2774 2788 plötzlich durch tanzende Flämmchen belebt, dann
990 2718 1862 2811 Erstaufführungs=Hörerschaft und für die Kritik.
1888 2746 2776 2826 zeichnet sich an der Wand ein majestätischer
997 2764 1864 2847 Was nachher kommt —.—, nun: die Stadt ist voll
1893 2789 2772 2870 Schatten ab, unter den Klängen himmlischer
988 2813 1873 2898 von Klagen. Reinhardt gibt jetzt die Figurinen
1897 2838 2778 2919 Musik erscheint der Geist Palestrinas.
992 2866 1855 2929 und Dekorationen seiner erfolgreichen Insze¬
1892 2880 2780 2947 Beim zweiten Versuch erscheint der Geist
1004 2896 1877 2969 nierungen in einzelnen Bänden heraus. Soll
1894 2918 2773 2985 Beethovens, der sich an die Orgel begibt
1005 2946 1870 3025 seine Arbeit nur für solche literarische Nach¬
1904 2962 2783 3052 und zu spielen beginnt ... Mascagni hatte
1001 2993 1873 3064 lese gewesen sein? — Vielleicht gibt ihm die
1898 3009 2773 3081 einen Teil des Werkes bereits komponiert,
1007 3030 1884 3113 Aufreihung seiner Inszenierungsarbeiten die
1896 3052 2798 3118 bis ihm schließlich doch wohl Bedenken kamen,
1004 3074 1873 3157 Richtung, in der er seinen Bühnen ein treff¬
1904 3108 2783 3165 er legte das Libretto jedenfalls beiseite, und so
1007 3116 1882 3181 liches Repertoire schaffen könnte. Seine Schau¬
1905 3133 2788 3213 kam die Welt um diese echte und rechte Ge¬
1008 3157 1754 3237 spieler wollen Aufgaben — hier sind sie!
1913 3205 2153 3272 spensteroper.
1051 3194 1880 3282 Wie Brahm und Reinhardt es machen, so
1017 3246 1887 3327 treiben's die andern. Meinhard und Ber¬
1927 3230 2773 3332 Aus der Akademie der Wissenschaften.
1010 3285 1890 3353 nauer haben nach einem kurzen Anlauf im
1964 3295 2778 3377 In der letzten Sitzung der physikalisch=mathe¬
1009 3335 1899 3416 Berliner Theater die Flinte rasch ins Korn ge¬
1920 3345 2793 3431 matischen Klasse der Berliner Akademie der
1018 3367 1888 3457 worfen und sich dauernd der Posse verschrieben;
1931 3393 2788 3464 Wissenschaften legten zwei hervorragende Ber¬
1017 3420 1894 3499 Alfred Halm steht in hartem Kampf. Er ist
1923 3433 2790 3517 liner Universitätslehrer interessante Ergebnisse
1020 3466 1894 3541 ein kluger, geschickter und fleißiger Mann. Seine
1925 3478 2803 3550 ihrer neuen Arbeiten vor. Der Physiologe Geh.
1018 3514 1889 3587 Bühne würde sich zur Umformung in ein Reper¬
1936 3523 2789 3604 Rat Rubner las über die Beteiligung endo¬
1029 3545 1891 3616 toire=Theater sehr gut eignen. Der kommende
1932 3571 2806 3633 cellularer. Ferme ##e am Energieverbrauch der
1940 3611 2802 3695 Zelle. Rubner zeigte an Versuchen, die an Hefe¬
1033 3655 1451 3730 Distiere in
1934 3656 2797 3742 zellen angestellt worden sind, daß diese nur
1455 3636 1881 3755 „Jartosraph.
1928 3701 2802 3767 Wärme entwickeln, wenn sie in Zuckerlösung sich
1027 3703 1477 3780 Lindström¬
1936 3747 2798 3809 befinden, und daß dabei noch mehr Wärme ge¬
1109 3764 1909 3828 Das große Los, 60 000 Mark, der Regensburger
1941 3788 2811 3863 bildet wird, als auf Grund von thermochemischer
1027 3798 1901 3874 Geld=Lotterie fiel auf die Rummer 129 369 in die be¬
1041 3829 1898 3906 kannte Kollekie von Heinrich Kron, hier, Alexander¬
1949 3824 2808 3911 Berechnung der Alkoholgärungsgleichung erwar¬
1037 3864 1901 3940 straße 54. Der Gewinner ist unbemittelt und Fa¬
1943 3868 2811 3947 tet werden kann. Ein Teil des vergorenen Zuckers
1041 3895 1912 3967 milienvater. Fortuna hat hier wieder einmal ihr
1951 3916 2814 3988 muß also dem Stoffwechsel der Hefe dienen. Es
1047 3939 1903 4002 Können bewiesen. Der Gewinnbetrag ist dem Glück¬
1039 3967 1909 4039 lichen von genannter Firma heut ausgezahlt worden.
1955 3960 2818 4042 kann nicht einfach, wie bisher angenommen
1957 4008 2821 4084 wurde, die ganze Gärung auf Fermentwirkung
1108 4031 1914 4096 Tilla Durieux hat für ihren einzigen
1955 4051 2822 4125 beruhen. Dies legte Rubner dann durch weitere
1039 4068 1911 4126 Vortragsabend am kommenden Montag in der Sing¬
1959 4097 2818 4160 Versuche näher der. Ferner zeigte er, daß die
1041 4095 1910 4159 akademie folgendes Programm gewählt: Heinrich
1039 4132 1915 4193 Mann: Einevra degli Amieri (Das Erwachen vom
1956 4150 2816 4197 überwiegende Menge der von der Hefe erzeugten
1049 4165 1911 4241 Tode); Odyssee, 6. Gesang, „Rausikaa“, In der Ueber¬
2249 4178 2818 4236 ale Prozesse zurückzuführen ist.
1962 4202 1994 4236 *
1292 4200 1927 4254 Rudolf Alexander Schroeder, ferner
