3484 4320
1084 251 1159 320 W
265 256 1286 365 18. Der einsane eg
522 974 1326 1063 Sehen. Lnd, amern. 131—133, runder 148
163 1004 359 1071 chmälern
429 1015 795 1091 bis 152 frei Wagen.
171 1057 408 1111 des Wannsee¬
438 1052 1314 1117 Erbsen, inl. und ausl. Futterware, mittel 163—169,
166 1096 415 1149 sondern sogar
440 1115 1320 1164 fein und Teubenerbsen 170—179 ab Bahn und frei
170 1135 400 1188 srechts einge¬
443 1160 1316 1207 Wagen. Weizenmehl 00 23,50—25; Roggenmehl
175 1175 401 1228 Rundschreiben
442 1196 1323 1264 0+1 20.60—22,20; Weizenkleie, grob und fein 10,50
175 1215 399 1269 Januar 1897
439 1226 623 1293 bis 11,10.
160 1253 413 1309 khr befugt sei,
170 1294 406 1347 rks eine Kon¬
188 1332 400 1385 Stadt gegen
435 1421 1321 1476 diesen Verdacht — wenn auch nur auf der Suche
197 1419 406 1482 man sagen
435 1467 1318 1518 nach einem Vorwand — aufgreifen kann. Immer
274 1461 404 1518 dieser
431 1506 1317 1575 muß die Emilia in des Jago Argwohn stehen,
300 1509 407 1560 I ge¬
434 1551 1314 1605 muß ihn dadurch aufregen, reizen, in Rage brin¬
284 1549 411 1610 wern
307 1601 408 1654 aher¬
429 1596 1324 1645 gen. Dann wird die Grobheit auch begreiflich,
432 1633 1331 1688 mit der sie der stets beleidigte, stets mißtrauische
326 1640 404 1699 dim
444 1672 1326 1736 Gatie behandelt. So tüchtig sie, rein schauspiele¬
308 1687 409 1751 äßige
440 1721 1318 1771 risch, als Emilia wirkte, so wenig war Frau
321 1734 409 1786 aub'
439 1754 1325 1817 Butze in dieser Rolle an ihrem Platz. Eine süßere
327 1770 416 1833 ort¬
440 1810 1332 1855 Desdemona als Frau Willig hab ich mein Tage
342 1822 393 1873 ld“
433 1848 1325 1903 nicht gesehen. Sie war so süß wie Streuzucker,
352 1871 415 1925 er
443 1905 1340 1947 so süß, wie nur die süßesten Dinge beim Konditor
360 1904 419 1962 n.
452 1935 1323 1996 sein können. So mundgespitzt und augenverdreht
350 1957 401 2009 icke
437 1981 1325 2043 und übergeziert süß, daß man bei dieser kandier¬
356 2004 410 2048 er
446 2027 1324 2082 ten Desdemona anfing nach Bitternissen zu
442 2066 1332 2128 schmachten. Herr Staegemann als Cassio reizend.
372 2057 441 2140 1
442 2111 1343 2166 Man kann es nicht anders sagen: reizend. Jüng¬
442 2157 1337 2205 linghafte Anmut. Pagentrotz und =Unband, das
342 2175 420 2230 iche
435 2193 1341 2253 Aufkeimen und Spüren junger Männlichkeit. All
325 2218 430 2275 dem
447 2239 1337 2294 das sehr menschlich und beinahe ganz ohne
352 2264 420 2322 rn,
448 2285 1324 2339 Theaterei. Bleibt der Othello des Herrn Mat¬
371 2311 422 2364 n.
449 2335 1333 2383 kowski. Auffallend war sein Streben nach Ein¬
357 2357 428 2403 ten
453 2382 1336 2432 fachheit; sein Suchen nach natürlichen, fein ge¬
339 2396 425 2455 fer¬
456 2420 1336 2473 stuften Uebergängen. Wo er sie fand, gab er
380 2432 433 2496 er
445 2458 1343 2522 Wirkungen, denen man sich nicht zu entziehen
450 2502 1337 2565 vermag, lieh er dem Mohren eine adlige Würde,
445 2559 1336 2604 eine seelische Schönheit von strömendem Glanz.
459 2586 1333 2644 Dazwischen brach das Deklamatorische oft aus
445 2632 1331 2680 seiner Heldenbrust hervor, dröhnend, daß die
366 2661 422 2716 hn
452 2674 1340 2728 Wände bebten. Und aus dem Deklamatorischen
360 2710 427 2767 den
448 2716 1341 2777 ein paar Male das Tenorhafte, das fatale Tenor¬
343 2758 429 2807 ohl
459 2772 1333 2818 hafte. Hätte er in solchen Augenblicken ange¬
313 2801 423 2857 hmen.
449 2805 1327 2873 fangen zu trillern, man wäre gar nicht erstaun
342 2850 430 2903 un¬
455 2860 644 2927 gewesen.
312 2895 430 2950 dann:
204 2933 430 2994 kaum merk¬
214 2979 442 3039 Nicht bloß.
508 2957 1327 3031 Im Deutschen Theater ein halb gelungener,
451 3021 1329 3076 halb mißratener Abend. „Die Mitschuldigen“
160 3019 437 3094 Ich habe der
450 3064 1338 3135 von Goethe. Ein totgeglaubtes Stück, das
160 3066 422 3128 zugesehen ...“
447 3102 1333 3171 wieder lebendig wurde. Hier ist alles er¬
153 3109 438 3177 Wesen, seiner
168 3158 424 3220 Kameradschaft
458 3152 1336 3220 greifend. Die junge, eben erst erwachte und
447 3205 1344 3260 im Erwachen auch schon lächelnde Lebens¬
153 3200 440 3261 iß. Auch die
440 3239 1338 3292 weisheit des jungen Goethe. Seine juvenile
161 3245 432 3310 gsein. Jung,
452 3281 1347 3361 Befangenheit in der Tradition. Der altväterliche
147 3293 429 3356 uß sie's be¬
440 3324 1343 3387 Duft von Puder, Allongeperrücken und
186 3341 439 3391 Jago den
161 3381 1344 3453 erdacht hat, summetrischer Zierlichkeit, der hier den arößten
1420 248 1888 347 box 23/3
2948 951 3173 1039 ——
1747 975 2216 1058 der Ludwig Loweschen
2659 1002 3345 1090 Krach der rechten Seite des Hause
1749 1014 2635 1094 fabriken übernommen — praktische Kenntnisse
2659 1066 3337 1142 abgebettelt hatte, und nicht bloß da
1748 1081 2646 1142 des Verwaltungswesens erworben hatte. Im
2659 1105 3347 1177 er stimmte auch allen jenen verkehrs
1754 1124 2641 1206 Juni 1902 ward er als Thielens Nachfolger
2654 1157 3338 1236 Maßnahmen zu — wie der Erhebung
1762 1167 2634 1253 in das Ministerium der öffentlichen Arbeiten
2663 1205 3348 1285 fahrtsabgaben auf den offenen St
1752 1221 2637 1284 berufen, aber noch nicht vier Jahre der Minister¬
2661 1245 3337 1331 welche die Konservativen als Lohn fi
1759 1280 2648 1330 tätigkeit waren ihm beschieden. Seit Jahr und
2646 1302 3344 1371 willigung des Kanalstummels forder
1759 1316 2643 1373 Tag schon konnte er seines zehrenden Leidens
2654 1401 3332 1474 hundertfünfzig Jahren ein Begriff
1763 1426 2642 1499 aller Menschen noch umschwebt. Und durch¬
2660 1451 3338 1522 worden ist, vermag es nicht, immer
1749 1475 2653 1539 schimmernd schon der freie Naturalismus seiner
2673 1500 3340 1558 denken, wie kühn dieses Lustspiel ein
1755 1517 2654 1585 Anschauung. Ihm sind alle diese Familien ein
2687 1533 3344 1601 (vor dritthalb hundert Jahren) und i
1765 1562 2645 1625 wenig wurmstichig. „Wie viele Familien habe ich
2680 1588 3337 1654 stande, sich unaufhörlich zu besinn
1769 1609 2652 1670 schon näher und ferner durch Banqueroute, Ehe¬
2669 1620 3347 1693 Jolge Molière gehabt hat. Man lan
1768 1654 2657 1704 scheidungen, verführte Töchter, Morde, Haus¬
2678 1669 3340 1743 halten zu Gnaden. Und man den
1772 1689 2659 1748 diebstähle, Vergiftungen entweder ins Verderben
2674 1716 3334 1784 uns heute dieses Spiel? Weiland
1766 1743 2650 1798 stürzen oder auf dem Rand kümmerlich erhalten
2670 1752 3321 1826 wigs Wurstltheater. Mehr nicht,
1767 1781 2648 1846 sehen, und hatte, so jung ich war, in solchen
2669 1777 3345 1853 Gnaden! Ein verfehltes Unternehr
1766 1823 2661 1899 Fällen zur Rettung und Hilfe öfter die Hand
2668 1842 3347 1918 Aufführung. Doppelt verfehlt mit
1765 1867 2653 1928 geboten .. Ihm ist Alceste doch nur der noble
2673 1893 3320 1962 lind als Tartüff. Frank Wedekind
1767 1917 2655 1970 Kavalier, dem zuletzt jedes Mittel recht ist, die
2670 1913 3342 2010 lent zum Schauspieler zu haben. Wa
1770 1960 2654 2011 kleine Wirtstochter zu besitzen. Spricht er zu
2673 1976 3343 2055 Da er so zäh daran festhält, bezw
1764 1999 2654 2064 der Bürgerlichen, der er von seiner Standeshöhe
2670 2021 3339 2097 gar nicht; bezweifle es nicht, wenn
1770 2044 2656 2099 herab auch den Diebstahl zutraut, verliebt in
2684 2072 3339 2143 von seinem Rang, im Mensch von sei
1774 2074 2661 2145 lyrischen Worten, so hats nicht viel auf sich.
2681 2098 3355 2186 tät, aus irgend einer inneren Quells
1772 2143 2654 2186 Man war in den Tagen der Schäferspiele ge¬
2674 2150 3348 2227 versicht schöpft. Was ihn bisher hinde
1772 2173 2661 2226 wöhnt, bei solchem Anlaß die Pfeifen gleich ganz
2683 2199 3323 2260 Empfindlichkeit, sein Lampenfieber.
1762 2217 2651 2281 hoch zu stimmen. Sophie flötet in denselben
2679 2245 3311 2315 kleinen, wichtigen und scharfen
1775 2267 2663 2325 Tönen, die von Edelmut nur so vibriren und
2670 2284 3344 2365 überwinden. Es mußte schonend beh
1775 2293 2663 2374 fügt sich dann doch gerne dem Lüderjahn von
2671 2331 3337 2405 mußte davor beschützt bleiben, durch
1777 2340 2656 2403 Gatten Da ist dann wieder die jugendlich¬
2686 2380 3336 2443 Mißerfolg noch schlimmer, vollends
1763 2389 2655 2449 naive Verve des „Schwamm drüber“ ergreifend.
2690 2417 3346 2489 bar zu werden. Wedekind als Tartü
1774 2434 2662 2492 mit der Goethe ein wenig frech und verächtlich
2674 2474 3341 2528 zwei Akte lang angekündigten, zwe
1767 2480 2663 2548 diese Figürchen abtut, sie nasenstübernd par¬
2678 2517 3327 2569 erwarteten Stückträger exponiert zu
1767 2515 2660 2593 donniert und von der Szene fegt. Die Regie
2686 2554 3341 2613 Reinhardts Fehler. Frank Wedekt
1775 2564 2670 2622 ging diesmal ganz aufs Inwendige, auf die
2687 2603 3344 2667 dieser Rolle gar nicht kritisiert #
1766 2613 2669 2660 Menschlichkeiten dieses Gedichtes, fand dann von
2677 2639 3335 2704 wenn er sie schlecht, wenn er sie fal
1774 2650 2672 2716 hier aus seine zierliche äußere Form und führte
2688 2688 3338 2756 sie überhaupt gespielt hätte! Abe
1771 2694 2666 2766 die Mitschuldigen auf, wie man ein altes
2679 2727 3343 2805 Zustand krampfartiger, fast schor
1779 2734 2661 2806 Konzertstück spielt, mit reduziertem Orchester,
2684 2782 3337 2849 folgungswahn streifender Befangen
1772 2792 2667 2847 mit sordinierten Geigen, oder wie man etwa
2688 2826 3332 2887 er froh sein, daß es ihm gelang,
1784 2819 2657 2898 eine alte Serenade auf dem Spinett begleitet,
1783 2873 2669 2942 oder wie man eine Sarabande tanzt. Da waren
2687 2867 3251 2950 Text ohne Unfall aufzusagen.
1784 2915 2678 2979 die Alexandriner von einer leichtsinnigen Herz¬
1782 2949 2676 3034 lichkeit beseelt (niemand traf das besse: als
2736 2965 3338 3058 Weil wir gerade von Reinhaf
1781 2992 2675 3061 Frl. Höflich), da waren alle Bewegungen
2682 3038 3336 3101 In diesen Tagen ist eine Broschür
1781 3042 2672 3104 huschend, mühelos stilisiert, leise parodistisch
2678 3079 3348 3147 die ernsthaft den Titel führt: „De
1791 3096 2677 3157 dabei und von einem musikalischen, menuett¬
2703 3123 3341 3189 hardt oder der künstlerische B#
1788 3142 2671 3204 haften Rhythmus. Und die Szene erinnerte
2687 3163 3333 3234 Deutschen Theaters zu Berlin". De
1783 3173 2669 3240 mit ihren Interieurs, wie mit ihren Figuren,
2692 3210 3324 3279 Broschüre: „Geschmacksverderber",
1784 3223 2569 3289 an die traulichen Stiche von Chodowiecki.
2882 3260 3329 3324 „literarischer Abenteure
2681 3269 2828 3328 ling",
1845 3263 2674 3350 Hierauf „Der Tartüff“. Aber man ver¬
2696 3305 3337 3363 Kampfmittel: „Ein intimer Freun
1792 3314 2684 3385 mag sich's wirklich nicht beständig vorzuhalten,
1799 3349 3333 3438 wie ehrwürdig diese Gestalt, wie sie seit zwei= äußerte ...“ — „Ein mir bekan
