3436 4256
231 211 1839 332 18. Der einsane Neg box 23/4
1235 339 1789 443 gubelter-Zeitung, Wien
784 365 1230 459 Husschnitt aus:
1179 420 1544 531 20. 2.1974
793 481 968 554 vom:
1490 594 1768 719 Kunst.
961 616 1479 728 Theater und
1203 737 1528 813 Burgtheater.
908 762 1931 856 Donnerstag den 19. Februar. Zum erstenmal: „Der
803 847 1926 906 einsame Weg.“ Schauspiel in fünf Atten von Arthur
796 901 1076 957 Schnitzler.
877 932 1919 991 Als Verhart Hauptmann seine „Einsamen Menschen“
803 981 1941 1051 schrieb, da stellte er die überlieferten Anschauungen einer alten,
802 1028 1933 1097 allgemach versinkenden Zeit dem Neuen gegenüber. Es war
807 1069 1930 1137 damals eine Zeit der literarischen Gärung, in der der ent¬
799 1115 1937 1185 schiedene Versuch gemacht wurde, nicht allein nach neuen Aus¬
810 1160 1943 1239 drucksformen der Dichtung, sondern auch um die geistigen
807 1215 1942 1282 Zeitinhalte zu ringen. Die Menschen der neuen Zeit fühlten
802 1257 1939 1336 sich innerhalb des Kreises der alten Zeit als hoffnungslos
808 1303 1938 1368 vereinsamt und zogen sich magnetisch an. Als ein literarisches
805 1346 1942 1422 Zeugnis dieser Zeitstimmung wird Gerhart Hauptmanns Werk
814 1397 1943 1457 noch weit über seinen unzweifelhaften künstlerischen Wert dauernde
809 1442 1950 1505 Bedeutung behalten. Arthur Schnitzlers Art hat ihn selten zur
804 1487 1948 1563 dichterischen Behandlung von Zeitproblemen geführt er ist meist
815 1537 1941 1604 im Kreise psychologischer und individueller Gebiete geblieben.
807 1576 1948 1647 Aber hierin hat er es zur Meisterschaft gebracht. Dabei darf
813 1627 1943 1703 man ihm die wienerische Note nicht zum Vorwurf machen. Sie
813 1669 1952 1743 war die ihm gemäßeste. Gerhart Hauptmann und Arthur
814 1716 1958 1790 Schnitzler sind doch die einzigen zwei großen Namen in der
818 1778 1949 1846 dramatischen Literatur Deutschlands in den letzten zwei Jahr¬
811 1816 1950 1898 zehnten, denen sich Schönherr erst in der letzten Zeit an¬
816 1877 1120 1946 geschlossen hat.
917 1908 1952 1976 Das Schauspiel „Der einsame Weg“ bedeutet zweifellos
810 1974 1953 2028 einen Gipfelpunkt seiner Kunst. Es handelt sich hier weder um
809 2008 1952 2085 das von Gerhart Hauptmann behandelte Problem noch um eine
824 2068 1955 2126 wienerische Dichtung. Von geschichtlicher Zufälligkeit und lokaler
825 2107 1957 2186 Echtheit erhebt sich die Idee des Stückes zur menschheitlichen All¬
812 2153 1959 2232 gemeingiltigkeit. Die Personen sind wienerisch bis in die Knochen, wie
817 2196 1963 2278 denn jede echte Dichtergestalt den Erdgeruch an sich haben muß;
815 2242 1956 2304 aber was sie erleben, was sie handeln und leiden, ist allgemeines
819 2291 1953 2358 Menschenlos. Und es ist jenes tieftragisch. Los, das die Mensch¬
816 2331 1969 2413 heit zu schleppen bestimmt ist bis ans End aller Tage, jenes
825 2395 1972 2449 Los, das die alte Weisheit Indiens im Bilde vom Schleier
817 2430 1966 2508 Majas schon gekennzeichnet hat. Nicht umsonst kehrt an einigen
817 2481 1962 2552 bedeutungsvollen Stellen des Dramas das Wort „Schleier“
822 2523 1964 2594 wieder. Daß es uns Menschen für ewig verwehrt ist, die Seele des
822 2569 1961 2634 Menschen neben uns nackt vor uns sehen zu können, das ver¬
832 2630 1953 2687 dammt jeden von uns dazu, einen einsamen Weg zu gehen.
823 2664 1972 2732 Im Lärme des Lebens, im Gewirre des Tages denken wir
824 2716 1974 2778 nicht an diese Grauenhastigkeit und viele denken nie daran.
833 2759 1964 2821 Aber wer gewohnt ist, über den Tag und über sein kleines Ich
833 2805 1969 2864 hinauszuschauen, wird immer wieder und umsomehr, je länger
833 2851 1969 2920 die Schatten des Lebenstages fallen, an diese entsetzliche
835 2902 1959 2963 Einsamkeit gemahnt, die sich vor ihm erhebt und ihn mit
833 2958 1098 3030 Qual erfüllt.
944 2993 1970 3057 Eine Familie lebt vor unseren Augen und ihre seltsamen
832 3033 1974 3113 Einzelglieder, tiefer empfindende Menschen, ieben — jeder in
826 3083 1976 3157 seiner Einsamkeit. Je bedeutender sie in ihrem Gefühlsleben sind,
839 3131 1973 3201 umsomehr leiden sie. Nicht was sie äußerlich trennen zu müssen
832 3178 1974 3250 scheint, ist die Hauptsache. Nicht das Geheimnis, daß der Sohn
829 3224 1975 3299 Felix nicht das Kind Wegraths ist, sondern wenige Tage
834 3275 1979 3334 vor der Hochzeit von einem anderen gezeugt wurde, ist
834 3319 1971 3397 das Entscheidende. Die Mutter wird viel mehr gequält durch
1514 3366 1857 3478 en Sren .
1941 183 3092 254 der. Gedanken an Fichtner, den wirklichen Vater, der ihr so
1941 257 3098 309 fremd geworden. Wegrath nebt seinen Sohn und seine Tochter,
1940 282 3091 347 aber da alles zusammenbricht und Felix nach Johannas Selbst¬
1943 328 3088 388 mord ihm mit tiefstem Gefühl, obwohl er weiß, daß er nicht
1939 371 3088 450 sein Vater ist, mit überströmender Zärtlichkeit „Vater“ zuruft,
1942 431 3097 482 da antwortet dieser: „Müssen solche Dinge geschehen, daß mir
1938 461 3089 514 dieses Wort klingt, als hört' ich's zum erstenmal?“ Und in
1932 507 3088 564 dieser Frage liegt der Gedanke, daß Vater und Sohn einsame
1942 556 3097 634 Wege gegangen sind. Als man im Hause Wegrath nicht weiß,
1944 606 3087 678 wo Johanna ist, da jammert der Vater: „Warum hat sie nichts
1950 637 3095 721 zu mir gesprochen? Warum hab' ich nichts von ihr gewußt?
1948 696 3093 754 Warum bin ich ihr so fern gewesen?" Und Johanna ist ein
1951 743 3094 801 besonders seltsames Wesen, das seinen einsamen Weg bis in den
1933 785 3090 846 Tod mit Stärke und Bewußtsein geht, unverstanden und un¬
1947 835 3102 903 verstehbar für alle um sie. Nur ihre Mutter hat eine gewisse
1935 887 3102 949 Hellsichtigkeit auch für sie. Die Sterbenskranke sagt zu ihrem
1949 930 3110 988 Arzte: „Für mich wäre es eine rechte Beruhigung, wenn ich
1945 978 3094 1046 Sie hier zurücklassen dürfte unter diesen Menschen, die mir alle
1940 1020 3099 1084 so nahe sind und die doch alle voneinander nichts wissen,
1948 1072 3109 1134 kaum ihre Beziehungen zueinander kennen und dazu b immt
1945 1113 3102 1192 scheinen, auseinander zu flattern, weiß Gott, wohin.“h ihr
1954 1172 3102 1221 Bruder Felix fragt sie, von ihrer verschwiegenen Art # roffen:
1957 1216 3104 1280 „Wozu nur magst du geschaffen sein?“ Und sie seler, die
1958 1262 3109 1328 glaubt schon einmal gelebt zu haben und wahrscheinh hofft,
1950 1299 3113 1366 wieder einmal zu leben, sagt die in dem Mun# eines
1963 1355 3102 1410 jungen Mädchens so absonderlichen Worte: „Ich den!, Felix,
1960 1393 3112 1455 daß es die Bestimmung mancher Menschen sein mag, einander
1967 1437 3110 1504 gar nichts anderes zu bedeuten als Erinnerung.“ Auch der
1960 1480 3109 1560 Vater Wegrath, ein sehr einfacher, aber doch tieffühlender Mann¬
1956 1527 3113 1583 kennt schmerzlich die Empfindung der Einsamkeit: „Arbeit ist
1958 1581 3111 1650 doch das einzige, was einem über dieses Gefühl des Alleinseit.s
1966 1630 3109 1689 hinweghilft ... dieses Alleingelassenseins . .. Was die anderen
1959 1671 3106 1720 Menschen anlangt, auch unsere Freunde sind doch nur Gäste in
1964 1738 3113 1786 unserem Leben, erheben sich vom Tisch, wenn abgespeist ist,
1963 1774 3104 1841 gehen die Treppe hinab und haben — wie wir — ihre eigene
1967 1812 2595 1880 Straße und ihr eigenes Geschäft.“
2066 1831 3118 1928 Ueber den Schleier der Maja, der Individuum von Indi¬
1961 1909 3112 1973 viduum trennt und der so schmerzlich empfunden werden kann,
1964 1950 3105 2006 spricht aber der Doktor Reumann das entscheidende Wort. Felix
1960 2000 3113 2064 sagt mit Beziehung auf die verschwundene Johanna: „Wer hat
1963 2045 3118 2102 sie denn gekannt von uns allen? Wer kümmert sich denn über¬
1963 2087 3108 2165 haupt um die anderen?“ Und Reumann antwortet: „Es ist
1965 2136 3116 2200 wahrscheinlich gut so, sonst würden wir alle toll vor Mitleid
1973 2193 3118 2243 oder Ekel oder Angst.“ Und so ist dieser Schleier, der uns oft
1974 2228 3116 2307 so unglücklich macht, doch eine herbe Notwendigkeit wie der
1976 2287 2395 2363 Tod, den alle fürchten.
2075 2303 3119 2399 Wir alle leben aneinander vorbei — wir alle können nur
1985 2365 3114 2429 — jeder für sich — unser eigenes Leben führen. So geht denn
1969 2423 3118 2479 durch das ganze Stück, das in seiner feinen Stimmung und leisen
1976 2466 3116 2523 Abgetöntheit eines der besten Werke Schnitzlers ist, eine tiefe
1973 2507 3116 2573 und dunkle Traurigkeit, die wunderbar ans Herz greift. Wieder
1968 2576 3115 2622 freuen wir uns der Menschenkenntnis eines Denkers, der uns
1972 2598 3121 2673 seine Weisheit, da er ein Dichter ist, in künstlerischen Gestaltungen
1976 2664 2313 2731 vor Augen führt.
2082 2679 3109 2756 Die Darstellung dieses Stückes ist nicht leicht. Es gehören
1976 2751 3119 2803 auserlesene Schauspieler dazu. Es wurde schon einmal in Wien
1982 2790 3125 2849 von den Berlinern gespielt und nach dem einstimmigen Urteil
1984 2836 3125 2899 der Kritik vortrefflich. Die Vorstellung im Burgtheater litt unter
1978 2883 3117 2944 dem Fräulein Wohlgemuth. Sie gab die Johanna. Völlig
1984 2931 3121 2994 ungenügend — aber sie ist schön. Ja, sie ist schön. Aber sie hat
1984 2971 3132 3042 die Schönheit einer Statue. Sie hat kein Leben, sie ist starr. Es
1981 3008 3122 3090 gibt ja gewisse Rollen — nicht allzu viele —, die gerade sie
1983 3076 3122 3139 vortrefflich geben wird (man denke an „Medardus“), aber es
1984 3105 3109 3171 fehlen ihr Empfindung, Schwung und Anmut. Und nun gar
1978 3163 3114 3235 die Johanna des Stückes. Diese im Innersten umflorte Seele,
1988 3210 3119 3270 diese komplizierte Erscheinung, dieses aus tiefster Empfindung
1982 3253 3109 3315 und seltsamster Herrheit gemischte Wesen erfordert mehr schaus
1965 3295 3126 3368 spielerische Begabung, als Fräulein Wohlgemuth zu eigen ist
2836 3351 2902 3415 murn
2019 3409 3113 3483 je war die einzige im ganzen Stücke, die wir gern durch eine
2022 3454 3112 3544 dere ersetzt gesehen hätten. Alle anderen waren an ihrem
2015 3506 3123 3574 atze: Frau Bleibtreu als Irene Herms, die verlassene Ge¬
2019 3549 3116 3618 bte, die gewesene Schauspielerin, eine Art weiblicher Natur¬
2010 3608 3127 3684 rsch, resch, fesch und dabei doch das Gemüt tief ergreifend,
2009 3657 3116 3716 au Haeberle als Mutter, schlicht und eindrucks¬
2016 3679 3126 3774 Il, Herr Paulsen als Wegrath, der einfache und redliche
2018 3736 3130 3825 ann, Herr Gerasch sogar als Felix überraschend natürlich
2015 3785 3132 3867 d, da er nicht zu schreien hatte, sehr verständlich, Herr
2012 3819 3132 3913 evrient als Fichtner, der vielleicht nur in seinem Wesen
2022 3870 3136 3946 schter zu halten wäre, Herr Walden als v. Sala, der echte,
2017 3941 3140 4007 icht skeptisch=frivole Weltmann, Herr Herterich als Arzt,
2008 3974 3147 4041 stimmt und zurückhaltend. Die von Herrn Devrient
2014 4028 3127 4095 führte Regie verdient alles Lob. Das Publikum nahm das
2015 4064 3135 4142 tück mit viel Beifall auf und nach dem dritten, vierten und
2946 4107 3101 4166 E. P.
2151 4123 2841 4171 Akterschien der Antor, um zu danken.
