3436 4320
948 238 1011 289 I
1437 216 1911 317 box 23/2
280 219 1290 325 18. Der einsene deg
1295 797 3153 874 Zweite Beilage der Breslauer Zeitung. — Sonntag, den
1845 915 3144 993 dem „Kunstbeamten“ Wegrath, lieh Herr Stange bei aller Feinheit der
918 943 1554 1020 Breslauer Cheater.
1873 965 3149 1035 Gestaltung doch gar zu weiche Züge. Der schwerste Part war Fräulein
639 991 1873 1085 C. B. Lobe=Theater. „Der einsame Weg.“ Schauspiel in
1882 1016 3146 1071 Santen zugefallen, die die leidenschaftliche, hysterische Johanna zu ver¬
572 1045 1873 1111 fünf Akten von Arthur Schnitzler. — Es ist ein eigenes Verhängnis
1881 1072 3148 1135 körpern hatte. Für die Leidenschaft fand sie, Dank ihrem künstlerischen
588 1106 1875 1170 Schnitzlers, daß geräde die feinsten und dichterisch gehaltvollsten seiner
1888 1126 3161 1187 Temperament, den rechten Ausdruck, den krankhaften Zug blieb sie ein
595 1147 1873 1216 Dramen das Licht der Bühne nicht zu vertragen scheinen. So ging es
1875 1162 3144 1240 wenig schuldig. Herr Johow schien sich in seiner Rolle als Dr. Reu¬
581 1208 1871 1272 dem „Schleier der Beakrice“ — so dürfte es vermutlich dem „einsamen
1880 1210 3156 1276 mann, recht unbehaglich zu fühlen, und sie kommt ihm auch eigentlich
591 1252 1874 1321 Weg“ ergehen. Auch dies ist ein Werk voll zartester Stimmungen, goldener
1879 1272 3155 1334 nicht zu. Die Regie war, bis auf den etwas verunglückten Schluß des
583 1304 1877 1363 Wahrworte, subtilster seelischer Regungen. Aber die Stimmungen zer¬
1888 1316 3164 1384 vierten Aktes, anerkennenswert. Das Publikum ließ sich von den reichen
588 1350 1871 1426 flattern, die Wahrworte verhallen, die Seelengemälde verschwimmen in
1886 1361 3169 1434 dichterischen Schönheiten des Werkes willig gefangen nehmen und spendete
588 1403 1882 1480 der grellen und lauten Deutlichkeit der Bühne. So mutet das Drama,
1896 1424 3167 1485 lebhaften Beifall. Das ist ein ehrenvolles Zeugnis; dem mag auch der
586 1465 1884 1519 dessen Lektüre einen schwelgerischen Genuß bedeutet, an wie eine Ent¬
1893 1481 3178 1536 Theatermann Schnitzler unterlegen sein; der Dichter hat einen vollen
593 1519 1880 1589 täuschung. Wie eine Blume, die sich vor der Sonne verschließt, wie eine
1894 1527 2184 1585 Sieg errungen!
600 1572 1880 1634 Phosphorschrift, die im hellen Lichte nicht erkennbar wird. Sicher
594 1611 1900 1686 mag die Bühne mit ihren derben Forderungen dem Ausdruck
1625 1660 1894 1730 Grade weil
599 1663 1618 1720 geinster und keuschester Empfindungen widerstreben.
602 1712 1901 1791 Schnitzler in dieses Werk so viel aus eigenster Seelentiefe gelegt hat, hat
605 1772 1906 1847 er, mehr fühlend als gestaltend, die äußere Wirkung geschmälert. Und
605 1814 1895 1881 doch ist es nicht nur dieser Widerstreit, an dem er gescheitert ist. Viel¬
600 1856 1901 1918 mehr ward ihm auch ein technischer Fehler verhängnisvoll: der eine, so
600 1916 1894 1989 oft schon verübte, daß er füt eine These allzuviel des Beweis¬
609 1966 1903 2040 materials heranzog. Die Tragödie des Egoismus wollte er geben, vor
611 2006 1903 2070 dem „einsamen Wege“ wollte er warnen, der jedem selbstsüchtigen
602 2064 1908 2146 Genießer am Ende seiner Tage droht. Und in edelster künstlerischer
608 2109 1909 2193 Absicht dachte er diese Tragik rein psychologisch zu schildern, unter
608 2187 1900 2238 möglichstem Verzicht auf eine äußerlich bewegte Handlung. Aber er be¬
604 2230 1909 2283 dächte nicht, daß es grade für die Lösung dieser Aufgabe nolwendig war,
606 2259 1909 2335 das Interesse auf eine einzige Gestalt zu konzentrieren. Er führte noch
603 2314 1922 2387 eine zweite ins Treffen, und er zersplitterte so die Handlung und damit
607 2366 1928 2435 Die Teilnahme der Hörer. Weniger wäre auch hier mehr gewesen! Diese
617 2423 1907 2488 eine Gestalt ist der Maler Julian Fichtner. Als ein ruheloser Genuß¬
609 2469 1912 2543 meusch ist er durchs Leben gestürmt, seine Jugend, seine Mannesjahre
609 2522 1911 2577 sind ihm in einem Rausch von Zärtlichkeit und Leidenschaft, „ja von
609 2575 1912 2640 Macht“ verflossen, und die Blumen der Liebe hat er nur gepflückt, um
607 2609 1928 2694 sie dann achtlos fortzuwerfen. Auch an seinem Freunde Wegrath hat er
607 2679 1928 2739 einen Verrat begangen; wenige Wochen vor der Vermählung hat er ihm
613 2716 1919 2772 die Braut verführt. Wohl hatten die Sündigen die gemeinsame Flucht
613 2772 1919 2836 verabredet; aber in letzter Stunde hat er erkannt, welche Last er dann
607 2823 1904 2884 mit auf seinen Lebensweg werde schleppen müssen, und in der Sehn¬
621 2877 1926 2937 sucht, sein Dasein in froher Ungebundenheit weiterzuführen, läßt er die
613 2923 1920 3001 Verführte vergebens harren und flieht in die Ferne hinaus. So wird
614 2969 1922 3028 sie die Gattin des getäuschten Freundes, das Kind Fichtners unter dem
618 3018 1928 3086 Herzen. Niemand ahnt den ungeheuren Betrug, selbst dann nicht, als
614 3074 1933 3129 Fichtner zehn Jahre später das Haus des Freundes wieder aufsucht.
609 3126 1923 3191 In Freundschaft bleibt er den Eltern wie den Kindern verbunden. Da,
613 3190 1938 3245 nach weiteren dreizehn Jahren, kehrt er nach einem unsteten Wanderleben:
617 3234 1918 3284 wieder heim, er hört, daß die Mutter seines Sohnes gestorben, und
618 3263 1940 3329 nun regt sich in ihm, dem völlig Vereinsamten, das Begehren, diesen Sohn
620 3328 1930 3396 auch ganz besitzen zu dürfen. Wenigstens den Rest seines Lebens will
626 3369 1932 3445 er nicht mehr in öder Verlassenheit gehen, und so sucht er, den Sohn an
611 3412 1928 3508 sich zu fesseln. Aber, erschreckt durch den Betrug, der hier begangen,
609 3472 1930 3538 durch die Lüge, die hier ins Ewige gezogen ist, wendet sich dieser von ihm.
621 3537 1926 3599 und der einst so kaltherzige Egoist muß nunerkennen, daß ihm seine!
609 3564 1940 3643 Selbstsucht zum Verhängnis geworden ist, daß er schmerzvoll und allein
602 3627 1933 3691 ifortan seine Straße ziehen muß.: Neben diese Gestalt hat Schnitzler eine
621 3675 1933 3742 zweite gestellt, die wohl die gleichen Anschauungen vertritt, nur in edlerer,
618 3729 1929 3795 künstlerisch stilisierter Auffassung, den Dichter Stephan von Sala. Es
623 3781 1937 3836 ist der Typus jenes Jungwienertums, das spielerisch von allen Freuden des
619 3824 1934 3900 Lebens schlürft, und doch über alle seine Tiefen anteillos hinweggleitet,
611 3876 1940 3936 getreu jener Doktrin, die ihr großer Meister Nietzsche aufgestellt hat: „Nicht
617 3925 1932 4011 an einer Person hängen bleiben, und sei sie die geliebteste — jede Person
608 3978 1931 4032 ist ein Gefängnis — oder ein Winkel.“ Auch dieser Lebenskünstler scheitert
620 4028 1921 4099 mit seiner Theorie, wenn er es sich auch selbst nicht voll eingestehen
622 4087 1939 4146 will. Auch er muß in letzter Stunde, da ein liebendes, hochherziges
1741 4128 1926 4189 liebeleeres
