3436 4256
1392 222 1882 321 box 23/3
243 230 1259 342 18. Der einsane Neg
1792 1342 2325 1414 #r #, umschicn
2309 1353 3115 1461 sie haben keine Ausweisung zu fürchten.
161 1366 2322 1463 dieselben! Reform, die jetzt auf der Tagesordnung steht Haussuchungen, Verhaftungen und jene körper¬
173 1431 2323 1525 geborenen und nicht verschwinden wird, so sehr be¬ liche Mißhandlung, die unter dem Titel
2301 1515 3306 1600 Freude. Nichts auf der Welt wünschte ich weniger.
1344 1535 2309 1602 war ja lange für die Literaturgourmands
2307 1573 3312 1627 Sie sind ja zweifellos alle vortreffliche Leute.
157 1563 378 1669 bendblatt
1346 1585 2314 1646 eine Delikatesse; jedoch schließlich ißt man sich
575 1555 1274 1704 Feuilleton. Z#
2306 1611 3300 1675 Doch wie sag' ich es nur wohlerzogen? Etwar
1340 1628 2313 1684 auch daran satt. Brahm wollte einige neue
2309 1661 3307 1734 Sie reichen intellektuell nicht völlig aus. Genie
1349 1672 2318 1741 Klassiker machen, Reinhardt hielt sich an die
651 1683 1327 1785 Die Berliner. 74/17
2308 1706 3262 1790 zu haben, ist wohl niemand verpflichtet —
1346 1721 2307 1785 alten, die schon die Patina der Jahrhunderte
2316 1744 3306 1829 allein mißbrauchen sie diese Erlaubnis nicht ein
387 1765 1359 1852 (Zum Gastspiel des Berliner Lessing=Theaters in
1343 1775 2315 1842 angesetzt haben. Der Unterschied ist scheinbar ein
2315 1810 3308 1874 wenig? Ihre Phantasie reicht immer nur bis zum
771 1824 953 1897 Wien.)
1342 1817 2314 1888 großer; sieht man jedoch genauer hin, so merkt
2310 1854 3304 1927 letzten Erfolg. „Geschäftsleute“ heißt die Ent¬
1341 1869 2313 1943 man, daß das System eigentlich bei beiden das
404 1856 1344 1939 Daß man sich auf den Sieg nicht abonnieren
2317 1889 3314 1977 schuldigung. Gut — aber können Geschäftsleute
155 1898 380 1984 agendsten
1353 1914 2322 1989 gleiche ist. Das Berliner System: die Sensation.
368 1933 1343 1996 kann! Wie longe ist's her, daß Otto Brahm als
2319 1947 3310 2023 nicht neue Muster einführen, den Geschmack regu¬
1349 1967 2318 2029 Der Aeltere suchte sie im Milien. Der konsequente
166 1969 377 2039 arreiches
367 1981 1343 2057 so etwas wiglein Messias fürzänser, Theater galt?
2321 2003 3304 2066 lieren und so den Konsum anreizen? Für die
1345 2019 2314 2076 Naturalismus hatte wieder einmal die Wahr¬
159 2016 377 2099 tristischen
375 2025 1355 2095 Kaum ein paor, Jahre., Schoy ein paar Jahre.
2319 2046 3309 2115 aristotelische „Reinigung der Leidenschaften“ sei
1345 2067 2314 2138 heit entdeckt, daß jede Lebenszone ihr eigenes
164 2076 386 2153 r kurzen
367 2056 1346 2152 Und bereits-schoint' die Entdekung reizkös, und
2315 2085 3319 2160 ihnen ein noch so hohes Reinigungsgeld gegönnt.
1348 2115 2321 2182 Klima hat. Solche neualte Entdeckungen sind
378 2107 1346 2182 kritische Evangelisten rufen zu neuen Altären.
164 2129 375 2193 kannt. In
2311 2150 3308 2209 Aber wie kommt es, daß so gar keine Entwick¬
1345 2166 2317 2236 stets die vorteilhaftesten. Im Schauspiele der
367 2167 1346 2233 Götzen sind eben auf zweierlei Art zu verwenden:
174 2180 378 2252 Seelen¬
2315 2186 3309 2276 lung von ihnen ausgeht? Brahm hat Spieler
1352 2215 2317 2284 früheren Jahrzehnte hatten die Menschen in
371 2213 1365 2279 Man kann sie anbeten oder zerschlagen. Die zweite
164 2226 385 2304 nes alten
2317 2251 3314 2316 gedrillt, Schreiber angeregt, eine Literatur ge¬
1349 2255 2321 2327 einer nebeligen „Gesellschaft“ sich aufgehalten,
383 2270 1351 2347 Art ist außerdem eine willkommene Rache für
169 2288 384 2363 ten ver¬
2314 2289 3318 2373 macht. Die Weisse, Jarno, Gettke und Fronz
1351 2318 2315 2382 die aus dem Französischen ins Deutsche über¬
376 2310 1360 2384 die erste. Nichts verzeihen die Menschen weniger
166 2339 388 2415 bird. In
2317 2339 3318 2405 nehmen Stücke an, besetzen sie, hetzen ein paan
1356 2356 2324 2429 tragen war. Jetzt sah man Weber, Lehrer,
386 2366 1358 2434 gern als einen Ruhm, den man ihnen abgerun¬
2317 2385 3314 2454 Proben herunter — fertig! Ist die Bilanz aktiv,
176 2395 386 2468 Trost an
1362 2389 2327 2471 Studenten, Bauern, Fischer, Beamte, Bergleute
387 2415 1366 2489 gen hat. So sind sie denn jetzt wieder ungerecht
2315 2427 3308 2504 dann hält man die Herren für gute Direktoren.
173 2451 388 2528 unglück¬
1359 2456 2320 2517 bei der Arbeit. „Dramatische Fachkurse wurden
387 2466 1352 2532 gegen Brahm — nur auf andere Weise. Er war
2315 2487 3309 2548 Indes dirigieren sie gar nicht, sondern lassen sich
1366 2504 2320 2564 frequentiert, Spezialausstellungen besichtigt.
179 2502 383 2569 nun zu
383 2507 1363 2580 früher nicht bedeutender, als man in seinem
2324 2541 3314 2598 dirigieren. Nicht einmal das geringe Verdienst
1360 2554 2332 2619 Für den Dichter war das Milieu neu, das lern¬
165 2558 387 2629 nkeit des
389 2546 1365 2624 Theater den Gipfel der Bühnenkunst sah, und er
1358 2572 3320 2655 begierige Publikum wurde über die Zustände kann man ihnen zusprechen, daß sie Niveau halten.
391 2612 1359 2673 ist jetzt nicht unbeträchtlicher geworden, seitdem
168 2613 380 2683 nheilvolle
2328 2639 3318 2702 Dichter sind ja selten zu finden, am seltensten
1350 2647 2322 2706 in verschiedenen Berufen instruiert, bis es
381 2661 1358 2718 sein Lob abgetragen ist wie eine Mode aus dem
167 2670 386 2737 gen Frau
2324 2678 3314 2747 wohl in Theaterkanzleien. Allein Brahm hat
1355 2698 2330 2757 schließlich keine undramatisierten Berufe mehr
380 2707 1367 2773 Vorjahre. Allein sein Fehler ist viel unver¬
175 2723 382 2790 der Gatte
2324 2735 3318 2802 wenigstens den Machern als auf seiner Bühne
1357 2744 2333 2811 gab. Da begannen die guten Deutschen endlich
381 2758 1357 2818 zeihlicher: Er ist nicht mehr interessant. Wir
168 2775 397 2844 Fe gestellt.
2316 2783 3310 2847 nicht Beschäftigten den Eintritt verboten,
1360 2798 2336 2860 die Schablone zu wittern und zu erkennen, daß
392 2805 1360 2870 wissen schon, wie er seine Kunststücke macht.
161 2833 383 2898 lem hat
2329 2825 3319 2892 während bei uns... Doch wozu die Namen der
1362 2841 2348 2907 das Milieu die Dramatik der Undramatiker be¬
381 2856 1364 2935 Wahrhaftig, sie sind keine Hexerei. Und das muß
2323 2888 3320 2952 Namenlosen aufzählen? An die kläglichen
167 2884 390 2965 es künst¬
1354 2890 2325 2954 deutet. Und gerade jetzt machte Reinhardt seine
395 2918 707 2983 er uns büßen.
2322 2932 3323 3001 Stunden erinnern, in denen uns die auf der
1361 2939 2337 3005 Bude nebenan auf: „Hereinspaziert, meine Herr¬
422 2940 1372 3043 Dann: Er ist nicht mehr das Neueste. Seit
2330 2974 3324 3036 hiesiger Theaterbörse mit einer Platzkarte ver¬
1368 2988 2340 3055 schaften! Nur hier zu sehen: Romantik! Phan¬
156 2979 392 3070 n Gesell¬
389 3016 1364 3084 drei Jahren macht Reinhardt Epoche, und
1373 3023 3313 3100 tasie! Dichter! Farbe! Bilder!“ Das Publikum sehen Spekulanten martern durften? Nein,
166 3050 383 3120 nd wirt¬
389 3063 1368 3142 Enthusiasten glauben, daß sie noch drei Jahre
2337 3070 3320 3135 nian mag gegen Brahm sagen, was man leider
1372 3075 2337 3149 lief gerne aus dem Grauen ins Bunte. Und
165 3106 390 3182 eitha ein
383 3109 1366 3173 andauern kann. Brahm war sensationell in der
2329 3122 3319 3198 sagen muß: Er hat sich keinen anderen Seiten¬
1366 3138 2331 3209 Brahm machte schlechte Geschäfte. Immerb'.,
394 3153 1374 3220 Armut, Reinhardt ist es im Reichtum. Bei
170 3162 395 3235 s unsere
2324 3160 3328 3254 sprung von der Literatur verstattet als Suder¬
1359 3165 2335 3246 mochte er denken, für Wien wird es noch
389 3204 1372 3268 Brahm gab es authentische Lumpen, das ge¬
164 3218 393 3287 #uch durch
2325 3221 2561 3293 mann.
1359 3218 2327 3316 reichen. Der alte Schlaukopf hat sich wieder
379 3253 1373 3318 flickteste Elend, das tadelloseste Schlesisch; Rein¬
159 3275 392 3352 Enden Er¬
1368 3276 1861 3365 geirrt. Es reicht nicht.
2367 3270 3325 3349 Ihm geht es wie dem Riesen Antäos, dem die
386 3298 1376 3377 hardt jedoch hatte Purpur, Schlösser, mit
176 3325 362 3405 daktion.
2327 3329 3324 3389 Kräfte lahmten, wenn er nicht mehr die mütter¬
1396 3335 2342 3412 Das sagt man nicht gern. Der Mann hat nicht
386 3345 1390 3431 Tannenduft parfümierte Wälder und in
391 3377 3327 3461 Kostümen, Dekorationen und Perversität wahre nur verdient, sondern hat auch Verdienste. Und liche Erde berührte. Der Herakles eines neuen
387 3458 3324 3537 Ausstellungsstücke. Der Hundebraten bei Brahm dann macht man damit unseren Direktoren eine Geschmacks wirbelt den Hilflosen nunmehr in
