3436 4320
211 181 1827 295 18. Der einsane Neg box 23/3
1035 1045 1118 1118 488
1502 1066 1832 1133 Die Schaubühne
1036 1165 2317 1293 seelen hervorgerusen werden. Wie diese Menschenjeelen sich zu
1033 1265 2328 1346 einander bewegt haben, sich nah und näher gekommen und vor
1030 1323 2328 1389 einander geflohen sind, um hinfort einen einsamen Weg zu gehen:
1029 1363 2326 1457 da ist das bißchen Vorfabel der undramatischen Dichtung. Ihr
1018 1428 2323 1498 Inhalt aber ist: wie sich Schleier um Schleier von eben jener
1018 1466 2329 1559 Vergangenheit hebt, die die Vorbedingungen für das tragische Ende,
1016 1523 2141 1613 den melancholischen Anklang der Dichtung geschaffen hat.
1105 1591 2320 1667 Schnitzler stimmt weich und leise eine Elegie an. Es herbstelt,
1030 1644 2321 1712 das Laub fällt, und mit der Natur rüsten sich ein paar Menschen
1025 1703 2319 1775 zum Sterben, nehmen andre, stillgefaßt, ihren Abschied von den
1026 1750 2307 1831 Illusionen, dem Menschenglauben und der Hoffnung. Gealterte
1017 1818 2312 1880 Augen blicken auf ein vergangenes Leben zurück und erkennen,
1009 1862 2316 1926 daß es ein verlorenes Leben war. Junge Augen blicken seherhaft
1023 1918 2315 1986 hell in eine Zukunft, die ihnen das Leben nicht lebenswert
1010 1974 2304 2030 erscheinen laßt. Gegenseitige Schuldverstrickung löst sich, und
1010 2029 2313 2103 Schicksale werden offenbar, die zwar die Herzen nicht brachen,
1009 2082 2314 2152 aber ihnen einen Riß für immer gaben. Von vielen Lebenslügen
1017 2138 2306 2191 und unerfüllbaren idealen Forderungen fallen die Hüllen, und
1009 2189 2298 2264 gegenüber stehen sich, entblößt und traurig, „Betrogene und
1008 2255 2307 2319 Betrüger". Der dieses Wort die Einsicht der Todesstunde
1016 2295 2291 2349 eingibt, Frau Gabriele Wegrath, hat ihrem Gatten vor drei¬
1015 2348 2303 2418 undzwanzig Jahren einen Sohn geboren, auf den nach ihrem
1002 2404 2307 2475 Tode Julian Fichtner Vaterrechte geltend macht. Diesem
1002 2467 2292 2526 Maler sind in blühender Jugend Gelübde und bürgerliche Moral
1014 2509 2295 2574 Mächte gewesen, denen sich sein individueller Freiheitsdrang durch¬
1011 2576 2294 2642 aus gewachsen gezeigt hat. Jetzt aber, da seiner vereinsamten
1011 2616 2290 2693 Seele die Schwungkraft verloren gegangen ist, möchte er auf den
1003 2685 2292 2742 Trümmern der Vergangenheit ein letztes Glück ergreifen; will er
1006 2724 2289 2807 weiter nichts, als seinem Sohn ein Vater sein. Er muß es er¬
1009 2790 2288 2863 leben, wie das Bekenntnis seiner Vaterschaft ihm den Sohn, seinen
1003 2842 2302 2898 bisherigen Freund Felix, entfremdet, der fühlt, daß man sehr wenig
1005 2897 2294 2964 für einen Menschen getan hat, wenn man nichts tat, als ihn in
1000 2947 2295 3002 die Welt setzen. Und Julian wird den Weg hinab so allein
1003 2996 2282 3065 gehen, wie ihn alle gehen müssen, die „niemandem gehört haben.“
1076 3048 2287 3129 Wieder ist es ein Todeskandidat, der in eine erklärende Re¬
995 3094 2286 3176 flexion faßt, was nicht ganz „verdichtet“, das heißt, in Handlung
994 3164 2292 3221 der Charakteristik umgesetzt worden ist. Der Dichter Stephan
994 3223 2285 3277 von Sala ist es, dessen Verhältnis zu Felix Wegraths Schwester
987 3268 2286 3358 Johanna die zweite Handlung des Dramas bildet, dessen Nieder¬
