3436 4256
209 265 1215 376 18. Der einsane Neg
1338 262 1808 352 box 23/3
1254 285 1321 378 0
1709 1156 1978 1215 Bühnenschau
1117 1143 1246 1226 624
1120 1219 2576 1298 sonnige Zauberland seiner Phantasie. — Um dieses Inhaltsgerippe hat Hauptmann
1122 1294 2576 1355 poetisches Geranke von solcher Uppigkeit geschlungen, daß der Philisterwelt, die nie
1118 1341 2584 1410 in Michels Traumreich geweilt und Pippa nie tanzen gesehen, ganz wirr im Kopf
1119 1388 2576 1442 wurde, und das Fragen und Deuteln ging an. Pippa soll die Phantasie, die Schön¬
1122 1429 2580 1492 heit, die Poesie, die Jugend, die Hoffnung und vielleicht noch mancherlei sein;
1115 1479 2582 1547 Michel Hellriegel soll die Sehnsucht der Deutschen nach dem Süden verkörpern, oder
1125 1541 2581 1598 den Jugendmut, oder auch die Romantik; Wann — das ist natürlich die Wissen¬
1123 1575 2574 1639 schaft; der alte Huhn aber — nun, irgend etwas wird er ja wohl auch vorstellen,
1116 1630 2579 1692 vielleicht das unentrinnbare Schicksal, vielleicht etwas Anderes. Einer fragt den
1126 1682 2576 1741 andern: „Haben Sie's verstanden?“ und dieser sucht sich dadurch interessant zu machen,
1125 1735 2585 1788 daß er die Frage bejaht, jener spielt den Erhabenen und meint: „Blödsinn das
1124 1772 2576 1843 Ganze!“ — Ich aber möchte mir die Frage erlauben: muß denn ein Märchen durch¬
1124 1828 2580 1890 aus „verstanden“ werden? Verstehen denn die Kinder die Märchen, die wir ihnen
1118 1895 2594 1940 erzählen und denen zu lauschen sie nie müde werden? Warum wollen wir einem
1123 1911 2589 1973 Dichterwerk gegenüber nicht zu harmlosen Kindern werden, das Herumdeuteln an
1129 1978 2590 2041 jeder Gestalt, an jedem Wort des Dichters aufgeben und nur einfach fühlen, daß
1120 2023 2598 2081 wir vor etwas Schönem, von Poesie Durchtränktem stehen? Es gibt ja im Leben
1120 2064 2596 2147 so viel des Klaren und Nüchternen, — gönnen wir uns doch zuweilen die Freude
1120 2113 2589 2195 an einem bunten, etwas verworrenen Traum, ohne uns zu fragen was er zu be¬
1120 2176 2600 2237 deuten habe! — Mir ist, als wäre Hauptmann selbst so ein Michel Hellriegel, der
1136 2231 2599 2274 freudig der Fackel der vorantanzenden Pippa nacheilte, unbekümmert darum, ob die
1125 2254 2601 2326 Zuschauer ihm folgen können. — Es ist behauptet worden, daß sich das Stück nicht
1139 2311 2600 2386 für die Bühne eigne und nur bei der Lektüre Genuß bereite; das mag für manche
1131 2358 2590 2425 Szenen stimmen, und doch möchte ich auf die Aufführung nicht verzichten. Da ist
1137 2405 2600 2468 z. B. gleich der erste Tanz Pippas, den der alte Huhn grunzend mithopst; dieser
1128 2447 2597 2516 Kontrast zwischen dem goldlockigen, graziösen Kinde und dem ungeschlachten Wald¬
1137 2499 2592 2573 menschen muß gesehen sein, wenn das Groteske, Unheimliche und doch Rührende,
1131 2546 2592 2617 das in ihm liegt, zur vollen Wirkung kommen soll; wer durchaus nach Symbolistik
1144 2598 2597 2677 sucht, findet sie übrigens schon in dieser Szene: die Phantasie oder die Hoffnung tanzt
1135 2661 1491 2731 mit dem Schicksal.
1253 2689 2589 2762 Hauptmann hat dem alten Huhn den Ausruf „Jumalai!“ in den Mund ge¬
1135 2742 2595 2811 legt; man hat gefragt, ob das ein Naturlaut, ein Fremdwoct oder sonst was sei.
1137 2811 2608 2859 Ich weiß nun zufällig aus meinen Kindertagen, daß es ein estnisches Wort ist und
1141 2844 2612 2931 „Himmel“ oder auch „Gott“ bedeutet. Ich will damit nicht behaupten, daß der
1152 2899 2607 2961 Dichter, der Michel sagen läßt, es heiße wohl „Freude für alle!“, auf das estnische
1144 2964 2609 3010 Wort Bezug genommen; ich erwähne dessen nur, weil man auch dahinter allerlei
1135 3001 1588 3074 Besonderes gesucht hat.
1258 3047 2606 3099 In meinem vorigen Bericht sprach ich von dem ersten der für den Volks¬
1138 3108 2606 3157 theaterpreis vorgeschlagenen Stücke; es erübrigt nun noch zu melden, daß auch die
1144 3148 2600 3208 beiden andern von der Prüfungskommission erwählten Werke sich als ziemlich wert¬
1140 3181 2614 3239 lose Arbeiten erwiesen. M. E. delle Grazies Drama „Ver sacrum“ behandelt
1146 3234 2604 3294 die Frage: Was soll ein junges Mädchen tun, wenn es dahinterkommt, daß seine
1145 3301 2614 3351 Mutter eine Ehebrecherin ist? un läßt die Tochter schließlich in den Tod gehen.
1151 3341 2607 3398 Das Stück hat einige psychologisch interessante Partien, ist aber wegen seines Mangels
1154 3378 2599 3448 an Handlung nicht bühnenreif. Leo Felds Lustspiel „Der Stein von Pisa“.
1144 3430 2617 3489 das in die Renaissancezeit führt und an operettenhaften Szenen reich ist, bietet dem
2314 3478 2595 3547 H. Brentano.
1148 3487 2038 3571 Auge viel, dem Gefühl und den Gedanken nichts.
