3344 4384
1367 279 1858 370 box 23/5
217 292 1234 408 18. Der einsane Nen
135 790 3311 996 DELSBLAD van MAANDAG 30APRIL 1923 — Avondblad — D
2868 958 3057 1031 S
2708 1013 3227 1088 De Maastreechter Staar.
710 1016 2539 1095 ter is het grcotst voorgesteld, waarschijulijk Phaaldelijk dingen worden gedaan — en ge¬
120 1026 717 1112 enbaarde. Thans is de pols
2534 1048 3327 1117 Zendag heeft in hei gebouw van de M
1606 1077 2528 1136 zegd zonder eenige pose, heel gewoanweg en
698 1079 1613 1155 omdat hij bedoeld is als geestelijk centrum
140 1082 713 1153 ratnur bevredigend. Also¬
2508 1100 3328 1167 treechter Staar cen recentie plaats gehn#
1613 1110 2524 1180 vanzeif — als flitsen van licht en bakens
709 1115 1051 1193 van het werk.
134 1136 723 1200 ewegelijk liggen voor op z'n
2504 1155 3325 1223 gelegenheid van haar 40-jarig bestaan.
1612 1159 1860 1222 van vuur.
756 1156 1635 1231 Ock dat soort van „geestelijk“' oogpunt¬
2510 1192 3323 1251 met palmen en bloemen versierde zaal
715 1204 1627 1260 kiezen vindt men wel bii de Aziaten. Maar
1649 1193 2516 1270 We hebben hier, in 't begin van dit sei¬
146 1141 264 1283 10
2512 1245 3333 1299 een schitterenden aanblik. Van alle ka
713 1247 1620 1324 Spier hanteert het toch wel op origfneele
1615 1244 2514 1307 zoen, Murtine gehad, van het Théätre de la
2513 1276 3333 1346 uit den lande waren delegaties gekomen
1614 1305 2517 1353 Chinfère. Dat werd aangekondigd als een
711 1299 869 1372 wijze.
158 1318 392 1389 Frascati.
2518 1333 3331 1388 de jubileerende vereeniging te compli
1609 1339 2520 1406 Texempel van de nieuwe tochcelschriffkunst
743 1318 1634 1406 Het is in elk geval opmerkeiijk en be¬
136 1347 709 1432 ble, dat te beginnen Dins¬
2514 1366 3327 1433 teeren. Er waren de besturen van het
1615 1382 2526 1448 der indirecte zegging. Maar ech, wat wordt
712 1375 1619 1438 langrijk werk (tot het beste rekenen wij de
2508 1394 3340 1469 terdamsch Mannenkoor, het Nijme
133 1399 702 1467 chouwburg Frascati zal be¬
1604 1429 2519 1491 dat klein bij dit werk van indirecte zegging,
703 1423 1611 1495 badende vrouwen, de processie en den slede¬
137 1459 715 1526 ehooren de dames. Willy
2507 1451 3332 1522 Mannenkoor Limburgialite Nijmegen
1615 1469 2439 1536 dat niet als zoodanig is aangekondigd.
701 1465 1620 1535 trekker in het Thüringerwond) dat stellig
144 1498 709 1568 Pordon, Willy Hendriks,
2509 1491 3333 1559 Roermondsch Mannenkoor, Apolloruit
1631 1503 2267 1585 En dat twintig jaar oud is.
703 1500 1634 1577 zeer respectabele picturale en coloristische
137 1542 710 1611 en de heeren August T. C.
2514 1546 3334 1605 sterdam, Venlonia uit Venlo, e.a. Bifds
708 1561 1081 1629 gaven vertoont.
2519 1584 3331 1647 binnengekomen telegrafische en schrifte
152 1581 709 1652 van der Ploeg, Theo van
1639 1575 2518 1669 Het stuk is opgevoerd in de vertaling, die
737 1578 1637 1673 En dat, in zijn opvatting, van een neo¬
145 1620 714 1703 nmetz Alb#rt Kapper, B.
2519 1631 3332 1705 gelukwenschen was den telegram van H
1608 1643 2518 1709 Frans Mijussen, een jaar of acht geleden,
700 1631 1199 1718 primitivisme getuigt.
2517 1656 3341 1731 de Koningin, de beschermvrouwe van
1612 1693 2527 1746 voor Verkade ervan heeft gemaakt. Het
736 1666 1620 1752 Nu, dat er in dezen tijd even goed wezen
2518 1712 3335 1774 Maastreschter Staar. De burgemeesteg,
162 1700 719 1775 worden De Klokken van
1601 1732 2524 1803 bleef tot nu toe liggen door gemis aan krach¬
700 1732 1164 1806 mag als iets anders.
2523 1749 3351 1815 L. B. J. van Oppen, eere-voorzitter, vol
143 1743 728 1832 tte in vier tafereeich van
1598 1787 2528 1831 ten voor een goede rolverdeeling. Over die
2508 1800 3345 1875 het woord, evenals de Commissaris der
731 1786 1626 1864 En als men nu ook weer cens uitstekende,
139 1799 262 1876 te.
1617 1822 2524 1873 welke Verkade thans ervoor heeft samen¬
2519 1843 3344 1906 ningin in de provincie Limburg, en vert#
720 1856 1619 1912 solide „gewone“ kunst wil zien, dan moet
140 1831 717 1915 zal daarin een van zijn be¬
1617 1864 2524 1925 gesteld, kan men in 't algemeen zeer voldaan
2520 1877 3349 1952 weordigers der vele aanwezige delege
142 1894 724 1961 an Gaspard, de pachter, en
713 1896 1620 1956 men bij d’Audretsch in 't Noordeinde enkele
1618 1908 2525 1963 ziin. Van enkele rollen, zocais die van Trene
2517 1923 3361 1995 onder wie de heer Hagen, voorzitter van
157 1940 711 2008 edan Serpolette vervullen.
713 1939 1612 2004 daar geéxposeerde Franschen gaan bekijken:
1618 1944 2529 2006 Herms (EllyReicher) en Felix (Dick
2521 1986 3189 2046 Nederlandschen Zangersbond.
713 1988 1620 2044 een paar fiine Redon’s (o.a. een bloemstukje
150 1980 720 2046 Aug. T. C. Kiehl en het
1605 1992 2520 2050 svan Veen) kunnen wij ons kwalijk een
2535 2006 3348 2089 Hedenavond arriveert te Maastrich
146 2031 716 2104 rleiding van. Henk Kreeft.
713 2027 1619 2086 met bloemen zco droomig luchtig als vlin¬
1618 2038 2540 2086 betere bezetting denken; het spel van Elly
161 2065 362 2133 —
2526 2054 3359 2131 Garde Républicaine uit Parijs om er
715 2064 1622 2122 ders); wat van eenige der beste Barbizon¬
1627 2077 2530 2140 Reicher was bewonderenswaard van intuitie
2521 2106 2973 2185 concert te geven.
715 2119 1626 2169 ners: Vollon, Rousseau, Ribot, Bonvin,
1624 2119 2539 2185 en van rijke, maar nooit drukke, nuanceering
131 2120 724 2199 terdam van den Bond van
719 2166 1622 2216 Courbet een pracht vaneen woesten, bestialen
1616 2167 2535 2228 in allerlei situaties. En Dick van Veen speel¬
151 2182 721 2247 Kringem in Nederland zal
2718 2172 3194 2245 Garde republicalne.
714 2207 1622 2258 varkenskop)., maar öök wel iets moois van
1626 2207 2537 2274 de de schiinbaar cenvondige doch inderdaad
153 2232 722 2283 Mei in het American Hotel
2538 2220 3340 2308 Het programma der concerten van
719 2237 1626 2300 een meer moderne: Herbin, wiens min of
1620 2263 2539 2323 heel lastige rol van Felix met een merkwaar¬
153 2271 718 2345 heer J. Bosman, uit Zuid¬
2522 2271 3347 2353 „Garde republicaine“ ter'’s-Graven
717 2294 1632 2356 meer cubistisch werk een distinctie van toon
1626 2303 2525 2358 dig rustige zekerheid; het mooie van zijn
153 2312 718 2386 #lezing: „Iete over volk,
2519 2320 3337 2379 Rotterdam, Amsterdam en Arnhem
718 2335 1621 2407 en een harmonie van verhoudingen heeft als
1608 2348 2538 2407 spel vonden wij bovendien vooral dat hij,
150 2351 633 2433 ide van Zuid-Afrika“.
2520 2366 3341 2428 Cuverture Le roi d’Vs van Lalo, Laron
710 2384 1138 2452 men zelden vindt.
1619 2385 2537 2439 tegenover de eenzelvigheid der anderen, de
2532 2415 3348 2468 en Menuet van Mozart, Tasso, Lame
738 2399 1629 2477 In het voorzaaltje staat een steenen vrou¬
1624 2435 2535 2498 warme openheid van dit karakter deed spre¬
2520 2449 3360 2512 Trionjo van Liszt, Symphonie fantast
716 2462 1626 2521 webeeldje van Maillol, het cerste werk dat
136 2447 725 2527 ng van Italinansche primitig.
1625 2477 2531 2540 keizonder nochtans een oogenblik uit het
2529 2499 3338 2550 van Berlioz en Apprentt sorcier van
148 2512 721 2559 anl-Hageraats te Den Laag,
716 2510 1630 2572 wij ooit van dezen kunstenaar zagen. Dit is
1619 2511 2091 2575 e#emblete vallen.
2523 2534 3340 2619 „Dukas; een en ander bewerkt voor ha
148 2544 729 2619 te belangstolling verlengd tot
717 2551 1640 2610 van een zoo ongemeen, voornaam modele,
1650 2540 2525 2613 Andere rollen kan men zich zeker wel
2531 2590 2791 2662 nie-orkest.
712 2583 1627 2660 Ivan een zoo ingehouden, sobere lijn zonder
3002 2584 3139 2673 S
1625 2577 2528 2664 ##ter bezet denken; Eugène Gilhuys hield
706 2633 1633 2697 eenigen zweem van styleeren nochtans, en
1628 2643 2542 2702 de fignur van den dokter naar zijn opvatting.
152 2629 510 2718 ing Van Essen.
2571 2636 3353 2739 Muurschildering voor het Rotterdamsch
718 2688 1629 2736 zoo rustig van uitdrukking, dat men dit ge¬
1621 2689 2531 2752 goed vol maar met de opvatting kunnen wij
145 2684 718 2748 Krik Mulier & Co. zondt ons
2818 2705 3113 2774 Stadhuls.
724 2721 1627 2782 rust zou kunnen zetten naast de beste Chi¬
1619 2724 2541 2807 ons nist veréenigen. De dokter is een veel
147 2739 728 2786 catalogus van de veiling der
2557 2723 3362 2813 Het „Buwk. Weskbl.“ geeft een af
724 2768 1627 2832 neesche of Hindoesche beeiden. Het vertoont
134 2774 727 2832 Essen, die Dinsdag 8 Maart
1625 2776 2532 2835 te belangrijke figuur om er zoo'n armoedig,
2531 2788 3363 2848 ding van het schetsontwerp, deor Wä
718 2810 1629 2877 daarmee trouwens, in de opvatting, veel
137 2817 726 2873 an de Doelenstraat gehouden
1621 2822 2527 2877 onbeduidend schoolmeestertje van te maken.
2522 2833 3362 2904 Arondeüs geteekend om uitgevoerd# te
136 2857 718 2910 e veiling van ongemeene be¬
715 2853 1065 2920 verwantschap.
1610 2856 2532 2926 Hans van Meerten scheen aanvankelijk wat
2520 2878 3305 2955 den in het Rotterdamsche raadhuis.
148 2894 736 2945 in meesters als Jacob Maris,
747 2875 1623 2947 Het is iets dat geheel buiten eike tegen¬
1609 2903 2543 2978 conventioneel maar werd gaandeweg beter.
2549 2905 3361 2979 De maurschildering, — aldus genoemd bla
152 2924 733 2987 briel, Neuhuys, Witsen, Corot
727 2939 1626 3013 woordige „richting'' staat, den schepping
1626 2943 2537 3006 Sara Heyblom was geen ideale Gabriele maar
2536 2956 3361 3016 is het geschenk van een groep Israéliet
170 2971 731 3025 büitengewone waarde ver¬
727 2983 1002 3056 sut generis.
2525 3003 3354 3052 Rotterdammers aan de gemeente. De voo
1626 3003 2536 3054 bereikte, in de knappe metamorfose van
137 3009 730 3062 n. Behalve deze namen ver¬
764 3006 1412 3105 Van groote, stille schoonheid.
2526 3028 3363 3095 ling wordt bepaald door het onderschrif
142 3039 743 3100 nog die van Akkringa, Alle¬
1621 3036 2536 3102 haar persoon; toch heel veel. Nel Stants was
2534 3073 3363 3135 den Profeet Zacharias 8:16 in het Oude D
151 3083 744 3150 r. Daubigny. Disssclhof, Kan¬
1616 3085 2535 3144 ook wel niet extatisch genoeg, nict genoeg
2530 3113 3354 3180 ment en kan nader omschreven worden #
142 3128 743 3194 aöls, W. Maris. Mauve, Moß¬
1612 3132 2531 3193 innerlijk-brandend, soms ook te uiterlijk van
978 3114 1382 3208 De Eenzame Weg.
2537 3160 3350 3211 dcor goddelijke eu menscheljjke wetten ge
163 3161 740 3221 Verster e. a. De verzamolißg
1596 3158 2538 3227 Ezebaar voor de dweepzieke Johanna (haar
2533 3185 3361 3244 pen orde, zegevierende nver de ordelooshei
170 3192 739 3268 5 tot 1922 bruikleen van hit
849 3184 1588 3270 12 ’s-Gravenhage, 29 April.
1598 3212 2536 3287 aanleg is anders en het timbre van haar stem
2525 3221 3361 3292 het kwade. Ze wordt gedacht als een aansp
169 3234 343 3297 albier.
757 3233 1620 3307 Deze twintig jaren oude Schnitzler is in¬
1617 3254 2532 3321 was wat te donker) doch ze deed ons ten
2531 3271 3218 3337 tot liet Besturend College gericht.
714 3294 1621 3366 Idertijd door Het Schouwtooneel gespeeld.
1620 3302 2538 3373 slotte in de figuur wel gelooven. Verkade
2555 3309 3352 3372 Bij de uitvoering, welke op geprepareerd
713 3339 1628 3413 Dech slechts enkele malen. Toen was het
141 3326 506 3412 in Den Haag.
2535 3321 3352 3406 plex in tempera geschiedt, zullen op. verzoeh
1625 3342 2531 3416 zelf bracht als Von Sala de deugden en ge¬
718 3381 1644 3440 uit. Waarom? Wel, het is zeer wel mogelijk
2533 3390 3361 3456 de schenkers nog eenige kleine witzigingen
1628 3394 2538 3449 breken van zijn spelen mede — zijn slordige
2532 3438 2916 3493 den aangebracht.
722 3421 1633 3497 dat een alte klein deel van het uitgaande
153 3432 620 3498 chen bii d’Audretsch.
1629 3440 2540 3498 dictieen zijn te weinig verzorgde houding
2549 3441 3358 3518 Aan dit geschenk is cen heele voorgeschie
709 3478 1628 3538 publiek de buitengewone schoonheid van
161 3450 691 3545 venhage, 29 April.
1619 3477 2530 3536 en gebaren, doch ook de groote allure van
2528 3494 3357 3553 verbonden. Oorspronkelijk was de opdrach
187 3519 1635 3575 verheugend om, na ##ldit werk waardeeren kon en dat de meesten
1632 3530 2531 3589 ziin spel, de rustige voornaamheid en het
2535 3543 3363 3602 geven aan Willem van Konijnenburg, #
729 3559 1636 3622 er „niet veel aan'' vonden. Want het is
205 3562 739 3633 het futurisme en het
1615 3567 2541 3633 imponeerende ervan — en in onze herinne¬
2520 3584 3352 3635 schilderij echter door de schenkers gewei
732 3598 1639 3662 effen en sober als een obelisk cn het reikt,
154 3603 747 3668 pompier, tout #ela, zöu
1626 3610 2540 3688 ring zijn de deugden toch wel het meest
2533 3616 3354 3679 werd, omdat ze #ente sterk uitgesproken k¬
721 3647 1633 3708 eprijzend midden uit het menschelijk
165 3647 734 3712 n zeggen) ons hebben ver¬
1629 3643 1986 3722 blijven hangen.
2531 3667 2917 3728 liek karakter had.
737 3700 1636 3757 leven van alledag, in toon en houding hoog
156 3693 734 3752 te zien, dat toch waarach¬
1688 3680 2547 3767 Van Dalsum eindelijk heeft ons op¬
725 3740 1636 3800 uit boven alledag. Het is nen effen, koele
2562 3714 3351 3793 In de toonkamers van de Zuid-Holland
174 3735 736 3796 als iets nieuws, iets oor¬
1635 3738 2546 3800 nieuw door ziin beeldend vermogen verrast.
2533 3771 3362 3840 verceniging tot bevordering van Kunstni
729 3779 1636 3847 zuil, maar een zuil van zuiver goud, in alle
168 3776 737 3839 alleen daarom reeds moet
1631 3779 2534 3849 Wij hadden, eerlijk gezegd, geen groote ver¬
2536 3808 3353 3878 heid en Volkskunst te Rotterdam, wordt v
727 3823 1630 3884 deelen even gedegen, overal ongesierd,
156 3824 749 3894 loopen in het zaaltje van
1630 3817 2533 3887 wachling van hem in een figuur als Ficht¬
2529 3853 3362 3904 tot 31 Mei eene tentoonstelling gehonden
730 3850 1641 3925 maar overal even klinkend zuiver tot in
171 3864 748 3937 t Smidsplein, waar de uit
1635 3880 2538 3931 ner, doch dadelijk, bij het opgaan van ’t
2534 3887 3362 3954 kunstaardewerk, bouwplastiek en tuinversie
196 3911 734 3970 te Moskou geboren Rus
733 3900 1640 3978 't hart. En voor het eerst, sinds Ibsen neb¬
1628 3910 2534 3972 scherm voor het tweede bedrijf, pakte ons
2539 3929 3038 4000 door Willem C. Brouwer.
159 3951 740 4022 nige schilderijen exposeert.
722 3947 1641 4024 ben we hier een werk gekregen, psycholo¬
1628 3961 2546 4032 zisn verschijning en ziju doen door haar di¬
165 3995 742 4053 kte zeggen —- wij kunnen
729 3990 1640 4067 gisch en dramatisch van geliske kracht als
2592 3980 3354 4077 Zuid-Bevelandsche A Cappella koor naa
1635 4006 2542 4072 recte echtheid. En dan kon men nu en dan
2874 4028 3105 4111 Engeland.
725 4049 1632 4104 de beste lbsen’s, simpel dialogisch, zonder
182 4036 739 4100 — wat er opzettelijk en wat
1639 4051 2550 4102 zichgeens stooten aan den aanblik van Van
2572 4063 2973 4149 Men schrifft ons:
161 4084 1644 4151 in dit werk. De uiterlijke Juiterlijk gebeuren, maar met een spanning,
1632 4099 2543 4163 Dalsum’s slechte houding en kleeding, maar
2575 4101 3353 4192 Het Zuid-Bevelandsche a cappella-K
154 4129 1638 4195 t stellig heel sterk onder die nooit verslapt en waarvan men 700 da¬
1634 4142 2542 4189 ten slotte speelde hij dat allemaal weer weg.
3026 4171 3211 4242 AA
160 4172 1639 4223 schien meer nog onder Chi-dellik kan vinden waar die eigenliik in zit.
