3436 4384
1052 413 1099 483 V
1391 414 1868 496 box 2375
754 421 954 481 nSam
229 426 1245 521 18. Der e1eueg
872 1581 2092 1629 Grimassen gegenüber zu befinden. Als ob uns eine Kluft von
884 1620 2102 1669 diesen Menschen von gestern trennte. Bei gänzlicher Handlungs¬
901 1649 2094 1699 armut des Werkes gibt der Wiener Dichter wie es seine weiche
914 1692 2105 1747 Art ist, die Schilderung seelischer Vorgänge in besonders an¬
907 1723 2106 1784 gelegten Naturen. Sie haben alle etwas vom sechsten Sinn
895 1764 2103 1808 in ihren Vorahnungen und Vorausempfindungen. Den Be¬
906 1800 2096 1844 ziehungen der Menschen zu einander, wie sie sich über sich selbst
917 1832 2104 1883 und andere täuschen haftet etwas Unerfreuliches, fast Schmie¬
917 1864 2097 1930 riges an. Man sieht auch die Notwendigkeit der gegenseitigen
932 1900 2114 1963 Enthüllungen nicht ein. Das Schauspiel kann also nicht voll
922 1949 2104 2001 überzeugen. Das dichterische Endergebnis der schwarzen, schwer¬
919 1970 2103 2041 mütigen Lebensanschauung ist trostlos: den letzten Weg, den
914 2006 2108 2071 allerletzten müssen alle Menschen einsam gehen und die
929 2057 2129 2119 werden am härtesten betroffen, die wie der Maler Julian
934 2094 2115 2151 Fichtner und der Dichter Stephan von Sala nur ihrem
929 2126 2111 2184 Ich und der rücksichtslosen Ausnutzung ihrer Vorteile gelebt
924 2163 2118 2237 haben. Einen helleren Ausblick gewährt die Gestalt eines
933 2199 2124 2260 Jünglings, der sich in die Wahl zwischen zwei Vätern gestellt
926 2244 2120 2313 sieht. Sein Herz wendet sich von dem genialen Selbstling fort
922 2269 2116 2336 und dem Manne zu, der in seiner schlichten, anspruchslosen Art
927 2311 2109 2388 ihm in hölserem Sinne Vater geworden ist. Das Schauspiel
928 2348 2115 2422 entbehrt der dramatischen Eigenschaften — es ist eine Novelle
932 2386 2107 2455 in Gesprächsform mit schönen tiefen Einzelheiten. Will man
931 2418 2113 2476 es auf der Bühne geben, muß der Rotstift mit aller Rück¬
943 2449 2114 2520 sichtslosigkeit einsetzen. — Edgar Licho hatte die Spiel¬
407 2450 710 2550 r Fhche-aur
188 2436 429 2558 1314
938 2508 2118 2554 leitung selbst — sie zeigte wohl Verständnis für das Werk, aber
936 2531 2114 2591 den künstlerischen Grundfehler, daß Herbstimmung, Schwermut,
191 2607 2112 2655 Das schicksalsreiche Alberttheäter wurde Verzichtleistung, Hoffnungslosigkeit noch doppelt und dreifach
184 2593 2120 2701 en Leitung des Tirektors Edgar Ad. unterstrichen wurden. Es war, als ob sich Abgeschiedene mit
212 2639 2124 2731 iverkennt nicht, daß die Lage außer=sendlosen Pausen unterhielten. Schnitzler hat an sich zu
954 2680 2128 2743 viel Stimmung, man muß nach einem frischen Luftzug
211 2713 943 2764 In erster Linie wurde die Direktion
950 2719 2119 2777 trachten, nicht nach einer Vermehrung der wehmutsvollen
218 2748 950 2803 t auf das durch die Schwere der Zeit
178 2754 2127 2836 Personal zur Eröffnung des Theaters Weichheit. Die Pausen in den Gesprächen und die Schwie¬
957 2791 2115 2857 tigkeiten der szenischen Umbauten dehnten die Auffüh¬
181 2821 940 2891 Erkrankung eines Mitgliedes mußte die
959 2829 2120 2896 rung weit über Mitternacht hinaus. Es war daher zu
187 2858 942 2911 ersten Abend geplante Vorstellung von
954 2869 2128 2928 verstehen, daß viele Leute abwanderten und daß es vor
184 2895 950 2976 auspiel „Osfiziere“ abgesetzt werden, sehr
963 2897 2136 2965 dem letzten Akt wegen der Verzögerung zu ziemlich heftigen
197 2928 946 2985 guten ersten Eindrucks. Arthur
959 2934 2134 3002 Unwillensäußerungen des Publikums kam. — Die Darsteller
190 2970 954 3036 spiel „Der einsame Weg“, das zum
953 2980 2125 3038 befolgten treulich die Anforderungen der Spielleitung und
189 3002 952 3075 verlangt zu seiner Wirkung eine Fülle
963 3009 2140 3081 waren voll Gefühl und Wehmut. Hans Steiner der den
210 3047 958 3095 die hier gerade jetzt nicht vorhanden
199 3068 2141 3146 Werke, die der Zeitstimmung so wenig verzichtleistenden Lebenskünstler und Dichter von Sala gab,
209 3085 2132 3172 schwermutgetränkte Schnitzlersche Stim= hat Vornehmheit und eine persönliche Note, die nur für
968 3123 2148 3187 schwierige Ligen des letzten Akts nicht ganz ausreichte. Seelische
187 3153 963 3209 mancherlei inneren Vorzügen durchaus
191 3163 2131 3252 sen wirkt. Man hat bei den Menschen Zartheit wal in dem Spiel von Clemens Schubert zu
217 3199 2159 3311 die Empfindung, sich Schatten und spüren und ein sicheres Gefühl war in Robert Müllers
2079 1460 3312 1532 Leistung erkennbar, der nur als Erscheinung die Vorstellungen, 2
2084 1513 3281 1586 die man von der dichterischen Gestalt gewann, nicht deckte.
2095 1554 3306 1611 Meta Bünger ist eine zu gut Schauspielerin, um selbst eine i
2090 1594 3320 1651 ihr fern liegende Aufgabe verhauen zu können. Vielleicht zeigtv#
2088 1624 3278 1696 es sich, daß Marta Mewes eine entwicklungsfähige Be¬
2409 1643 3322 1732 Das Haus war gut besucht — eine stärkerein
2099 1682 2343 1738 aabung hat.
3126 1701 3217 1761 h.
2096 1705 2780 1779 Wirkung wollte sich nicht einstellen.
2311 1747 3344 1822 Ammm-Sind uud die Kuuk=sö
