3436 4448
1423 228 1892 331 box 23/1
257 224 1288 336 18. Der einsane Neg
2630 608 3351 691 — Jodte ia Nous-iia
2595 678 3351 731 droit Cavoir raison avant Ihe
1596 659 2601 737 arites Mintaltes Lepfeyees-pu. Vs Woupes Japonai¬
514 660 1037 751 de rappeler que J.
1556 702 2593 764 ses, me décident à aligmenter notablement nos forces
2620 716 3355 771 s pouvons pas avoir raison contre
523 698 1560 789 amis n’ont adopté ce projet qufaprès que le re¬
1553 752 2594 809 sur le théätre de la guerre, alln d’arriver à des résul¬
2619 745 3357 819 o surtout quand il s’agit d’exercen
522 754 1559 839 fus des Etats-Unis de leur accorder un traite¬
1560 779 2519 837 tats décisifs dans lestemps le plus court possible.
2593 795 3355 852 „ Taction gouvernementale v. M. 5
521 809 2594 878 ment de faveur eut brisé le mouvement qui en¬] +Par suite, le nombre de nös unités atteindra un
522 841 3365 918 trafnait le Canada vers le Zollverein, puis vers“ chiffre qui ne permettrait plus de les laisser groupées dans ces lignes, qu'en renonçant à
2609 987 3361 1061 Cette artiste, qui, par sa taille ron
1562 997 2595 1065 et d’esprit, a dest relations avec un chätelain
566 999 1537 1103 FEUILLETON Du Temps
2606 1047 3365 1107 bleus et sa chevelure d’un blond f
1566 1059 2592 1118 marié, qui ne sond pas restées sans suite; mais
768 1062 1333 1147 DU 26 SEPTEMBRE 1904
2600 1105 3359 1149 pression d’une bonne bourgeoise,
1569 1106 2599 1159 elle est trop fière pour faire à l’homme qu'elle
2595 1143 3365 1202 primitif qui semble créertout d’u
1581 1148 2593 1201 aime réellement Taven de sa maternité, et, d’un
2601 1171 3367 1238 connu. Avec sa langue lourde, elle
1585 1183 2593 1243 autre côté, les idées morales pas trop scrupu¬
2600 1224 3355 1266 capable de prononcer un vers,
1578 1232 2604 1282 leuses de la paysanne lui permettrait de se sau¬
2611 1262 3373 1319 d’elle vaut plus que la déclamation
552 1152 1529 1325 CHRONIOUE TIEATALE
1584 1258 2600 1321 ver de cette situation en épousant un brave
2602 1296 3358 1369 tistique, etson rire est si doux qu'e
1576 1311 2606 1374 homme quelconque. Cela est déjà arrivé plus
2614 1355 3363 1411 ser des larmes de jole. Elle est 1
1576 1357 2599 1413 d’une fois dans un village, et pour qu'elle en
708 1365 1375 1457 LE THEATRE A BERLIN
2610 1401 3359 1455 blic, mais elle joue avecune gra
1581 1390 2582 1453 vienne à commettre le crime infanticide, il
2600 1435 3359 1513 et une grande retenue, comme 8
1572 1442 2595 1502 faut qu’elle soit ncculée par les événements
547 1429 1563 1503 La question qui domine chaque saison iei est
2615 1479 3107 1553 était jamais aperçue.
1566 1491 2599 1548 et par les hommés. Ce dénouement tragique
513 1485 1561 1548 de savoir quelle pièce donnera Gerhardt Haupt¬
2643 1506 3364 1582 Gerhardt Hauptmann a écrit ic
1579 1529 2602 1586 est amené de façon fine et psychologiquement
517 1528 1575 1602 mann et cette question est posée par ses admi¬
2602 1563 3365 1630 miere fois une pièce, dont leperson
1573 1575 2606 1632 inéluctable. Cettejeune fille, autrefois si prude
527 1575 1568 1639 rateurs passionnés non seulement avec espoir
2603 1614 3369 1674 estune femme, et c’est à cet étre
1578 1618 2601 1678 et si courtisée, une fois tombée, la bestialité des
525 1609 1568 1685 mais aussi avec hésitation. En effet, depuis huit
2610 1659 3358 1716 sympathie et la pitié de l’auteur
1573 1665 2592 1733 hommes se déchafne contre elle, et, après le
520 1677 1575 1734 ans, un certain flottement s’est manife.t6
2605 1695 3367 1759 sembie n'avoir qu'une froide més
1568 1700 2601 1771 chätelain, qui est du moins un homme conve¬
519 1699 1564 1759 dans ses productions, et il fait l’impression d’un
2598 1741 3364 1797 hommes. Les chasseurs brutaux
1573 1749 2588 1808 nable, vient un individu brutal et dégradé, qui,
516 1744 1564 1816 homme qui, voulant élargir son domaine, en¬
2609 1786 3361 1842 la noble proie ne font pas contraste
1562 1799 2595 1844 aussi longtemps qu'elle avait été honnéte, n’a¬
517 1784 1578 1850 treprend subitement des expéditions de con¬
2600 1835 3369 1888 destraits conventionnels, maisce sd
1566 1837 2596 1898 vait pu approcher Rose, et qui se dit mainte¬
510 1833 1568 1890 iquéte puis rentre dans son pavs d’origine on
2607 1877 3366 1931 finement différenciées dont chacum
1570 1873 2606 1947 nant: Mais puisqu'elle a appartenu à quel¬
510 1882 1572 1951 sa prépondérance est établie. Dans ce Berlin
2606 1915 3375 1982 suivant son origine, ses instinct
1576 1922 2595 1978 qu’un, pourquoi nous antres tous qui avons un
522 1924 1569 2001 qu'aucune considération n’arréte, le pavillon qui
2596 1956 3372 2021 rament, un genre particulier de
1579 1965 2598 2028 appétit aussi grand, ne T’aurions-noue pas? „
515 1957 1573 2034 lcouvre la marchandise n’est pas toujours res¬
2594 2005 3360 2070 chacun d’eux cherche à nuire à la
1564 2007 2601 2060 I Rose ne peut plus se sauver, ni par son mé¬
516 2000 1577 2079 pecté. IIn’yaichaucnn succès quisoit la garan¬
2601 2048 3364 2105 à sa façon. Ce qui est manvais p
1566 2050 2599 2116 pris, ni par ses supplications, et, lorsqu'elle
516 2063 1560 2113 #stie d'autres succès et méme notre dramaturge le
2591 2092 3357 2141 son amourette irréfléchie avec le p
1567 2098 2603 2151 est à demi-morte d’angoisse, il la prend de
508 2100 1559 2154 plus considérable doit s’attendre tous les deux
2598 2134 3364 2200 Mais ce qui est pire, c’est le dés
1572 2134 2598 2197 force. II Jui a promis, il est vrai, de garder
521 2146 1565 2195 ans à un échecbrutal. Son avant-dernière pièce
2597 2178 3367 2239 paysan bestial, mais ce qui est len
1576 2178 2605 2247 lesilence, mais la vanité masculine l’empéche
517 2186 1564 2249 Le Paurre Henri fut l’adaptation au théätre de
2603 2227 3352 2279 c’est l’inflexibilité du sentiment
1576 2232 2602 2285 de tenir sa promesse, parce qu’il veut setar¬
522 2226 1573 2292 Ia légende moyennageuse du Chevalier malade
2595 2266 3351 2334 son père qui la traine devant 1
1579 2266 2598 2330 guer de son succès par des allusions préten¬
519 2269 1570 2333 aui devait étre guéri par le sacrilice d’une jeune
2594 2303 3371 2366 amène ainsi la catastrophe. Seu
1574 2315 2600 2380 tieuses. Ces allusions forcent le vieux Bernd,
512 2306 1560 2387 füille vierge. M. Hauptmann avait conservé le
2602 2354 3372 2421 officiel, un doux piétiste, la prei
1565 2361 2599 2425 qui ne peut pas douter de la pureté de sa
530 2361 1560 2406 charme de ia vieille légende dans ses vers no¬
2599 2391 3354 2465 en hon chrétien, il respecte ses
1565 2385 2598 2455 fille, à le pourshivre en justice. Rose se
514 2399 1572 2464 bles et vigoureux, et, psychologue moderne, il
2601 2446 3353 2506 mais elle ne peut plus accep
1560 2438 2594 2509 parjure, parce qu'elle a honte d’avouer le fait
523 2433 1556 2496 avait réussi en méme temps à donner une in¬
2594 2474 3325 2533 qu'il lui avait offerte, parce
1566 2485 2599 2545 devant son premier amant, et en revenant du
520 2486 1560 2547 terprétation moderne purementhumaine àcelte
2599 2528 3361 2600 maternité perdue, la force de la#
1566 2532 2602 2596 tribunal elle tue l’enfant venu au monde peut¬
514 2538 1561 2595 idée mystique: la vertu curative du sang. Cette
2597 2572 3352 2639 anéantie. C’est ainsi que cette 1
1575 2577 2598 2627 étre avant terme äla suite de ces émotions. La
509 2564 1563 2645 piece ent un grand succès littéraire, mais i
2598 2612 3364 2683 geoise, malgré son cadre intime, off
1563 2621 2590 2677 scène du Tribunakqui se passe dans les coulis¬
511 2620 1559 2686 n’en fut malheureusement pas de mème du
2602 2652 3368 2715 image de la fragilité des chesesht
508 2662 913 2725 succès théätral.
1580 2662 2599 2732 ses, rend la pièce encore plus difficile à suivre.
2600 2716 3359 2758 constituc de longues variations sün
1608 2700 2599 2760 Ce n’est que dans le dernier acte que la
554 2685 1563 2769 Après cette incursion dans le domaine du
2599 2748 3358 2809 de la moralité, avec des figures
1580 2730 2596 2812 signification typique du problème s’éclaircit. II
524 2741 1561 2793 mysticisme et des légendes, l’auteur, est re¬
2596 2781 3366 2862 vivantes, dont chacune a une #
1563 2798 2603 2857 s’agit uniquementde la lutte des sexes inhé¬
518 2795 1555 2852 venn de nouveau à l’actnalité et à son foyer
2602 2845 3358 2891 science dans sa main. Nous pou
1563 2829 2603 2906 rente à Pexistence de Thumanité, entre les
511 2827 1562 2894 plus restreint, pour nous offrir une tragédie
2602 2882 3361 2935 bler ses fractions en une image
1558 2877 2591 2952 hommes, chasseurs, et la femme, proie, qui dé¬
509 2874 1560 2947 villageoise en dialecte silésien. Hauplmann
2588 2915 3358 2979 nité, mais la piece est plus forte d
1569 2922 2602 2993 fend son bien le plus précieux, la maternité,
519 2935 1559 2987 s’est déjà trop éloigné de l’école naturaliste
2602 2968 3358 3023 sentation de la diversité que dan
521 2971 1558 3035 pour s’arrêter à une peinlure en miniature pure¬
1568 2969 2594 3029 jusqu'à la dernièré extrémité. Dans le dernier
2609 3003 3361 3059 vers l’unité, et nous recevons seul
1566 3011 2595 3067 acte, Hauptmann, à prété à la mère les accents
511 3018 1565 3070 ment descriptive d’ün milieu provincisl, mais
2601 3052 3371 3108 mière lorsque nous avons pénétre
1573 3059 2595 3109 les plus émotionnants. Elle a un enfant; pen
506 3053 1564 3120 il a cependant restreint l’importance humaine
503 3093 1557 3163 et lypique d’une idée tragique par l’emploi
2598 3105 3360 3158 et les complications del’action. D'a
1556 3106 2593 3166 importe de qui; mais on ne veut pas per¬
511 3138 1558 3205 „du patois, et il a rendu quelque peu diffi¬
2611 3148 3360 3191 allemandes, le röle d'un raisonneur
1570 3143 2603 3200 meitre à cet enfant de vivre, et lorsquil vient
519 3186 1566 3248 cile la compréhension de la pièce pour les
2598 3189 3357 3240 lesens de l’action est absolument
1567 3187 2604 3236 au monde, il n’y a pas de place pour son
517 3229 1550 3274 acteurs et le public. Le succes se monlra seu¬
1563 3228 2596 3298 berceau. Le paroxysme flövreux de la désespérée
2602 3234 3358 3287 mais la pièce elle-mème pourrait
515 3274 1555 3337 Jement lorsque le public, par la crilique, fut
1569 3273 2595 3329 alterne avec des blasphèmes effroyables, des
2602 3262 3354 3333 plus compréhensiblement et nous
511 3320 1561 3381 mis au courant du sujet de la pièce de fagon à
1565 3318 2598 3395 hurlements de désespoir et des plaintes dou¬
2599 3318 3365 3381 tre plus iôt qu'au dernier momen
1563 3362 1897 3419 ces d’enfant.
514 3357 1565 3423 pouvoir suivre le dialogue silésien, qui n’est pas
2607 3354 3015 3439 tiens humaines.
506 3403 1360 3464 compréhensible pour tout Allemand
2638 3387 3365 3463 A côté de Gerhardt Hauptmann,
1602 3384 2596 3456 Cette Rose Bernd est véritablement und
554 3440 1559 3494 Dans Rose Bernd, pièce en cing actes, il donne
1563 3444 3366 3507 femme magnifique avec sa passion et son'NArlhur Schnitzler qui est resté fide
534 3473 1563 3549 histeire d’un infanticide, sujet pour lequel
1560 3490 2119 3552 dévouement, avec sa se
2587 3498 3395 3555 tre allemand v. Le Donnay alleman
2246 3493 2595 3561 grende P
536 3529 1563 3593 auteur avait déja eu beaucoup de prédéces¬
1561 3537 2590 3603 sanne, avec ses mäffères naives et enfantines
2596 3535 3429 3612 mable, sentimental, ironique, es#
523 3564 1560 3647 zeurs en Allemagne et, parmi ceux-ci, le plus
1564 3580 2590 3634 de dissimulatign et de mensonge. Elle trouva
2590 3580 3367 3636 dramaturge qui sache parler élégan
533 3603 3358 3679 mporlant de tous, Gesthe, avec Faust. Cette 1 une interprêté parfaite dans Mme Else Leck- I signilie qu'il nous vient d’Autriche
546 3669 3367 3744 #ante silésienne, robuste. saine de corns I mann. dont l’étre est tout desanté et de nature. 1 pieces semblent se basser dans ung
