3436 4448
1076 323 1153 388 W
776 322 1023 387 nSäm
1305 322 1901 426 box 23/1
257 312 1285 416 18. Der eiheune nen
189 1125 3251 1207 nSchnitzler so gut zu treffen weiß. aber, die nicht im Stande sind, die kapriziösen Sprünge etwas grob. Im Deutschen Theater, in dem Rose Bernd“
2069 1167 3264 1234 mit Andacht angehört wird, hätte man nicht das Werk
900 1185 2084 1246 dieser Stimmungen vorauszuberechnen, erleben, wenn sie
169 1186 911 1259 diese Szene sehr; wäre das ganze
899 1239 3262 1285 dieses Liebespaar auf der Bühne sehen, fortwährend des Wiener Dichters auslachen dürfen, das an geistigem
181 1224 912 1304 en Art geschrieben gewesen, so hätte es
2073 1276 3268 1330 Gehalt so hoch über Hauptmanns armseligem Bauern¬
906 1281 2078 1336 Ueberraschungen. Johanna scheint von einem tiefen Gefühle
188 1266 911 1352 8 Mißerfolges ohne Zweifel einen
2077 1325 3261 1379 drama steht. Aber die Mißhilligung, welcher die Lacher
897 1323 2073 1385 für Stephan beherrscht. Was wird sie tun? Sie wird sich
191 1322 914 1410 Das Publikum hat gegenwärtig
2071 1361 3270 1426 nur einen allzu scharfen Ausdruck gaben, war begründet.
897 1361 2085 1433 an ihn klammern, jede Möglichkeit benützen, um mit ihm
165 1377 907 1457 edürfnis, zu lachen. Auch an
2073 1415 3260 1484 Das Piölikum hat ein Recht, zu verlangen, daß der
892 1416 2076 1486 zusammen zu sein? Keineswegs. Eines Abend kommt sie
177 1421 889 1492 konnte man beobachten, wie es
2069 1461 3256 1523 Autor nicht gar so willkürlich mit ihm umspringt, daß er,
892 1470 2076 1537 zu ihm und sagt ihm Lebewohl. Sie hat sich entschlossen,
209 1459 908 1534 förmlich wartete und jedes
2072 1508 3271 1559 wenn er einen krassen Effekt, wie den Selbstmord, auf der
898 1497 2074 1575 in die weite Welt zu gehen. „Lebewohl!“ erwidert Stephan.
172 1501 907 1586 en auch nur nahekam, mit Freuden
2083 1560 3270 1626 Bühne verwendet, sich wenigstens die Mühe nimmt, ihn
902 1565 2078 1610 Er liebt Johanna, will aber in nächster Zeit an einer
175 1564 905 1640 k ist keine Zeit so günstig für das
2071 1599 3266 1656 genügend zu motivieren, und daß er sich darüber klar
161 1607 2071 1679 die jetzige — für das deutsche Lust= wissenschaftlichen Expedition nach Asien teilnehmen. Fünf
2078 1653 3258 1722 wird, wie unmöglich es ist, in einer Tragödie die tragische
896 1646 2084 1717 Minuten später fällt ihm ein, daß er schließlich ebenso
166 1659 912 1723 er Stelle vor kurzem auch Hugo
2073 1696 2973 1765 Notwendigkeit durch die Laune zu ersetzen.
898 1703 2089 1761 gut auch nicht an der Expedition teilnehmen kann.
166 1701 908 1769 hat, indem er sein Wesen liebevoll
2154 1733 3260 1802 Nicht nur in der Nebenhandlung, die zwischen Sala
987 1747 2067 1808 „Nichts hindert mich, zu Hause zu bleiben,“
151 1754 913 1808 iedergeburt herbeiwünschte. Zu den
2071 1776 3258 1855 und Johanna vor sich geht — auch sonst spielt in dem
897 1798 2027 1862 meint er, „wenn ich nicht gelaunt hin, fortzugehen“ —
166 1797 908 1874 n, die vielleicht berufen wären, das
2083 1834 3271 1900 Stück die Laune eine große Rolle. Sie gehört zum Wesen
903 1832 2082 1898 und er fragt Johanna, ob sie nicht lieber seine Fran
171 1842 906 1912 r Gegenwart zu schreiben, gehört,
2078 1874 3269 1947 der Helden dieses Schauspiels; sie ist das einzige Gesetz
904 1888 2076 1955 werden möchte? Johanna ist sehr bewegt, scheint durchaus
163 1890 909 1973 gesagt werden muß, auch Arthur
2079 1914 3271 1991 das sie anerkennen. In einem Gespräch zwischen Sala und
913 1933 2082 2003 geneigt, auf diesen Vorschlag einzugehen — und wirft
188 1946 911 2008 seine Werke enthalten Stellen, in
2074 1976 3265 2038 Fichtner fragt Sala: „Haben wir je unsere Ruhe oder
902 1983 2082 2041 sich am Ende des Aktes ins Wasser. Wenn man das
167 1986 913 2054 iger Humor aufleuchtet. Und diesen
2078 2035 3262 2089 unser Leben aufs Spiel gesetzt — nicht aus Laune oder
905 2017 2082 2086 Stück liest, findet man einen Schlüssel zu diesen Rätseln.
166 2033 905 2115 weise ein Lustspiel gelingen könnte,
2071 2071 3270 2129 Leichtsinn — nein, um das Wohlergehen eines Wesens
899 2067 2083 2135 Sala leidet an einer schweren Herzkrankheit, und Johanna
192 2060 911 2156 sehen wir in den letzten Jahren
2076 2108 3260 2182 zu fördern, das sich uns gegeben hatte?“ Auf diese Frage
910 2123 2086 2185 bringt sich offenbar um, aus Kummer über die Krankheit
169 2116 915 2200 piele zu verfassen, die ihm mißlingen
2083 2152 3266 2234 lautet die Antwort, die nicht ausgesprochen wird natürlich:
902 2165 2082 2236 des Geliebten. Das ist aber so leise angedeutet, daß man
171 2190 539 2244 Tragik mangelt.
2068 2205 3274 2286 Nein. Warum hat Fichtner die Frau Wegrath verlassen,
905 2213 2081 2279 schon sehr aufmerksam lesen muß, um es herauszube¬
166 2200 912 2288 ratenes Trauerspiel ist die zweite
2080 2250 3264 2324 nachdem er sie verführt hatte? Es fiel ihm eines Abends
906 2258 2074 2324 kommen. Auf der Bühne geht die leise Andeutung natürlich
164 2269 910 2334 em Schauspiel „Der einsame Weg“,
2072 2313 3267 2371 ein, daß er seine Freiheit verlieren würde, wenn
907 2311 2083 2385 vollkommen verloren, und es bleibt nur ein widerspruchs¬
169 2299 911 2391 Führten Mädchen. Stephan v Sala,
2077 2352 3265 2419 er an diese Frau sich bände; und so reiste er plötzlich
910 2365 1990 2422 volles Hin und Her übrig, wie es geschildert wurde.
171 2351 909 2439 45 Jahren, macht Idhanna, die
2078 2405 3261 2455 ab, ohne sich weiter darum zu kümmern, was aus
996 2389 2076 2463 Was geschieht, ist also teils überhaupt nicht, teils so
167 2401 924 2478 rs Wegrath, zu seiner Geliebten;
2079 2446 3270 2520 seiner Geliebten werden würde. Es war nicht etwa
908 2433 2081 2512 ungenügend motiviert, daß der Zuschauer nichts von dem
162 2442 915 2516 e endet dawit, daß Johanna sich in
2083 2494 3267 2552 der Zwang der materiellen Verhältnisse — nicht etwa die
906 2481 2082 2564 Vorhandensein einer Motivierung merkt. Alles scheint, wie
167 2491 917 2577 illa des Herrn v. Sala ertränkt.
2085 2538 3269 2612 Angst vor Not und Sorge — nein, nur die plötzlich er¬
910 2527 2090 2610 gesagt, nur Laune, unbegreifliche Laune. Am Tage nach
163 2554 916 2616 Ddas aber ganz und gar nicht tragisch
2076 2569 3271 2649 wachte Liebe zur Freiheit, also eigentlich auch nur eine
906 2575 2078 2659 dem Selbstmord Johannas bringt es Sala fertig, ihrem
170 2591 912 2681 Selbstmord anscheinend jede tragische
2088 2633 3268 2698 Laune. Dem jungen Felix Wearath, seinem Sohne, erzählt
902 2650 2086 2704 Bruder zu sagen: Gestern bat ich Johanna, meine Frau
855 2646 918 2705 ir
225 2644 836 2729 Ueberhaupt scheint es
2074 2666 3261 2742 er ganz ruhig, wie er dessen Mutter behandelt hat. „Und
910 2668 2083 2762 zu werden. Aber in meiner Bitte lag nicht die Absicht,
168 2677 914 2771 schen, für Stephan und für
2075 2728 3267 2794 wenn sie sich getötet hätte?“ fragt Felix. Fichtner er¬
904 2735 2080 2795 irgend ein Unrecht gutzumachen, sondern es war wahrschein¬
160 2747 909 2801 vendigkeit zu geben. Sie tun, was
2078 2764 3266 2827 widert: „Ich glaube, ich hätte mich dessen für wert ge¬
915 2773 2088 2851 lich nur eine Laune — wie mancherlei anderes.“ So scheint
189 2792 923 2850 und wenn man sieht, daß sie im
2077 2811 3272 2895 halten — in dieser Zeit!“ Diese Antwort findet zwar
910 2832 2086 2892 es auch eine Laune Johannas zu sein, daß sie sich um¬
150 2833 911 2890 kreit sind, das Gegenteil von dem zu
2073 2856 3280 2932 Felix ganz in der Ordnung, denn er fügt hinzu: „Vielleicht
907 2875 2087 2947 bringt. Am Schluß des vierten Aktes erblickt man ein
156 2888 913 2942 ergehenden tun wollten, so muß man
2081 2918 3272 2979 waren Sie es damals wirklich“; aber wenn auch auf der
911 2916 2087 2978 junges Mädchen, das sich auf einem Brunnenrand nieder¬
165 2925 915 3011 ihnen ein anderer Einfall gekommen
2076 2961 3271 3026 Bühne der Sohn sich nicht darüber empört, daß der ehemalige
901 2953 2096 3040 läßt, um sich zu ertränken, und das sich anscheinend durch¬
186 2968 920 3050 ihr Handeln ist lediglich die Stim¬
2078 2993 3277 3078 Liebhaber seiner Mutter so von ihr spricht, zu ihrem
907 3009 2087 3071 aus nicht darüber im klaren ist, weshalb es sich ertränken
179 3022 914 3097 ch, wenn sie gerade danach gestimmt
2083 3041 3275 3118 Sohne spricht — der Zuschauer kann eine solche Antwort
162 3057 2088 3142 Stimmung es mit sich bringt, er= wird. Einige Zuschauer nahmen am Abend der Premiere
162 3118 3275 3184 auch einmal im Teich. Die Zuschauer diesen Aktschluß mit Gelächter auf. Das Gelächter war unmöglich billigen. Und hier wird die eigentliche, die innere
