3436 4384
1271 196 1719 286 box 23/5
118 209 1128 315 18. Der einsane Neg
964 367 2842 573 Ubenebeut•
726 777 2695 919 „Der einsame Weg in der Tribüne.
1057 1073 1228 1164 21
1324 1102 1531 1198 S
1012 1135 1086 1211 0
1342 1204 1398 1250 18
1282 1194 1574 1304 RD
1416 1242 1658 1325 S
1588 1463 1666 1544 *
1657 1491 1725 1578 W
2118 1593 2163 1648 *
1734 1632 2170 1724 S
1458 1560 1589 1710 400
1289 1657 1521 1756 D
1465 1691 1617 1759 A
1560 1740 1605 1775 S
1488 1739 1590 1806 8
1602 1756 1659 1808 1
1143 1795 1226 1860 5
1390 1808 1627 1899 R
1447 1880 1747 1986 R
1585 1925 1713 1981 S
1861 1907 2060 1993 g
1623 1943 1794 2007 K
886 1914 979 2020 85
2699 1947 2754 2026 2
1420 1963 1593 2053 S
1819 1982 1997 2079 Si
841 1978 910 2068 *
1484 1997 1770 2092 S
862 2026 1134 2126 S
2584 2206 2648 2251 „
711 2168 943 2282 e
1914 2174 2448 2295 ue
906 2255 1079 2338 S
1143 2278 1204 2343 g
752 2338 1088 2440 de eee
1004 2374 1053 2418 1
1846 2371 2014 2483 SRE
674 2443 974 2539 Zede.
1330 2554 2155 2637 Käthe Haack und Albert Bassermann.
1727 2646 2927 2721 fortzublasen, um aus den sichtbaren Konturen das Wesentliche
1724 2715 2940 2773 dieses Dramatikers festzustellen: Seine Aermlichkeit und seinen
539 2650 1579 2803 Schnitzlers „Einsamer Weg.
1731 2758 1951 2812 Reichtum.
1029 2785 1154 2859 Von
1773 2776 2936 2851 Er holt seine Säfte von Maupassant bis zu Ibsen. Der eine
1730 2833 2937 2894 ist ihm geistiger Ahnherr, der andere stärkster Anreger und Weg¬
882 2834 1291 2924 Felix Hollaender.
1720 2877 2935 2936 weiser. Und als eigene Ingredienz gibt er eine Dialektik östlicher
1732 2928 2810 2982 Herkunft und eine Sentimentalität wienerischen Ursprungs.
536 2905 1692 2981 Am Schlusse war es ein Erfolg der Darstellung, aus der zwei
1781 2965 2937 3023 Seine Gestalten, nicht organisch gewachsen, kommen aus der
479 2976 1713 3027 meisterliche Leistungen herausragten. Immer wieder — und mit
1714 3007 2939 3060 Werkstatt eines geschmäcklerischen Literaten, dessen Kunstgewerbe bei¬
481 3012 1695 3061 Fug und Recht rief man Bassermann und die Höflich, die
1722 3059 2943 3124 nahe schon Kunst — dessen Literatur fast wieder Leben geworden ist.
489 3055 1701 3108 über alle Schlagworte von neuer Schauspielerei hinweg die Rein¬
475 3098 1712 3157 heit und Schlichtheit ihrer Natur — die Vornehmheit ihrer Mittel
1777 3105 2850 3159 Damit ist der „Kunstwert“ seiner Arbeiten gekennzeichnet.
493 3148 868 3202 sich gewahrt haben.
1801 3135 2941 3213 „ Der einsame Weg“ mit seinem Herbstruch und seinem
544 3166 1697 3244 Und das Stück selbst? Konnte es der Kraftentfaltung zweier un¬
1723 3205 2933 3250 Lavendelduft, mit seinen Melancholien und geistreichen Wortspielen,
475 3232 1329 3274 gewöhnlicher Temperamente die Wage halten?
1724 3238 2949 3299 mit seinem feingeschliffenen, von weltmännischen Ironien durchsetzten
542 3265 1693 3321 1903 hat Arthur Schnitzler dies Werk geschrieben. Er war da¬
1736 3283 2753 3339 Dialog, zeigt alle Stärken und Schwächen dieses Poeten.
486 3306 1712 3363 mals 40 Jahre alt und stand auf der Mittagshöhe seines Daseins
1768 3315 2943 3383 Ein wenig blutleer und anämisch — etwas verstaubt und ver¬
481 3351 788 3411 und Schaffens.
1725 3361 2947 3429 modert — strömt doch aus dem Werke noch die Kraft einer Persön¬
540 3387 1692 3440 Sein Schauspiel könnte ebenso gut den Titel „Einsame Menschen
1737 3416 2941 3482 lichkeit, die Grazie eines Meisters, der hinter das Geheimnis der
479 3441 1703 3484 führen. Es ist gearbeitet mit der Technik Ibsens. Ein Tragödie hat
1722 3451 2126 3515 Form gedrungen ist.
486 3475 1711 3526 sich abgerollt, ehe noch der Vorhang in die Höhe geht. Und wenn
1776 3491 2949 3566 Was konnte die Bearbeitung — was konnte die Darstellung für
483 3521 1710 3576 gegen den Schluß ein Viveur und Weltmann den Sinn der Liebe in
1728 3539 2626 3602 das gealterte Werk leisten — dies ist die Frage.
476 3560 1702 3609 die Worte faßt: Lieben heißt, für jemand Anderen auf der Welt sein
1787 3589 2960 3652 Schnitzler hat glücklicherweise nicht zu tief in den Organismus
537 3604 1703 3655 so spricht er über die eigene Lebensführung und die des Freundes,
1719 3622 2956 3688 eingegriffen. Das Kind ist bei der Operation leben geblieben. Er¬
475 3650 1704 3720 mit dem er sich über letzte Dinge auseinandersetzt, ohne Sentiment
1730 3670 2957 3729 hat sich im wesentlichen darauf beschränkt, den zweiten und dritten
471 3691 904 3752 das Todesurteil aus.
1728 3716 2957 3770 Alt derartig zusammenzuziehen, daß die Hauptszene des dritten
543 3724 1704 3799 Sie werden beide einsam sterben — weil sie ihr Leben nur auf
1734 3767 2943 3828 Aufzuges, in der Julian dem Sohne seine Vaterschaft gesteht, in den
484 3775 1670 3848 sich — nur auf die Erfüllung ihrer selbstischen Triebe gestellt haben.
1728 3808 2380 3878 zweiten Akt hinübergerettet wird.
530 3834 1710 3897 Aber während der alternde Herr Stefan von Sala, Offizier und
1774 3832 2957 3912 Verzichtet hat er leider darauf, die peinlichen Anklänge an Ibsen
480 3873 1712 3925 Dichter, Forscher und Ironiker, vom Tode gezeichnet, noch ein blut¬
1723 3897 2952 3955 zu entfernen und die geschwätzigen Bekenntnisse seiner Menschen ein¬
479 3913 1703 3973 junges Ding brünstig nmarmt und tiefer Einsamkeit sich dennoch be¬
1726 3941 2945 4012 zudämmen, deren Remantik und Sentimentalität auf die Dauer un¬
476 3958 1696 4012 wußt bleibt — ja als Naturnotwendigkeit sie hinnimmt — wird der
1731 3990 2042 4046 erträ lich wird.
477 3994 1696 4048 andere Charmeur des Stückes, der verkrachte Maler Fichtner, weh¬
1781 4009 2947 4086 Er findet nicht den einfachen und selbstverständlichen Ausdruck
489 4038 1713 4089 leidig und empfindsam. Möchte am Schluß eines Lebenskomödie, in
1735 4071 2957 4125 für das seelische Erlebnis — seine Figuren gehen auf Stelzen und
476 4073 1707 4127 der er moussierendes Genie verspritzt, Ruhm und Geld in alle Winde
483 4123 664 4172 verstrent
2829 481 2933 585 2
2906 777 3086 925 Jei
2938 913 3082 990 des 4
2948 977 3099 1040 schein
2959 1024 3091 1081 Stim
2954 2827 3054 2905 20
