3484 4352
1091 306 1164 378 W
1432 311 1897 403 box 23/1
268 308 1291 425 18. Der einsane-neg
467 1828 3384 2000 führt, kann beim besten Willen nicht gedacht werden. Generalstave entgegen, weiche nach Ostanen kom=suirchengerate voll Unschägbarem Alterkümerorer
468 1950 3384 2029 Jede Brücke, jede Schwelle, jede Schiene, jede Schraubejkandiert sind. Die ersten beiden werden zu den russi=[der historisch berühmten Kollegiata=Kirche von #
468 1941 3384 2084 hietet Gelegenheit zu Gefahr. Jeder chinesische Kuli,schen, die letzten beiden zu den japanischen Truppen ab=Santander, wie uns aus Madrid depeschiert wir
2560 1996 3282 2075 Die Diebe entkamen in einem Automobtl.
1530 2026 1690 2089 reisen.
2939 2037 3210 2097 Erschossen
1568 2021 2574 2106 In Zusammenhang damit sei erwähnt, daß ein Lon¬
475 2044 1546 2121 der schlecht behandelt worden ist, kann sich dadurch an
2553 2075 3383 2142 hat sich in Bernburg der Leutnant Hanne
466 2078 2570 2183 Rußland rächen, daß er diese kostbare rückwärtige Ver=douer Telegramm meldet, Rußland und Japan hätten es
2565 2129 3383 2189 36. Infanterie=Regiment; er war erst seit 1900
1536 2112 2557 2200 abgelehnt, dem amerikanischen Militär= und Marine¬
1542 2163 2563 2232 attachee zu gestatten, ihre Streikräfte zu begleiten.
2561 2164 3397 2239 soll die Tat verübt haben aus Furcht, geisteskran
484 2186 1544 2258 Masken verstecken, Skowronneck hört mit hellem Ohr nach
1532 2208 2564 2274 Beide Mächte sollen angegeben haben, sie wünschen die
2664 2210 3389 2282 Das tragische Ende einer ganzen Fa#
483 2225 1536 2300 dem Enthusiasmus der Masse. Kein Zweifel: die Flotte
1532 2242 2575 2317 Anwesenheit von Ausländern nicht. Dieses Telegramm
2585 2250 3389 2322 Der seit dem 1. Februar in Berlin vermi
487 2274 1540 2339 ist populär. Der findige Kurt Kraatz ist Skowronneck
1533 2284 2464 2376 ist das Papier nicht wert, auf dem es gedruckt ist.
2549 2302 3390 2377 Vehlow nebst Frau und erwachsenem Sohn#
484 2317 1544 2411 in dieser Erkenntnis eine Bootslänge voraus gewesen.
2558 2333 3391 2416 Stricken zusammengebunden in der Oberspree##
476 2337 1558 2428 Also: „Iltis“ — Gefecht um die Taku=Forts — See¬
1737 2371 2365 2461 Die chinesische Regierung
487 2398 1551 2486 mannsweib und Seemannsbraut — blaue Jungens —
1537 2393 2870 2494 soll nach Washington mitgeteilt haben, daß, wenn derausgesunden.
2569 2413 3342 2509 Die internationale Kunst= und Gartenfn
486 2444 1550 2530 Hurra! Und was auf der Bühne „Hurra“ ist, wird
1544 2453 2590 2547 Hof fliehen würde, eine allgemeine Erhebung
2567 2478 3285 2542 in Düsseldorf wird vom Kronprinzes
482 2494 1535 2563 zum Bravol im Zuschauerraum. Ein braver junger
1537 2496 2579 2589 gegen die Fremden erfolgen und Metzeleien yor¬
2567 2525 3281 2587 sönlich eröffnet werden. Ferner gedeut##
481 2540 1541 2628 Kerl, der mit Leib und Seele Seeoffizier ist, läßt
1546 2534 2585 2625 aussichtlich statthaben würden, die möglicherweise zmit
2562 2566 3283 2634 seinem diesjährigen Aufenthalt in Wies
498 2580 1544 2645 sich von den Bitten der Mutter, die eben den tapseren
1543 2592 2463 2673 einem Zusammenbruch des Reiches enden würden.
491 2617 1551 2695 Gatten im kühlen Wellengrabe verloren hat, bestimmen,
1591 2615 3310 2706 10 000 Mann chinesischer Truppen sollen diese Joche stellung einen Besuch abzustatten; bei geser
2560 2652 3393 2725 es voraussichtlich eine Rheinfahrt untrnehmen.
486 2668 1550 2727 der See zu entsagen. Er wird Kaufmann ohne Lust
1548 2688 2076 2771 nach Shanhaikwan abgehen.
2566 2693 3399 2777 Zu dem Konflikt der Aerzteschaft mit den *##
497 2710 1550 2778 und Talent. Die Siegesnachrichten von der Erstürmung
2564 2741 3386 2821 lwird uns aus Leipzig telegraphiert, daß do
500 2749 1553 2825 des Takuforts wecken seine ganze heiße Sehnsucht, und
1817 2761 2305 2845 Die englische Flotte
491 2786 1568 2862 verständige Verwandte helfen ihm in die Freiheit, in den
490 2841 3399 2889 alten geliebten Beruf. Und eine neite Braut, die sichssoll teilweise mobilisiert werden und zwar sollen, Wie abend mehr als 106 Aerzte in einer Versammt
504 2875 3391 2954 vor dem Los der Seemannsgattin nicht scheut, kriegt erleine Londoner Agentur wissen will, Probemobilmachungenlverständnis mit den von der Regierung begonnen
2553 2879 3387 2949 lversuchen erklärten. In Magdeburg ha
911 2920 1986 3003 So kommen Patriotismus und orgenommen werden.
2563 2914 3401 3007 Krankenkassen, wie uns depeschiert wird, 115 Aer
504 2936 933 3003 noch obendrein...
1815 2929 2587 3015 Brüssel, 15. Febr. (Privat=Tel.)
2582 2983 2827 3051 niedergelegt.
496 2963 1575 3058 Frohsinn wohl auf ihre Kosten. Und die stramme „Hal¬
1574 2990 2584 3065 Reynolds Newspaper, ein gut unterrichtetes Blatt,
2830 2991 3372 3070 Eine Million veruntrent
502 3019 1573 3094 tung“ ist das Beste. Auch der feine, kluge Weitmannk
2575 3031 3391 3122 hat der 53 Jahre alle Botenmeister Mattes bei
505 3049 2584 3139 von Sala spricht in seinem Park zur Geliebten von derklündigt die Mobilisierung der eenglischen
2582 3093 3404 3167 Speicher=Aktiengesellschaft in Berlin während sei
497 3097 2573 3176 Waterkant. Er erinnert sich eines Bildes, das er gesehenMMarine an. Alle Kriegsschiffe sollen sich in kürzester
2569 3143 3395 3207 Dienstzeit. Als die Defraudation aufkam, einig
502 3143 1576 3215 Zwei alte Matrosen mit zermürbten Gesichtern; sie sitzen
496 3155 2576 3259 auf einem umgewandten Nachen, den trüben Blick aufsörist zum Auslaufen bereit halten. Die beurlaubten
2567 3187 3390 3247 sellschaft mit dem ungetreuen Beamten auf n#
1552 3198 2451 3280 kund Reserveoffiziere seien sämtlich einberufen.
2582 3222 3405 3299 zahlung des unterschlagenen Betrages, denn der#
498 3220 1576 3311 unendliche Meer hinaus. Und er fühlte ihr Elend tiefer,
497 3215 2577 3369 als der Maler, der es gemalt hat, tiefer, als sie selberk Wie uns weiter telegraphisch gemeldet wird, erhält
2590 3262 3398 3343 hatte das defrandierte Geld nutzbringend ange
1286 3282 2583 3368 Das ist nichtssich in London das Gerücht, daß England gedroht hat,
1257 3335 1313 3380 *
2581 3316 3397 3388 seinem Sohn in Ungarn eine Brauerei davon k#
1552 3319 2594 3383 Wemnos und andere Inseln an der Mündung
511 3334 1229 3385 es fühlen, wenn sie lebendig wären.
2570 3363 3393 3437 Aseine Ehefrau eine Bückerei und Konditoret ein
504 3330 2591 3419 der Weg ins Herz des Publikums, solcher Traum, durchsder Dardanellen zu besetzen, um die Neutralität
502 3394 2603 3475 den der Herbstwind leise die fallenden Blätter treibt. der Meerenge zu schützen, falls die russische Schwarze
2557 3410 3396 3469 Da aber von unbeteiligter Seite eine Anzeige
508 3438 2339 3506 Schon besser und einfacher: Iltis — Taku — blaue Meer=Flotte versuche, diese zu passieren.
1590 3456 3400 3535 Mittlerweile hat die englische Regierung dem have=Defrandation bei der Staatsanwaltschaft eing
516 3502 957 3593 Jungens — Hurral
1356 3499 3163 3594 R. P. Fierten russischen Torvedobootszerstörer Erlaubnis er=wurde der Defraudant verhaftet.
