3484 4352
771 316 821 364 1
232 304 1245 405 18. Der el sane Neg
1374 269 1827 368 box 23/5
2999 139 3110 192 1
2431 167 2529 263 25
1845 337 2039 416 —
3038 409 3112 479 it¬
2735 488 2796 531 —B
1901 470 2069 548 teilung
2067 608 2958 726 Gesunde Reaktion.
1998 705 3135 776 Nun wird es gottlob auch schon den Amerikanern
1906 768 3134 836 zu bunt. Selbst diese Amerikaner, die doch die größten
1919 836 3131 879 Portionen Nervenkitzel vertragen und sich an Rekorden,
1931 872 3135 933 Sportsensationen, Filmlieblingssüßigkeiten nicht satt¬
1924 907 3130 980 essen können, selbst ihnen geht es schon über die Hut¬
1934 955 3133 1031 schnur. Dieser Oberst Hutchinson, der mit seiner Frau,
1928 1003 3136 1083 seinen beiden Töchterlein und vier Passagieren eine
1914 1055 3132 1135 gänzlich überflüssige Ueberquerung des Ozeans unter¬
1925 1103 3137 1169 nahm und durch sein Mißgeschick oder Ungeschick die
1922 1142 3150 1226 Welt tagelang in Atem hielt, hat in der amerikanischen
1924 1194 3140 1274 Oeffentlichkeit einen Sturm der Entrüstung über der¬
1926 1239 3144 1319 artigen Leichtsinn wachgerufen. Man ist empört über
1929 1295 3148 1367 ein aufdringliches Snobtum, das nicht nur das eigene
1928 1339 3152 1410 Leben, sondern auch das der eigenen kleinen Kinder
1925 1383 3143 1472 aufs Spiel setzt, um im Mittelpunkt einer Sensation
1924 1438 3151 1507 zu stehen und einen neuen Rekord aufzustellen. Man
1933 1491 3145 1555 fordert sogar, Oberst Hutchinson solle vor das Straf¬
1933 1520 3180 1600 gericht gestellt werden, weil er über seine unmündigen;
1937 1566 3158 1645 Kinder die Todesgefahr heraufbeschworen hat. Aber die
1941 1628 3162 1686 Entrüstung beschränkt sich nicht auf die hemmungslost
1933 1656 3161 1745 Leichtfertigkeit des einen Mannes, sie richtet sich gegen“
1933 1727 3155 1796 alle die Rekordjäger, die da ganz unnötigerweise in den
1935 1767 3148 1846 Lüften über dem Atlantischen Ozean herumgondeln,
1935 1809 3157 1899 vielfach ohne die nötigen Fähigkeiten und Erfahrungen
1937 1858 3163 1947 zu besitzen. Man darf auf diese Bewegung in Amerika
1949 1915 3163 1982 vorläufig nicht übertriebene Hoffnungen setzen. Aber
1944 1952 3168 2034 höchste Zeit wäre es, einmal sich zu besinnen, daß
1944 2001 3161 2083 schließlich nicht nur Bravour und Muskulatur, nicht
1938 2040 3161 2115 der überdimensionale Bizeps eines Boxers oder eines
1939 2085 3164 2184 Ringkämpfers und auch nicht das leichtfertige Spiel
1947 2141 3162 2211 mit dem Leben das Wesen des Menschen ausmachen,
1947 2197 2878 2276 sondern auch ein bißchen Hirn und Geist.
2042 2235 3166 2315 Vor einem Vierteljahrhundert etwa mochte es noch
2756 2286 3163 2375 titzler n seinem
1959 2301 2678 2376 notwendig sein, daß Artbur
1947 2339 3159 2420 Schauspiele „Der einsame Weg die Parole ausgabe
1955 2387 3162 2472 „Mehr Haltung, weniger Geist!“ In der Zwischenzeit
1952 2446 3179 2512 hat man das Fehlende allzu reichlich aufgeholt. Gewiß
1952 2495 3172 2558 wird niemand so rückständig sein, daß er der jüngeren
1957 2537 3179 2594 oder älteren Jugend den Sport, die Bewegung in freier,
1963 2576 3167 2658 frischer Luft vorwerfen oder verkümmern möchte.
1957 2617 3172 2682 Gewiß ist vor der Jahrhundertwende und um diese
1952 2660 3176 2738 herum an Körper und Körperkultur der Menschheit
1953 2731 3173 2791 allzuviel vernachlässigt und gesündigt worden. Aber
1955 2755 3174 2842 auch das entgegengesetzte Extrem ist von Uebel, und wir
1959 2810 3189 2882 brauchen auf dieses falsch verstandene Neuhellenentum
1951 2852 3188 2924 nicht allzu stolz zu sein. Die Antike hat ja ihren Stolz
1954 2903 3196 2973 darein gesetzt, nicht nur Athleten, sondern auch Künstler,
1962 2971 3191 3020 Philosophen und Dichter hervorzubringen, die, auf
1960 2997 3193 3075 Staatskosten erhalten, im Prytaneion gespeist wurden;
1968 3046 3182 3121 und ein von den Uebersportlern gern zitiertes, aber
1961 3097 3189 3187 nur halb befolgtes lateinisches Sprichwort hat gelautet:
1970 3147 3191 3222 „Mens sana in corpore sano.“ Ein gesunder Geist in
1973 3190 3195 3273 einem gesunden Körper. Wir sind bescheidener geworden
1977 3246 3202 3307 und beschränken uns auf den gesunden Körper, der den
1970 3281 3204 3369 Alten doch nur als Grundlage, nur als Gefäß eines
1968 3338 3202 3423 gesunden Geistes gegolten hat. Die berühmtesten
1978 3398 3192 3454 Menschen unsrer Zeit sind die Boxmatadore, Meister¬
1981 3430 3199 3503 schwimmer, Dauerläufer, Rekordflieger, Sechstageradler.
1986 3475 3207 3558 Sechstagetänzer, Filmlieblinge. Jeder, der gelten will,
1982 3535 3205 3592 würde sich schämen, über Schmeling und Nurmi, über
1979 3569 3204 3657 Chevalier und Menjou nicht im Bilde zu sein. Aber
1991 3623 3198 3691 niemand geniert sich, wirkliche Geistesgrößen unsrer
1981 3666 3205 3746 Zeit nicht oder höchstens nur vom Hörensagen zu
1993 3715 3209 3785 kennen, und solches Nichtwissen stellt niemand bloß.
1993 3756 3210 3836 Wer außerhalb der Fachkreise kennt etwa Max Weber,
1993 3811 3212 3885 den genialen Soziologen und Nationalökonomen, einen
1995 3855 3211 3926 der schärfsten Geister des letzten halben Jahrhunderts?
1994 3903 3212 3978 Wie viele aus der rekordwütigen Menge wissen von
1993 3955 3201 4037 dem jüngst verstorbenen Mediziner Rouald Roß, der
1991 4008 3219 4078 durch die Entdeckung des Malariaträgers einer der
1988 4056 3211 4136 größten Wohltäter der Menschheit geworden ist? Oder
