3484 4256
1394 236 1850 318 box 23/1
244 243 1247 328 18. Derane Neg
581 592 1413 723 Dr. Max Goldschmidt
676 712 1315 794 „ Bureau für
753 776 1257 861 Zeitungsausschnitte
494 848 1507 924 verbunden mit direktem Nachrichtendienst durch
751 894 1267 968 eigene Korrespondenten.
1042 945 1443 1013 Telephon: III, 3051.
558 960 913 1038 Berlin N. 24.
492 997 1525 1075 —
792 1066 1228 1155 Ausschnitt aus
595 1315 1452 1425 Pallasche Zeitung, Halle (Saale)
1064 1471 1453 1594 16 FER 1904
381 1571 428 1674 „.
470 1622 1575 1687 — Berlin, 15. Febr. Im Deutschen Theater errang
361 1682 1570 1733 Arthur Schnitzlers neuestes fünfaktiges Schauspiel „Der ein¬
371 1696 1579 1767 same WeBerrner Theater Richard Skowronneks
358 1734 1590 1817 dreiaktiges Schauspiel „Water=Kant“ einen bedeutenden Erfolg###
548 2345 1384 2447 Dr. Max Goldschmidt
724 2444 1287 2540 „ . Bureau für
705 2512 1223 2607 Zeitungsausschnitte
464 2572 1461 2674 verbunden mit direktem Nachrichtendienst durch
707 2635 1232 2710 eigene Korrespondenten.
1011 2688 1409 2767 Telephon: III, 3051.
519 2705 879 2785 Berlin N. 24.
481 2727 1479 2823 —
749 2808 1210 2905 Ausschnitt aus
845 2982 1323 3072 Hamburger Echo
1144 3073 1527 3203 J6FEB. 1904
1209 3258 1503 3331 „
803 3531 1545 3619 4# Arthur Schnitlers neues
563 3573 1542 3666 Drama „Dereinsame Weg###mPerliner
565 3610 1542 3694 Deutschen Theater unzweidentig abgelehnt worden. Es
577 3652 1551 3734 ist ein Stück, in dem sich eine unerquickliche Handlung
575 3683 1552 3781 hinter mystischen Wolkenschleiern birgt. Einige weuige
584 3733 1421 3817 Nebenfiguren erinnern an Schnitzlers beste Zeit¬
2536 400 2749 462 Schmtte
2293 445 2996 521 crektem Nachrichtendienst durch
2225 504 2769 576 eigene Korrespondenten.
2507 560 2933 633 Telephon: III, 3051.
2027 569 2413 643 Berlin N. 24.
2250 616 2980 667 —
1965 629 2160 683 —
2259 674 2693 764 Ausschnitt aus
2135 852 2922 958 Breslauer Morgen-Zeitung
2386 1036 2759 1138 46 FEB. 1904
2268 1148 2691 1218 Allerlei Neues.
1905 1186 3139 1253 Aus Berliner Theatern. Man schreibt uns aus Berlinn
1815 1227 3126 1333 Arthur Schnitzleus neues Schauspiel „Der einsame
2036 1264 3141 1335 das am Sonnabend in der glänzenden Darstellung des
1816 1295 1965 1345 Weg
1831 1300 3135 1369 Deutschen Theaters nur einen sehr bestrittenen Erfolg hatte,
1823 1352 3133 1414 wird sich die Bühnen leider nicht erobern können. Die Schuld daran
1828 1397 3133 1452 liegt teils an den dramatischen Mängeln dieser Dichtung, teils an
1828 1414 3136 1492 der Eigenart des Theaterpublikums, das lieber zu den groben Sen¬
1828 1457 3132 1527 sationen des „Zapfenstreichs“ läuft, als geneigt ist, Bühnenmängel zu
1839 1518 3128 1564 übersehen um der Feinheit der Dichtung willen. Um so anerkennens¬
1833 1536 3113 1606 werter ist es daher, wenn ein Dichter wie Schnitzler, der in „Liebelei“
1839 1565 3119 1633 und in „Freiwild“ und im „Vermächtnis“ und im „Grünen Kakadu“
1826 1633 3125 1685 die Szene so meisterlich beherrscht, sich noch intimerer Darstellung zu¬
1839 1653 3147 1714 wendet. Schon der Einakter=Zyklus „Lebendige Stunden“ zeigte die
1832 1675 3137 1755 Wandlung an, die sich jetzt im „Einsamen Weg“ völlig vollzogen hat.
1845 1729 3141 1792 Dieses Stück ist etwa in der Technik Ibsens gearbeitet und doch ganz
1835 1777 3145 1826 selbständiger Prägung — seine fünf Aufzüge sind wie ein großer
1836 1814 3143 1866 Schlußakt. Fast ein Vierteljahrhundert zuruck liegt die Vorfabel des
2692 1843 3135 1900 für das Interesse des
1840 1862 2680 1904 Stückes. Zum Schluß des ersten Aktes —
1841 1868 3136 1938 Publikums ein wenig zu spät — wird sie mit einem Schlage enthüllt.
1840 1918 3144 1982 Dann, im zweiten und dritten Akte, fallen für uns die Schleier der Ver¬
1846 1955 3138 2027 gangenheit und lebendig, in greifbarer Lebensfülle steht nun jene Zeit
1837 1993 3144 2060 vor uns, da Julian, der glänzende „vielversprechende Künstler, Gabriele,
1849 2030 3134 2098 isie Braut seines Freundes Weggraf, verführt hat. Gabriele und
1850 2085 3133 2132 Julian — sie waren zu einander gekommen in unbezwinglicher, jäh auf¬
1844 2103 3134 2167 lodernder Liebe und es war ihnen beiden heiliger Ernst gewesen. Schon
1844 2145 3127 2205 hatten sie den Morgen festgesetzt, an dem sie fliehen wollten, um sich
1847 2182 3130 2250 dann für immer zu vereinen. Aber in der Nacht vorher überkam
1849 2221 3130 2282 Julian ein Grauen davor, sich für immer zu binden, seine freie, un¬
1854 2261 3129 2323 gebundene Künstlerschaft zu opfern. Sein Egoismus war größer als
1844 2297 3125 2365 seine Liebe, er hatte nicht die Kraft, Gabriele ein Opfer zu bringen
1860 2337 3125 2392 — und er entfloh. Der Maler Weggraf hatte auch geträumt von freier,
1841 2372 3132 2443 großer Kunst, auch er wollte ein ganz Großer werden, aber all seine!
1840 2407 3137 2472 Träume versanken vor der Liebe zu Gabriele. Er heiratet sie wenige
1848 2447 3142 2509 Tage nach der Flucht Julians, er weiß nicht, welchen Verrat die Beiden
1842 2488 3133 2551 an ihm begangen. Und Gabriele schweigt. Er wird glücklich auf
1856 2523 3139 2590 seine Art, wird ein tüchtiger Künstler, aber kein großer, malt alljährlich
1851 2565 3141 2636 sein Ausstellungsbild, wird Direktor der Akademie — aber man nennt
1850 2603 3144 2665 ihn nur einen Kunstbeamten. Ein Freund Julians, Stephan v. Sala,
1858 2637 3162 2711 auch ein Eigner und Egoist, sagt einmal von Weggraf: „Der Mann hat
1846 2672 3147 2734 einen Beruf. Ich glaube, wir können das gar nicht fassen, die wir
1850 2720 3156 2788 von Gnaden des Augenblicks Götter und zuweilen etwas weniger als
1846 2764 2154 2832 Menschen sind.“
1939 2779 3167 2856 Dieser Sala und Julian sind zwei interessante Typen. Sie haben
1853 2829 3154 2901 niemals anderen ein Opfer gebracht, sie sind den „einsamen Weg ge¬
1849 2889 3157 2927 wandert und nun, da sie altern, müssen sie sich gestehen: „Den Weg,
1860 2909 3157 2973 hinab, den Weg des Alters gehen wir allein, wir, die wir niemandem
1854 2945 3158 3004 angehört haben.“ Sala, die psychologisch vielleicht feinste Gestalt, die
1862 2981 3156 3053 Schnitzler geschaffen, findet noch ein spätes Glück in der Liebe, die
1854 3027 3164 3078 Johanna, die Tochter Weggrafs ihm entgegenbringt — aber Johanna
1852 3071 3162 3129 geht an ihm zu Grunde und gibt sich den Tod. Julian graut vor ein¬
1869 3096 3165 3167 samem Alter, er will nicht, wie all die Kleinen, den Gesetzen des Lebens
1863 3137 3156 3199 unterworfen sein und er kämpft um die Liebe des dreiundzwanzigjährigen
1858 3169 3164 3246 Felix. Es ist sein Sohn, gilt aber als der Sohn Weggrafs. Bei
1860 3210 3162 3279 seiner Geburt hat Gabriele geschwiegen, um die Ruhe und den Frieden
1861 3250 3173 3325 des Gatten nicht zu zerstören. In zwei ergreifend schön durchgeführten
1865 3293 3159 3353 Szenen schildert Schnitzler, wie Felix und Julian zu einander kamen,
1861 3328 3161 3387 wie die verwandten Elemente einander anziehen und wie dann doch
1864 3374 3161 3425 Felix bei Weggraf bleibt und den Mann, in dessen Haus er geboren
1860 3415 3172 3467 und erzogen, nun noch mehr liebt, da er weiß, wie sehr jener betrogen
1859 3458 2035 3520 worden.
1939 3470 3174 3538 Das ist, wenn man es technisch bezeichnen will, die Haupthandlung
1850 3533 3158 3568 des Stückes. Weit mehr aber noch und den Rahmen dieser Besprechung
2834 3555 2865 3586 —
1862 3554 3162 3614 weit überschreitend, wäre zu sagen über das Beiwert, das oft zum
1866 3593 3162 3649 Schaden der Bühnenwirkung zur Hauptsache wird: die Schilderung der
1853 3629 3161 3700 beiden Uebermenschen, die den einsamen Weg gehen. In dieser
1868 3665 3164 3723 Schilderung hat der feine, tief eindringliche Poet Bedeutendes geschaffen¬
1859 3698 3160 3755 — man kann diesem Werke meist gerecht werden, wenn man es nur als
1861 3743 3168 3805 Bühnenstück betrachtet. Es ist eine bedeutsame, dankenswerte, glänzende
1860 3780 3158 3845 Dichtung, die sorgsame und hingebende Lektüre verdient. Als Theater¬
1862 3836 3156 3872 stück hat „Der einsame Weg“ viele Mängel — die Handlung geht lang¬
1874 3853 3158 3912 sam vorwärts, die Fülle der Gestalten und Gedanken belastet das
1861 3892 3157 3962 Theaterstück allzu sehr und kann von der Bühne herab nicht genug Wür¬
1861 3935 3166 3995 digung finden. Dann ist da eine vorzüglich gesehene Gestalt einer
2154 3973 3174 4020 — diese Gestalt allein könnte ein wertvolles Theater¬
1872 3981 2153 4038 Schauspielerin
1865 4012 3165 4066 stück werden. Es steckt in ihr eine wundervolle Frauenpsychologie, ein
3053 4045 3164 4091 aber
1859 4056 2984 4106 lebenstrotzender Humor, Sonnigkeit und Traurigkeit zugleich
1872 4081 3168 4147 man könnte diese Figur streichen und dem Stücke würde kein organisches
1874 4138 2116 4178 Glied #####
