3392 4256
1386 255 1828 339 box 23/1
1044 267 1111 332 W
757 277 1003 338 nsame
225 278 1230 376 18. Der ei
172 919 1848 984 In zwei psychologisch äußerst sschen Theaters von Herrn Rittner ganz ungenügend
764 962 1854 1014 verkörpert. C „vermochte für sich und sein Schicksal nicht
135 971 753 1037 führt Schnitzler die Entscheidung
763 1005 1853 1059 die geringste unteilnahme zu erwecken. Und damit fiel die
143 1019 755 1073 n Empfinden wendet sich der Sohn
759 1034 1855 1091 Haupthandlung ins Nichts zusammen. Die Parallelhand¬
127 1054 755 1113 kr ab und dem Manne zu, der in
761 1072 1857 1134 lung trat dafür — aber auch nicht eben zum Vorteil der
128 1087 755 1147 ug seiner Frau, ihm Zeit seiner
759 1103 1859 1165 Gesamtwirkung — darstellerisch glänzend hervor. Herr!
136 1130 754 1192 rsorge Vater gewesen. Vor dem
763 1135 1849 1213 Bassermann gab den großen Lebenskünstler mit wun¬
139 1174 388 1227 nsame Weg“.
763 1177 1853 1252 dervoller innerer Ruhe, selbstsicher, überzeugend. Frl.
139 1191 753 1265 eine einsame Natur. Sie träumt,
1763 1228 1852 1276 in
765 1232 1768 1278 Triesch brachte die Eigenart des jungen Mädchens
137 1245 753 1294 m Gelüst zu gestalten. Ohne nach
778 1264 1858 1326 scharfer Charakteristik zutage und wußte dennoch die Gestale
140 1281 762 1338 hnur nach Vater und Bruder zu
768 1301 1853 1363 poetisch zu erklären. In beträchtlichem Abstand davon hebe
143 1329 767 1376 ehrt sie sich aus Naturinstinkt ab.
769 1345 1858 1409 ich die an sich guten schauspielerischen Leistungen der Da¬
136 1362 760 1408 kt das Schicksal einem einsamen
767 1368 1859 1443 men Pauly und Lehmann und des Herrn Sauer her¬
143 1394 769 1454 st ein Lebenskünstler großen Stils,
1635 1416 1801 1470 E. H.
776 1437 854 1479 vor.
149 1434 766 1484 en Leiden die Schauer des Seelen¬
152 1463 765 1526 das Mädchen hin und genießt ihre
160 1505 768 1567 Blume spielend, sie pflückt. Mehr
148 1541 774 1600 danken bei einer großen Reise, die
168 1583 769 1645 führt den Herzkranken in andere
145 1616 771 1677 ne Rückkehr gibt. Sie geht ihm
146 1653 779 1721 eitiger, selbstbestimmter Tod zwingt
1899 1657 2355 1749 Teiephon 12801.
160 1687 782 1751 ieten, seinem Leben noch kürzere
155 1736 791 1789 selbständiges Drama, tritt dieses
1510 1761 2743 1832 Alex. Weigl’s Unternehmen für Zeitungs-Ausschnitte
156 1777 780 1829 rch die Einheit der Idee sind beide
156 1826 799 1882 es szenisch allzu breit angelegt, so
1773 1819 2668 1972 „OBSERWEP“
150 1880 786 1953 Schwester im Mittelpunkt der Ge¬
2519 1876 2799 1975 Nr. 25
161 1933 785 1987 nit noch nicht — und dies ist einer
1391 1954 2843 2033 I. österr. behördl. ööno. Bureau für Zeitungsberichte u. Personalnachrichten
164 1969 779 2032 Mängel, die es gibt — im Mittel¬
180 2013 792 2071 Das fliegt dem gealterten Vater,
1672 2015 2588 2089 Wien, I., Concondiaplarz 4.
170 2055 789 2107 Sohn den Sohn sucht, und diesem
1402 2081 2833 2156 Vertretungen in Berlin, Budapest, Chicago, Genf, London, Newyork, Paris, Rom,
224 2082 788 2145 wester hinnimmt, zu. Beide
1763 2137 2484 2199 Stockholm, Kristiania, St. Petersburg.
199 2122 788 2189 sten, Menschen des Genusses. In
243 2169 791 2221 überstellung beider Charaktere
287 2205 785 2273 verfehlten Dramas psycho¬
278 2239 786 2305 Hier hat ein Dichter ge¬
1402 2179 2680 2326 Rssc nesnen Terlend
278 2273 798 2339 ig und aller egoistischen Ge¬
325 2320 794 2367 im Grunde doch nur ein
341 2360 804 2405 Kunst ist ihm sein Leben
338 2399 796 2452 e kommt, verträgt er die
1389 2357 1985 2480 vore: 76# ###
330 2421 805 2491 dumm=brutal geschaffen.
326 2471 797 2528 Lebensdichtung sehr folge¬
239 2511 801 2565 e. Der Selbstmord ist bei ihm
247 2550 805 2608 ondern rechter Lebensabschluß.
287 2583 806 2642 — und es ist ein reiches, das
1965 2583 2189 2643 #eek.
1639 2605 2544 2690 Erstaufführung in Berlin.] Unser Berliner
306 2619 803 2682 i dieser seiner Gestalt zu er¬
1601 2656 2546 2736 Theaterberichterstatter sendet uns folgendes Tele¬
338 2669 802 2719 hier lebt ein Mensch sich
1621 2685 2535 2763 Kramm: Die Erstaufführung von Arthur Schnitz¬
355 2700 805 2758 hier Töne angeschlagen,
1615 2718 2540 2796 lers fünfaktigem Schauspiel „Der einsame Weg“
356 2744 806 2792 verfehlten Drama einen
1630 2754 2550 2831 führte im Deutschen Theater zu einem völligen
363 2767 817 2835 gelungenen Theaterstücke
195 2788 249 2835 üb
1642 2818 1681 2847 a
1614 2803 2553 2859 Mißerfolg. Die träge Exposition und eine dovpelte,
168 2820 810 2872 Aber ich wiederhole: ich sage das
1632 2829 2543 2902 verzwickte Handlung ermüdeten das Publikum.
178 2860 816 2905 sondern um anzuklagen. Eine so
1630 2871 2553 2938 Ernstgemeinte stumme Szenen reizten zum Lachen.
170 2883 819 2947 ler hätte doppelt die Verpflichtung.
1637 2906 2554 2973 Schade d’rum! (Die Buchausgabe des Dramas
176 2943 810 2984 die Sonne zu geben, in der es als
1632 2925 2558 3009 ist soeben bei S. Fischer in Berlin erschienen und
168 2973 650 3022 sinung zu treten vermag.
1635 2973 2569 3045 kostet geh. 2 Mk. Der einsame Weg ist der Weg
173 2989 821 3061 des weiteren zu beeinträchtigen,
1627 3019 2547 3088 derer, die nie Opfer zu bringen fähig sind. Der
172 3045 846 3098 d hinzu: die eine Hauptgestalt, der
1627 3044 2560 3122 Sohn erfährt, daß der Mann, der der Gatte seiner
181 3083 827 3158 bei der Aufführung des Deut¬
1632 3079 2560 3158 Mutter ist und der ihn auferzogen, nicht sein Vater
1517 3120 2562 3196 50 Zist; er wendet sich trotzdem im entscheidenden Augen¬
1396 3149 1506 3213 Far
1608 3166 2552 3224 blick ihm zu und von seinem leiblichen Vater ab.
2558 3160 2815 3249 — incluzive
1499 3191 1611 3236 100
1626 3187 2563 3268 Dazu eine Parallelhandlung, die die Schwester
2617 3213 2793 3260 Porto.
1506 3230 1612 3276 200
1625 3222 2603 3303 einem anderen Einsamen in die Arme und dann in —
2615 3251 2810 3302 Zahlbar
1503 3270 1617 3315 500
1437 3283 2104 3371 „ 1000 den Tod führt. D. Red.)
2434 3289 2838 3361 200.— im Voraus.
1726 3318 1822 3366 —.—
1523 3343 2842 3403 Im Gegensatze zu anderen Bureaux für Zeitungsausschnitte ist das
2439 3393 2849 3450 — auch steht es den
1398 3388 2444 3447 Abonnement durch keine bestimmte Zeitdauer begrenzt;
1412 3441 2717 3492 Abonnenten frei die aufgegebenen Themen zu ergänzen oder zu ändern.
1513 3501 2843 3576 Der „OBSERVER“ veranstaltet täglich einen Auszug enthaltend die
1392 3563 2844 3611 Inhaltsangabe aller wichtigen Mittheilungen der Wiener Morgen¬
1398 3605 2837 3648 blätter (Tagesjournale ausser „Neue Freie Presse“ und „Wiener Zeitung“)
1414 3637 2843 3692 vodurch eine Uebersicht über das gesammte politische und wirthschaftliche
1438 3671 2843 3722 oben des In- und Auslandes in drastischer Kürze geboten wird. Diese Mit¬
1448 3713 2436 3780 ilungen werden in Wien um 9 Uhr Früh verschickt.
1730 3804 2493 3872 Prospecte gnatis und fnanco.
1855 3851 2410 3913 Quellenangabe ohne Gewähr.
