3484 4352
1100 345 1172 413 N
1425 344 1877 435 box 23/1
779 356 1015 415 nSam
275 357 1276 454 18. Der ellEEE
655 960 1084 1044 Ausschhift aus
563 1235 1188 1325 Berliner Lokal-Anzeige
586 1320 679 1381 1
722 1426 1077 1518 34 FEBWD
1427 1503 2335 1575 Maler, das Mädchen verfassen, da er sich nicht be¬
1435 1541 2346 1607 zwingen konnte, seine Ungebundenheit, die Freiheit
590 1538 1331 1649 —Theater und Mulik.
1436 1582 2335 1651 künstlerischen Schaffens ihr zu opfern. Wegrath
1436 1625 2333 1675 aber, unbewußt des Verrats, den die beiden an
562 1616 1420 1696 Ph. St. Im Deutschen Theater hat am
1438 1659 2331 1721 ihm begangen, hat Gabriele geheiratet — auch
511 1669 1424 1742 gestrigen Sonnabend Arthur Schnitzlers
1434 1700 2331 1757 ihm hatte geträumt von großer, freier Kunst,
518 1716 1423 1782 Schauspiel „Der einsame Weg“ einen Er¬
1447 1736 2338 1795 aber seine Künstlerschaft hat sich geduckt vor dem
512 1756 1437 1812 folg gehabt, der nach dem 4. und dem 5. Akte stark
1438 1778 2344 1827 Begehren nach dem stillen Glück an der Seite
519 1793 1429 1858 bekampft wurde. Der erste Akt hatte interessiert
1446 1813 2352 1869 Gabrielens. Er hat es ja auch zu etwas ge¬
518 1818 1433 1905 ohne das Publikum bereis zu gewinnen, allerlei
1440 1847 2348 1923 bracht, er ist Direktor der Kunstakademie und
526 1877 1438 1939 Fäden der Handlung hatten sich verschlungen, aber
1445 1889 2355 1953 malt jährlich sein Ausstellungsbild — aber man
522 1913 1434 1984 erst die Schlußszene hatte die Andeutung der Vor¬
1455 1926 2354 1988 nennt ihn nur einen Kunstbeamten. Julian aber,
526 1951 1431 2008 fabel gebracht. Der 2. und der 3. Akt fanden
1444 1962 2350 2039 der große Künstler, hat gelebt wie in einem Rausch
528 1983 1436 2048 lebhaften Beifall und übten starke Wirkung
1448 2006 2352 2068 von Zärtlichkeit und Leidenschaft, ja von Macht
529 2020 1448 2094 aus. Schnitzler konnte vom zweiten Aufzuge ab
1447 2042 2348 2104 über alle. Nun, da er zu altein beginnt, soll ihm
527 2065 1436 2126 nach jedem Akte wiederholt erscheinen. Als
1454 2088 2353 2144 da von aller Glut, mit der er die Welt umfaßt,
521 2100 1443 2168 der Vorhang nach dem 4. Akte fiel, schien
1447 2123 2348 2188 nichts übrig bleiben? Und er fragt sich verzweiselt:
528 2142 1447 2210 das Stück einen Augenblick gefährdet — ein paar
1457 2159 2356 2222 „Muß ich menschlichen Gesetzen so gut unterworfen
523 2184 1438 2245 Zuschauer hatten in die Schlußszene hineingelacht,
1448 2195 2349 2249 sein wie ein anderer?“ Und die Geschehnisse be¬
540 2225 1438 2275 es erhob sich lautes Zischen, aber der Beifall war
1448 2238 2355 2302 jahen diese Frage, verurteilen ihn zu gleichem
531 2260 1443 2327 stärker. Und nach dem Schlußakte kämpften Bei¬
1451 2272 2354 2342 Los mit all den anderen, all den Kleinen. Ver¬
534 2297 1362 2377 fall und Zischen in vielleicht gleicher Stärke.
1449 2309 2355 2381 gebens offenbart er sich seinem Sohne Felix, der
587 2337 1442 2393 Dramatisch hat dieses Werk viele Mängel, aber
1464 2352 2356 2412 als Wegraths ältester Sohn gilt — Felix liebt
522 2372 1456 2456 rein als dichterische Schöpfung betrachtet, ist es nächst
1459 2379 2360 2449 den Mann, in dessen Hause er geboren und er¬
533 2413 1459 2489 „Rose Berndt“ das Bedeutendste, was diese Spiel¬
1451 2424 2356 2499 1 zogen ist, jetzt, da er weiß, wie man jenen
533 2445 1452 2520 zeit uns gebracht hat. Es ist das Werk eines echten,
1461 2463 2124 2536 betrogen hat, noch mehr als früher.
541 2494 1445 2556 seinen Poeten, reich an intimen Schönheiten, an
1519 2495 2364 2558 Das Stück beginnt kurz vor dem Tode
537 2533 1453 2596 psychologischem Gehalt, an Tiefe der Gedanken.
1455 2544 2379 2611 Gabrielens, da Felix bereits 23 Jahre zählt. Dier
542 2559 1461 2626 Etwas von der Lebensauffassung der „Lebendigen
1456 2576 2390 2642 beiden Hauptszenen zwischen Julian und Felix sind¬
537 2602 1454 2668 Stunden“ ist darüber ausgebreitet, und von
1468 2619 2371 2679 von ergreifender Innigkeit, künstleriich und auch
547 2638 1453 2713 Schnitzlers Novelle „Sterben“ kommen leise
1463 2658 2379 2716 kunsttechnisch vollendet. Der Herzenskampf Julins
551 2690 1461 2733 Stimmungen herüber. Es bedeutet eine neue
1461 2694 2367 2764 um den Sohn ist nun wohl das Hauptstück im
553 2731 1457 2783 Schaffensperiode für diesen reifen Poeten,
1475 2729 2380 2812 Stücke, aber daneben laufen doch noch Intersssen,
548 2762 1456 2826 eine neue Stilart, die dramatisch voll zu
1468 2775 2373 2836 die, an sich sehr bedeutsam, doch allzu oft und Illzu
547 2804 1458 2866 beherrschen ihm diesmal noch versagt blieb.
1469 2814 2377 2873 stark vom Hauptkern der Dichtung ablenken. WBei
553 2839 1467 2898 Diese fünf Akte sind wie ein großes Finale in der
1470 2847 2378 2914 einem minder reichen Poeten wären viellhicht
553 2879 1461 2932 Art, wie es die meisten Dramen Ibsens sind. Und
1476 2890 2381 2954 drei Stücke aus diesem Material zustände
545 2912 1464 2974 auch darin kommt es Ibsens Schaffen nahe, daß
1475 2922 2378 2985 gekommen. Die wundervoll durchgeführte Ge¬
549 2964 1461 3010 es eigentlich keine Gestalten darin gibt, die nur
1481 2960 2379 3031 stalt der Schauspielerin Irene Herms die
545 3004 1468 3056 Hülfsmittel wären, keine, in denen nicht mit
1475 2991 2387 3066 hier wenig mehr als eine Episode bedeutet,
550 3030 1467 3097 meisterlicher Kunst lebensvolle, warmpulsierende
1476 3047 2387 3115 wäre allein schon genügendes Thema für eine
549 3070 1463 3130 Menschen geschaffen wären. Und inmitten der
1487 3083 2386 3144 eigene Dichtung: sie verkörpert ein Schicksal, einen
559 3102 1468 3167 weichen Poesie, in die das Ganze gehüllt
1468 3132 2382 3191 Frauentypus und eine Frauenindividualität zu¬
551 3145 1466 3218 ist, erscheint eine Fülle von Lebensmaximen,
1483 3170 2379 3225 gleich. Ihre Szene im zweiten Akt ist ein Glanz¬
558 3185 1468 3266 geistestiefen Einfällen und Beobachtungen, oft
1477 3197 2389 3255 punkt der Dichtung. voll wundervollen Humors, voll
555 3222 1471 3289 durchweht von einem feinen Humor und wahrer
1482 3234 2389 3300 strotzender Lebensfülle, und doch steckt auch in
553 3255 1469 3326 Ironie. Eine schmerzliche Resignation klingt aus
1481 3275 2383 3338 dem Schicksal dieser lebensfrohen Natur eine
563 3305 1463 3361 der Fülle der Gestalten, ihrer Schicksale und An¬
1487 3315 2394 3378 Traurigkeit wie in einer ganz sonnigen Früh¬
563 3333 1472 3418 schauungen, und dann zum Schluß doch wieder
1866 3358 2356 3411 „die Traurigkeit steckt in
1479 3364 1772 3429 lingslandschaft
570 3378 1470 3447 ein Aufdämmern der Hoffnung. „daß jetzt wieder
1485 3390 2390 3457 den Dingen oft viel tiefer verborgen, als
569 3409 1479 3491 ein besseres Geschlecht heranwächst — mehr Hal¬
1484 3440 2398 3496 man ahnt". Und dann — welch eine Kraft
560 3457 1080 3524 tung und weniger Geist“.
1479 3468 2403 3536 der tünstlerischen Prägung zeigt sich in der Ge¬
630 3477 1487 3562 Die beiden, die in ungestümer, rücksichtsloser
1484 3507 2401 3571 stalt des Todeskandidaten Stephan von Sala,
571 3527 1485 3592 Lebensgenußsucht den „einsamen Weg“ gegangen
1497 3540 2402 3605 einer Julian verwandten, aber schrofferen, ab¬
574 3575 1488 3631 sind, Julian und Stephan, die niemals ein Opfer
1487 3583 2392 3643 lehnenderen, mehr in sich gefesteten Natur!
569 3613 1475 3664 gebracht nur um anderer willen, sie müssen sich
1489 3616 2399 3688 Diese Gestalt, mit minutiöser Kunst ausgeseilt und
570 3649 1485 3712 schließlich gestehen: „Und wenn uns ein Zug
1482 3661 2392 3722 doch wie ein geschlossenes Ganzes wirkend, ist
573 3691 1476 3760 von Bacchanten begleitet haben, den Weg hinab,
1484 3696 2399 3767 vielleicht das psychologisch Feinste, das Schnitzler
578 3726 1486 3786 den Weg des Alters gehen wir alleln, wir, die
1486 3735 2410 3816 geschaffen hat. Und nun — das Liebesleven
565 3757 1487 3826 selbst niemandem gehört haben." Julian graut vor
1494 3790 2401 3851 Stephans mit Johanna, der Tochter Weg¬
581 3802 1479 3871 solchem Alleinsein, und er klammert sich an Felix.
1868 3821 2393 3876 eigentlich wiederum ein
1492 3827 1767 3883 raths! Das
572 3833 1489 3912 der sein Sohn ist, und doch vor der Welt nicht
1496 3848 2402 3910 Stück für sich; bedeutend, wenn es für sich allein
566 3882 1489 3942 dafür gilt. Julian hat einst Gabriele kennen
1499 3894 2395 3951 aufgetreten wäre, aber das Publikum verwirrend,
946 3919 1489 3978 bereits die Braut seines
573 3931 949 4006 gelernt, als sie
1497 3923 2407 3994 da es nur im Rahmen des Ganzen erschemnt und
577 3950 1498 4021 Freundes Wegrath war. Julian und Gabriele
579 3950 2406 4050 kamen zueinander in unbezwinglicher, jugend= diesen Nahmen beinahe zu sprengen scheint. Dann
584 3999 2421 4115 stürmischer Liebe — dann hat Julian, der geniale die liebevolle Zeichnung des Alademiedirektors,
2407 1409 3132 1505 S
2335 1474 3268 1532 1 das wundervolle Verstehen der Frauenseele
2343 1513 3263 1573 Gabrielens und dann die seine Psychologie des
2350 1565 3266 1627 jungen Felix, in dem so viel seinem Vater Julian
2344 1600 3260 1663 verwandte Züge siecken, die dann doch ge¬
2343 1628 3262 1690 modelt und gesänftigt sind durch den Ein¬
3120 1660 3265 1715 leider
2343 1675 2899 1743 fluß andersartiger Erziehung.
2344 1704 3267 1772 unmöglich, in dem knappen Rahmen dieser
2343 1744 3270 1820 Besprechung die ganze Bedeutung dieser Dich¬
2350 1780 3258 1847 tung zu würdigen und all den mannigsachen
2352 1829 3262 1892 Anregungen zu folgen, die da auf uns einstürmen.
2347 1859 3266 1929 Dramatisch ist manches mißglückt, die Handlung geht
2346 1889 3276 1979 zögernd und mitunter retardiert vorwärts: manches
2354 1934 3272 2001 ist für das grelle Bühnenlicht allzu diskret be¬
2361 1976 3268 2051 handelt, mit einer zurückhaltenden Künstlerleusch¬
2350 2011 3269 2090 heit. Im Schlußakt aber zeigt sich wieder der
2351 2059 3274 2112 starke Dramatiker. Vor allem aber: „Der ein¬
2356 2077 3274 2160 same Weg“ ist eine Dichtung, der wir uns dank¬
2367 2146 2735 2214 bar freuen müssen.
2416 2156 3269 2244 Die Darstellung, im einzelnen und im En¬
2830 2204 3284 2279 eine solche Vorstellung
2353 2216 2839 2280 semble, war glänzend —
2356 2253 3283 2313 bringt keine andere Bühne heraus: jede Leistung
2360 2290 3279 2345 verdiente eingehende Analysierung. Bedeutendes
2374 2323 3286 2395 gaben Else Lehmann und Irene Triesch, Sauer,
2368 2367 3275 2427 Bassermann, Rittner, zumeist auch Stieler, in
2365 2404 3287 2467 kleineren Aufgaben Godeck und Frau Pauly. Die
2367 2432 3280 2507 Inszenierung war von künstlerisch vornehmem
2372 2471 3296 2546 Geschmack. Es war kein eigentlicher Erfolg, aber
3217 2517 3281 2565 97
2382 2535 3056 2598 teresianter Theaterabend
