3436 4256
1382 268 1845 353 box 23/3
764 289 962 351 nSam
924 285 1374 382 e Neg
226 298 866 397 18. Der 61.—
2564 697 2794 777 Seite 3
1598 725 1995 787 22. Mai 1906
1619 792 2791 851 mit dem Schnitzlerschen Geiste geht es mir, namentlich wenn
1612 841 2797 895 ich ihn für tief halten soll, seltsam. Bei allen diesen schein¬
1617 878 2792 933 bür tiefen Worten kommt immer die Empfindung, daß sie
1622 922 2791 974 wahr sein können — aber wenn man sie umkehrt, was zu¬
1622 962 2796 1024 meist mühelos möglich ist, so bleiben sie noch immer wahr.
1631 1006 2791 1064 Es ist ein Fangballspiel mit sorgsam geseilten, glitzernden
1365 1019 1556 1099 T
1630 1047 2804 1106 Aphorismen, die Arbeit eines kultivierten, wohl trainierten
610 1043 1499 1144 Theater, Kunst und Literatm.,
1623 1093 2796 1153 Intellekts, die aber an der Oberfläche bleibt, spielerisch bleibt
529 1096 1610 1176 (Das Gastspiel der Berliner in Wien.) Aus Wien
1620 1133 2798 1181 und nie Empfindung weckt, weil sie nie aus der Empfindung
435 1163 1598 1242 pird uns geschrieben: Wie alljährlich im Frühling, so ist
1624 1173 2799 1230 kommt. Ein gewisser koletter Zug steckt in dieser überlegen
437 1213 1611 1269 auch heuer die Invasion von Berliner Bühnenkunst in Wien
1629 1218 2804 1284 sein wollenden Melancholie. Bassermann und die Leh¬
435 1253 1613 1323 wieder erfolgt. Diesmal unter der Führung Otto Brahms.
1628 1265 2794 1324 mann waren trefflich, das andere war wieder zweiter Güte.
435 1294 1607 1357 Das Ensemble des „Lessing=Theaters“ spielt nun im Thea¬
1675 1307 2787 1365 Die so berühmte Aufführung von „Rosmersholm“
437 1337 1617 1410 ter an der Wien einige Stücke seines Berliner Repertoires,
1625 1344 2807 1408 hat hier direkt enttäuscht. Reicher macht aus dem Rosmer
434 1386 1617 1437 die man bei uns bisher noch nicht zu sehen bekommen hatte.
1637 1405 2803 1454 einen Prediger, er spricht ihn pastoral herunter, was da¬
436 1425 1609 1483 und andere, deren Aufführung durch die Leute Brahms
1633 1439 2814 1508 durch nicht besser wird, das er sich nie ganz vom Jargon
436 1465 1619 1523 als mustergültig gilt oder galt. Zu den ersteren gehören
1637 1485 2812 1549 befreien kann und immer ein wenig jüdelt. Von der stock¬
446 1525 1617 1578 Gerhart Hauptmanns „Elga“ und Artur Schnitzlers „Der
1631 1516 2813 1583 germanischen Figur der Rebekka West hat Irene Triesch
439 1555 1611 1607 einsame Weg“ zu den letzteren „Rosmersholm", „Der
1632 1568 2812 1633 keine Ahnung. Sie spielt wieder das hysterische Nerven¬
437 1596 1618 1665 Biberpelz“ und die „Weber“. Der Anfang wurde mit
1638 1603 2817 1666 weib und ihr prononziertes Aussehen hilft mit, das Bild
450 1652 1610 1703 „Elga gemacht. Das Stück ist bekanntlich eine Drama¬
1632 1658 2819 1716 unmöglich zu machen. Vortrefflich waren Bassermann als
447 1680 1623 1751 tisierung von Grillparzers meisterhafter Erzählung „Das
1641 1694 2799 1766 Ulrich Brendel und Forest als Mortensgaard. — Als Land¬
997 1726 1620 1785 Hauptmann nennt es „Noc¬
437 1738 968 1797 Kloster von Sendomir“
1646 1736 2820 1805 rat von Wehrhahn im„Biberpelz“ ist Oskar Sauer noch
448 1773 1621 1826 turum“, ein Nachtstück. Er hält sich nicht durchaus an
1645 1782 2814 1861 immer unübertrefflich und die Else Lehmann ist eine aus¬
443 1815 1625 1883 Grillparzer. In der Novelle erzählt der Mönch gewordene
1637 1826 2820 1901 gezeichnete Mutter Wulfen. Aber das andere! Wiederum
448 1861 1624 1912 Graf Starschenski dem deutschen Ritter, der im Kloster von
1641 1864 2813 1942 zweite Güte, Schauspieler, deren größter Teil in Wien auf
457 1910 1624 1956 Sendomir Nachtherberge genommen, seine und seines Hau¬
1645 1914 2821 1977 einer größeren Bühne unmöglich wäre Hätte man in Wien
453 1938 1617 2001 ses Schicksale. Bei Hauptmann tritt Graf Starschenski
1641 1967 2813 2013 nicht die traurige Neigung, alles Fremde auf Kosten des
446 1988 1630 2054 auch als Mönch auf; aber er macht über die Vergangenheit
1648 2007 2827 2068 Heimischen in alle Himmel hinaufzuloben, so würde man
451 2031 1623 2093 nur dunkle Andeutungen. Die Geschichte des Grafen und
1637 2044 2831 2095 dieses Ensemble weit niedriger und seinem Werte ent¬
450 2066 1630 2132 seiner schönen treulosen Gattin erfährt der Ritter durch einen
2630 2071 2986 2178 sch—
1640 2087 2060 2169 sprechend einschätzen.
457 2118 1637 2165 schweren Traum, der ihn in jenem Turmgemache über¬
459 2161 1640 2216 kommt, in dem sich seinerzeit der letzte Akt der Lebenstragö¬
457 2199 1633 2258 die Starschenskis abgespielt hat. Auch die Gestalt der Elga
456 2269 1647 2306 hat Hauptmann anders gezeichnet als Grillparzer. Während
455 2306 1633 2365 sie bei diesem den Gatten betrügt, weil sie in alter Jugend¬
465 2336 1638 2393 liebe an ihrem Vetter Oginski hängt, ist sie bei Hauptmann
458 2378 1645 2442 das liebesgierige Nervenweib, eine schwarze Spielart der
466 2435 1654 2480 bekannten „blonden Bestie“ ohne jede Spur von romanti¬
471 2457 1646 2525 schen Neigungen. Ihr steht der geradlinige Starschenski
464 2501 1648 2566 gleich einer anderen Naturkraft entgegen. Immerhin sind
473 2550 1653 2613 genug der romantischen Schauer geblieben. Ohne Unter¬
476 2600 1654 2662 brechung, mit kurzen Pausen, die durch das nächtliche Pfal¬
470 2655 1658 2702 modieren der Mönche ausgefüllt werden, spielt sich der Vor¬
473 2679 1654 2742 gang ab — wirklich ein grausiges Nachtstück. Man mag
477 2722 1660 2778 manchmal die Effekte kraß und theatralisch finden — den¬
489 2762 1650 2826 noch kann man sich einer stärkeren Wirkung nicht entziehen.
475 2817 1656 2879 Dazu trägt vor allem die prachtvolle Darstellung des Grafen
477 2849 1659 2914 Starschenski durch Adolf Rittner bei. Er bringt eine
491 2900 1652 2961 geschlossene Gestalt aus einem Gusse, ergreifend in seinem
484 2935 1664 2991 Schmerz, fürchterlich in Zorn und Rache. Die Elga spielt
482 2990 1661 3048 Irene Triesch. Einzelne Szenen gelingen, in anderen
480 3021 1662 3085 versagt sie völlig; im Vergleiche zu Rittner läßt sich sagen:
485 3083 1654 3128 Er lebt seine Rolle, sie spielt die ihre. Alle anderen
485 3116 1667 3180 Darsteller sind zweiter Güte. Dem „Nocturum“ Haupt¬
488 3178 1658 3211 manns geht ein Einakter, Schnitzlers „Der Puppen¬
481 3193 1648 3253 spieler“ voraus, eine geistreiche Plauderei, die, gelesen,
484 3238 1663 3302 eine unterhaltende Stunde verschaffen mag, aber auf der
491 3279 1660 3341 Bühne ermüdend fast langweilig wirkt. Den Puppenspie¬
492 3319 1651 3394 ler, den Mann, der mit den Menschen gleichwie mit Pup¬
490 3364 1671 3428 pen zu spielen meint und dabei in jeder Beziehung zum
496 3410 1661 3480 armen Teufel wird, spielt Bassermann ausgezeichnet.
495 3454 1668 3508 — So wenig wirkliches Leben wie der „Puppenspieler“ hat
494 3490 1672 3553 auch Schnitzlers „Der einsame Weg“, die Tragödie
484 3528 1676 3603 der Egoisten, der genialen Lebenskünstler, die jeden Genuß
491 3584 1669 3655 des Lebens skrupellos genossen haben, die immer nur neh¬
487 3635 1670 3691 men, ohne zu geben und deren letztes Los die Vereinsamung
491 3667 1674 3728 ist. Das Problem ist interessant und könnte, in einem Ro¬
492 3720 1668 3788 man verarbeitet, zu reinen künstlerischen Wirkungen führen.
492 3756 1661 3803 Aber auf der Bühne macht Schnitzlers Arbeit einen gekün¬
497 3799 1672 3860 stelten Eindruck, all der Geist riecht nach der Lampe, alle
1358 3838 1660 3893 — bis auf die
498 3849 1358 3903 Gestalten sind konstruiert, blutlos und leer
489 3883 1667 3960 geistreichen oder geistreichelnden Dinge, die sie fortwährend
483 3934 1675 4019 reden. Sie sagen wirklich ein paar hübsche Worte. Aber
