3436 4352
1057 293 1148 362 W
1390 273 1870 387 box 23/1
858 301 995 363 am
749 303 829 366 n
235 305 1263 393 18. Der eins#ne eß
328 1456 3261 1560 miteinander gemeinsam habende Gruppen bilden. Ihm ist also sein Zutun trotz aller Selbstsucht, mann — meisterhaft wie ja fast immer: — Eise)
345 1538 3263 1600 Dadurch aber eine Zerspaltung der Teilnahme bei trotz aller Rücksichtslosigkeit im Genießen, schließ= Lehmann in einer hübschen Nebenrolle köstlich,
350 1555 3265 1643 dem Zuhörer, die, je weiter das Stück vorschrei= lich doch geworden, was so vielen edleren Na=wohl die wirkungsvollste Gestalt des ganzen
1298 1585 3247 1672 turen versagt bleibt: ein wertvolles junges Men= Stückes, aber doch eben nur eine Rolle, die ohne
353 1628 860 1699 tet, desto mehr erlahmt.
2271 1634 3249 1689 Schaden für den dramatischen Gehalt des Schau¬
431 1656 2270 1716 Die wahre Tragödie des Stückes besteht in schenleben für sich zu gewinnen Der Dichter aber
2278 1684 3263 1738 spiels ganz gestrichen werden könnte. Herr Rittner
339 1694 2283 1778 einem sehr einfachen Stoff, der übrigens schon in der Willkür seiner Erfinderlaune läßt diese
2275 1702 3257 1770 in den ersten Akten überzeugend, später etwas zu
329 1720 2288 1806 mehr als einmal lange vor Schnitzler behandelt Parallelgestalt neben dem eigentlichen Helden Ju¬
2275 1756 3191 1831 jung im Ton für die gealterte Person, die
347 1760 2284 1814 worden ist, am häufigsten von den Franzosen, lian an einer tödlichen Herzkrankheit leiden was
3017 1782 3252 1856 E.
2271 1801 2601 1859 darstellen sollte.
1327 1814 2275 1872 doch ein reiner Zufall ist, und er läßt das
356 1821 1319 1887 von diesen allerdings nicht mit dem Ernst, den
1310 1841 2281 1906 liebende Mädchen in den freiwilligen Tod gehen,
603 1848 1324 1923 i sich trägt. Im Mittelpunkt des
348 1844 556 1924 der Stoll
1310 1882 2280 1961 weil es den Tod des geliebten Mannes voraus¬
185 1889 1322 1944 huitzl##schen Stückes steht ein gealterter Maler,
1455 1925 2288 1992 Ueberzeugend wirkt der Schluß dieser
1305 1924 1447 1985 sieht.
333 1939 1318 1991 der nach einem genußreichen Junggesellenleben in
1318 1973 1988 2022 Nebenhandlung ganz gewiß nicht.
337 1976 1326 2047 die Heimat zurückkehrt und hier erfährt, daß er
1379 1977 2299 2070 Das Stück trankt nicht nur an dem tödlicher
340 2020 1322 2076 leinen Sohn hat: den jetzt 23 jährigen Leutnant
1322 2031 2271 2096 Uebel eines Doppelstoffes und einer Doppel
166 2031 1325 2104 bruar. (Felix, der dis der Sohn des Akademiedirektors
1314 2084 2277 2142 behandlung; es krankt auch in der Ausführun
211 2091 1330 2146 nicht, gilt, in Wahrheit aber der Sohn seines Freun¬
1318 2116 2296 2177 an unerträglichen Längen und Verzögerungg.
202 2120 1324 2179 t wurde des Juliat ist, der ihm einst die Braut kurz vor
922 2153 2233 2218 Julian kehrt also Dazu kommt, daß das Stück gewissermaßen n
190 2175 896 2237 erst als der Hochzeit verführt hat.
257 2201 2244 2260 Jamüde von Genuß des Lebens heim und wiegt jrückwärts spielt: immer wieder wühlen die M
241 2242 2279 2311 von sich in der Hoffnung, er werde, zumal da die schen in Rückerinnerungen, und dem Zuhörer wird
250 2277 2288 2351 vonMutter seines Sohnes inzwischen gestorben, in zugemutet, sich in die aufs Breiteste ausgemalhn
257 2303 2289 2365 den diesem den Freund seines Alters gewinnen, den Seelenstimmungen von toten und lebendigen Mi¬
179 2338 2243 2413 trotzdem Begleiter auf seinem einsamen Wege. Wie sich schen hinein zu versetzen, die vor dreiundzwan
1315 2404 2249 2447 Jahren einmal empfunden wurden. Dergleich
254 2403 1333 2465 Un= doch Anschäuungen und Geschmacksneigungen än¬
1311 2431 2260 2499 kann natürlich nur in der Form der Erzählu
515 2441 1326 2492 Bis zur Mitte des 19. Jahrhunderts
163 2438 500 2508 ch wohl dern!
1315 2474 2246 2531 vorgetragen werden, und dadurch bekommt in d
203 2489 1329 2548 einmal wurde dieser Stoff stets so behandelt, daß in
1313 2489 2222 2556 Tat das Stück an vielen Stellen durchaus
222 2523 1319 2576 einem einer rührenden Erkennungsszene zwischen Vater
1323 2533 2301 2602 novellistisches Gepräge. Ueberdies können wir de
188 2543 1343 2612 sondern und Sohn die sogenannte Stimme des Blutes
173 2570 2316 2645 che Be= vernehmlich wird Erzeuger und Erzeugter tränen= Wahrheit solcher Erzählungen gar nicht selbst
1331 2612 2320 2683 prüfen, sondern müssen sie von den erzählenden
176 2639 1335 2698 ben ersten überströmt einander in die Arme stürzen und alle
1324 2652 2319 2728 Personen auf Treu und Glauben hinnehmen. Die
181 2685 1329 2739 führungen Schuld vergeben, ein neues Leben beginnen, und
193 2704 2318 2769 Regel, alle Beteiligten hochbeglückt den Vorhang fallen Hauptsache zum Beispiel, jenes verräterische
1323 2749 2315 2799 Liebesverhältnis einer Braut mit dem Freunde
177 2752 1343 2817 sich der sehen. Dies geht heute offenbar nicht mehr an.
1681 2783 2315 2851 müssen wir einfach glauben,
1318 2779 1688 2841 des Bräutigams,
181 2785 1329 2840 und ein Schon bei den Franzosen wird eine solche Er¬
1321 2809 2324 2878 denn es spielt sich nicht vor unsern Augen ab,
168 2825 1342 2877 unmittel=kennungsszene meist so behandelt, daß der Sohn
2176 2859 2303 2910 er¬
170 2875 2143 2938 en den dem plötzlich auftauchenden wahren Vater gründ= sondern wird uns von der Bühne heru
169 2890 2312 2985 eschlafene lich seine Meinung sagt und ihm erklärt er denke zählt, wie wenn jemandem eine Geschichte ei der
1332 2933 2014 2997 Lampe am Familientische vorliest.
185 2944 1326 3000 Arthur gar nicht daran, die Stütze seines Alters zu
1398 2969 2318 3034 Außerdem störte in hohem Grade eine in den
216 2976 1338 3051 ff auf=werden. Bei Schnitzler vollzieht sich die Ab¬
1333 2991 2318 3076 letzten Jahren bei Arthur Schnitzier sich immer
170 3027 1335 3090 kennung. frechnung zwischen Vater und Sohn seiner, ohne
1642 3045 2313 3117 bemerklich machende Art der
1330 3051 1631 3115 unangenehmer
171 3058 1336 3120 KTragödie alle Heftigkeit, gehalten und ernst und diese
1315 3095 2311 3163 ahnungsvollen Geheimniskrämerei. Die Personen
183 3111 1327 3177 der ein= Szene war es denn auch, die den stärksten Bei¬
1312 3133 2316 3197 auf der Bühne ahnen in ganz unbegreiflicher
172 3152 676 3223 abschnitt fall hervorrief.
417 3171 2314 3235 Daneben läust nun aber ein ganz anderer Weise auch solche ihnen ganz verborgenen Ge¬
176 3195 383 3254 ichtsloser
179 3207 2304 3292 ng ihren Stoff, der zwar auch auf den einsamen Weg hin= heimnisse, die wir Zuhörer wissen weil sie uns
179 3241 2323 3328 ssen, ohne deutet, aber auf den eines anderen, eines Freun= von einer wissenden Person mitgeteilt wurden,
184 3280 2323 3351 um sich. des Julians, eines gleich ihm selbstsüchtigen Ge=die aber die andern Personen auf der Bühne
170 3330 2324 3408 ller Kraft nußmenschen, der sich von ihm nur durch den ohne übernatürliche Kräfte keineswegs ahnen
198 3397 2312 3437 r Bühne Zusatz eines gewissen herben Lebensspottes unter= können Ich fürchte hierin macht sich ein un¬
188 3422 2317 3477 hiedensten scheidet. Wozu dieses doppelte Beispiel für den= heilvoller Einfluß Ibsens auf den in Wahrheit
1281 3442 2320 3504 es doch so ganz anders angelegten Arthur Schnitzler
1032 3454 1268 3516 Dabei ist
187 3464 1042 3532 sider hat selben, grundeinfachen Gedanken?
372 3473 2327 3554 gar nicht einmal wahr, daß dieser zweite Selbst=geltend: dieser will gleich Ibsen uns ahnungs¬
200 3507 386 3560 Mangel
245 3514 2316 3585 dem süchtling die letzte Strecke seines Lebensweges voll kommen; weil aber dieser Zug nicht aus
185 3563 2332 3647 facht, in= einsam zurücklegen müßte. Im Gegenteil ihm seinem wahren Wesen hervorgeht, sondern äußer¬
198 3610 2319 3691 größten drängt sich das schöne, junge Leben eines Mäd=lich hinzugefügt ist, wirkt er hin und wieder nahe¬
1338 3647 1596 3719 zu komisch.
212 3663 1349 3715 Hand=schens, der Schwester des Leutnants Felir, die
1402 3663 2329 3756 Vonzder Aufführung ist fast nur Gutes zu
187 3695 1357 3761 rheit aber beiläufig den Jahren nach seine Tochter sein
1335 3729 2335 3780 melden Irene Triesch war eine künstlerisch wir¬
237 3730 1345 3779 Stück könnte, aus uns verborgen bleibenden Herzens¬
267 3776 2324 3816 — mit gründen förmlich mit Begeisterung als Gefährtinkende Erscheinung, wenn man auch den durch sie
200 3793 2347 3893 gar nichts seines sonst der Einsamkeit geweihten Weges auf. verkörperten Menschen nicht ganz verstand. Basser¬
