3012 4384
397 605 3014 856 ALGEMEEN HANDELSBLAD van MAANDAG 30A!
1892 835 3025 928 ter is het greotst voorgesteld, waarschijulijk (haaldelijk
984 883 1889 964 zich trombose openbaarde. Thans is de pols
2790 893 3015 958 zegd sonde
1892 902 2802 975 cmdat hij bedoeld is als geestelijk centrum
974 936 1881 1012 rustig, de temperatnur bevredigend. Alsso¬
2796 940 3027 1001 vanzelf —
1895 953 2226 1028 van het werk.
972 976 1889 1057 lute rust en onbewegelijk liggen voor op z'n
2798 983 3025 1047 van zuur.
1933 962 2794 1057 Ock dat soort van „geestelijk“' oogpunt¬
2844 1029 3022 1090 Wiheb
999 1011 1908 1097 minst zes weken is thans aanbevolen. Van
1892 1032 2799 1108 kiczen vindt men wel bij de Aziaten. Maar
2806 1058 3026 1130 zoen, Ma
1002 1068 1436 1147 vervoer gecn sprake.
1891 1070 2801 1149 Spier hanteert het toch wel op origlheele
198 1073 902 1172 KVonbbEhb.
2792 1119 3025 1187 Chindre
1894 1138 2047 1203 wijze.
216 1155 301 1218 6781361
2793 1159 3020 1217 exempel
1929 1149 2797 1236 Het is in elk geval opmerkeijjk en be¬
1346 1159 1563 1233 Frascatl.
2802 1194 3027 1260 der ihdire
1895 1209 2801 1276 langrijk werk (tot het beste rekenen wij de
1025 1200 1896 1270 Tot het ensemble, dat te beginnen Dins¬
290 1193 824 1293 Derde Blad.
2800 1241 3016 1303 dat ein
1894 1256 2794 1326 badende vrouwen, de processie en den slede¬
996 1253 1887 1327 dag 1 Mei den schouwburg Frascati zal be¬
2803 1290 3026 1351 dat Het
1898 1285 2804 1368 trekker in het Thüringerwond) dat stellig
989 1298 1896 1377 Ispelen, zullen behooren de dames. Willy
2835 1325 3027 1406 Emdat
1891 1323 2818 1412 zeer respectabele picturale en coloristische
992 1338 1896 1420 Bierlee, Agatha Pordon, Willy Hendriks,
1003 1386 1897 1466 Bertha Mathyse en de heeren August T. C.
1905 1401 2265 1477 gaven vertoonb.
390 1394 720 1487 Kunst.
2836 1395 3021 1474 Hcstu
1935 1407 2806 1497 En dat in zijn opvatting, van cen neo¬
1003 1438 1912 1488 Kichl, Eduard van der Ploeg, Theo van
245 1461 345 1536 10
1017 1465 1910 1543 Vliet, Joh. Steinmetz Albert Kapper, B.
343 1467 777 1552 Amstel's Werkman.
1896 1471 2399 1555 primitivisme getuigt..
2813 1508 3027 1566 voor Wer
1931 1499 2807 1590 Nu, dat er in dezen tijd even goed wezen
147 1502 1008 1579 Zondagmiddag en-avond werden de in¬
1011 1536 1232 1601 Rijxman.
2797 1531 3015 1612 bleettot
1060 1540 1909 1632 Opgevoerd zal worden De Klokhen van
1904 1575 2369 1645 mag als iets anders.
146 1555 1020 1631 ernationale zangwedstrijden, georganiseerd
2810 1593 3028 1653 ten voor
1003 1604 1913 1685 Cornerille, operette in vier tafereelch van
135 1612 1019 1689 or de Liedertafel, „Amstel’s Werkman'',
2813 1636 3024 1701 welke Ve
1940 1606 2815 1699 En als men nu ook weer eens uitstekende,
1022 1649 1452 1724 Robert Planquette.
141 1656 1018 1715 oortgeret. De jury werd de beide keeren
1893 1674 2813 1746 solide „gewone'' kunst wil zien, dan moet
2816 1672 3028 1745 gesteld, k
1045 1677 1899 1752 De heer Kiehl zal daarin een van zijn be¬
136 1698 1026 1774 evorid door de heeren H. Andriessen, H.
2823 1724 3024 1787 ziju. War
1905 1715 2815 1790 men bij d’Audretsch in ’t Noordeinde enkele
1011 1737 1908 1812 kendste rolle, Jean Gaspard, de pachter, en
146 1749 1017 1819 .den Hertog, Is. J. Olman, Fred. Roeske
2824 1767 3025 1835 Herms (
1906 1759 2810 1841 daar geéxposeerde Franschen gaan bekijken:
1020 1783 1904 1848 mevr. Bierlee die van Serpolette vervullen.
146 1790 1020 1848 In Anton Tierie, Des middags was de heer
2819 1808 3016 1873 VanN
1915 1805 2816 1882 een paar fijne Redon’s (o.a, een bloemstukje
1017 1825 1917 1895 De regie is van Aug. T. C. Kiehl en het
136 1834 1017 1900 #. J.den Hertog — componist van het ver¬
2820 1855 3027 1919 betere b
1918 1841 2818 1929 met bloemen zoo droomig luchtig als vlin¬
1025 1867 1909 1947 orkest staat onder leiding van Henk Kreeft.
143 1879 1017 1945 lichte koor Mee (voor gem. koor) — voor¬
2819 1896 3021 1965 Reicher
1919 1889 2819 1966 ders); wat van cenige der beste Barbizon¬
144 1925 1021 1998 itter. Alle elf ingeschreven vereenigingen
2821 1945 3019 2008 en van
1915 1935 2828 2011 ners: Vollon, Reusseau, Ribot, Bonvin,
147 1966 1028 2029 aren opgekomen en hebben zich dapper
2826 1981 3027 2049 in allerle
1915 1980 2824 2058 Courbet een pracht van cen woesten, bestialen
1054 1962 1918 2054 De kring Amsterdam van den Bond van
143 1994 1036 2081 eweerd. Het resultaat, was als volgt: eerste
1913 2026 2829 2090 varkenskop)... maar 6ók wel iets moois van
2823 2035 3018 2085 de desch
1017 2022 1914 2080 Chr. Letterk. Kringen in Nederland zal
136 2057 1024 2132 brijs: Klein a capella-koor „Mozart“ te
1923 2069 2829 2138 een meer moderne: Herbin wiens min of
2814 2065 3025 2132 heel last
1023 2066 1910 2129 Dinsdagavond 1 Mei in het American Hotel
147 2097 1024 2168 Amsterdam, dir. Th. v. Zutphen (met vier
1912 2113 2832 2172 meer cubistisch werk ecmn distinctie van toon
1017 2113 1914 2178 bijeenkomen. De heer J. Bosman, uit Zuid¬
2822 2114 3027 2180 dig
143 2145 1021 2216 . tegen éen); tweede prijs: gem. koor
1028 2154 1915 2215 Afrika houdt een lezing: „Tets over volk,
1922 2163 2835 2228 en een harmonie van verhoudingen heeft aus
2817 2158 3026 2220 spel
141 2182 1026 2248 Zang en Vriendschap'' te Amsterdam,
1028 2208 1843 2279 taal en letterkunde van Zuid-Afrika“.
1917 2213 2339 2267 men zelden vindt.
2830 2202 3027 2266 tegeneve
151 2232 1028 2291 ir. Nico v. d. Linden (met drie tegen twee
2830 2245 3026 2309 warne
1951 2217 2828 2299 In het voorzaaltje staat een steenen vron¬
139 2268 1024 2326 .); derde prijs: Kerk. gem. zangk. „Ex¬
2832 2283 3023 2345 1#n
1920 2283 2833 2345 webeeldje van Maillol, het eerste werk dat
1052 2295 1939 2372 De tentoonstelling van Italinansche primitic.
146 2313 1033 2388 elsior“ te Koog a. d. Z.an, dir. C. A.
2822 2322 3025 2391 eufble
1935 2328 2835 2391 wij ooit van dezen kunstenaar zagen. Dit is
1113 2347 1932 2415 I “ Kunstaanl Hagernats 1e Den llang.
873 2356 1038 2405 vierde
149 2367 829 2414 Kayser (met vier at. legen Cen)
2855 2369 3022 2429 Ander
1935 2369 2838 2437 van een 200 ongemeen, voornaam modele,
1029 2372 1926 2457 wordt wi gens groote belangstelling verlengd tot
148 2375 1033 2459 brijs A Koorver. „Bergen“' te Bergen
2827 2406 3019 2467 beter be
1918 2409 2832 2467 van ecn 20o ingehenden, sobere lijn zender
1035 2427 1285 2498 12 Mei a.s.
147 2444 1031 2517 N.-H.), dir. Joh. Brands (met drie tegen
2837 2454 3017 2521 de figun
1910 2458 2840 2528 eenigen zwecm van styleeren nochtans, en
149 2484 1038 2559 wee st.); vierde prijs B: gem. koor „Oefe¬
1280 2473 1711 2557 Veiling Van Essen.
1923 2498 2830 2564 zo0 rustig van uitdrukking, dat men dit ge¬
2828 2502 3014 2559 goed. vol
145 2528 1042 2595 ing en Vermaak“ te Waalwijk, dir. Jac.
1060 2519 1937 2580 De firma Frederik Muller & Co. zendt ons
2828 2532 3025 2599 ons niet
1929 2543 2826 2616 rust zou kunnen zetten naast, de beste Chi¬
1032 2569 1936 2624 den geillustreerden catalogus van de veiling der
149 2578 1040 2646 Sars (met vier st. tegen één); vijfde prijs
1931 2581 2838 2647 neesche of Hindoesche beelden. Het vertoont
2829 2582 3011 2646 te belan
1043 2601 1940 2661 verzameling-Van Essen, die Dinsdag 8 Maart
151 2612 1041 2682 A: „Door onthouding sterk'' te Kromme¬
1939 2626 2842 2691 daarmee trouwens, in de opvatting, veel
2840 2634 3025 2685 onbestal
1033 2653 1933 2704 in haar localen aan de Doelenstraat gehouden
130 2662 1037 2725 nie, dir. J. Mienes (met vier st. tegen één);
2836 2674 2983 2732 Hanz
1940 2682 2264 2750 verwantschap.
1037 2686 1940 2739 wordt. Het is eene veiling van ongemeene be¬
145 2703 1041 2763 Wijfde prijs B: „Daniél de Lange'te Koog
1964 2692 2832 2793 Het is iete dat geheel buiten eike tegen¬
1045 2724 1942 2781 langrijkheid, waarin meesters als Jacob Maris,
144 2758 1048 2809 a. d. Zaan, dir. G. J. van Sante (met drie
1934 2760 2822 2836 woordige „richting'' staat, een schepping
1044 2760 1931 2836 Weissenbruch, Gabriél, Neuhuys, Witsen, Corot
146 2800 1039 2873 tegen twee st.); zesde prijs A: gem. koor
1031 2802 1938 2875 met werk van buitengewone waarde ver¬
1937 2813 2200 2879 sui generis.
1047 2839 1947 2900 tegenwoordigd zijn. Behalve deze namen ver¬
149 2848 1040 2919 „Oefening Baart Kunst te Nieuwendam,
1987 2828 2623 2932 Van groote stille schoonheid.
1047 2873 1957 2937 meldt de catalogus nog die van Akkringa, Alle¬
142 2873 1049 2954 dir. H. Post Jr. (met algem. st.); zesde
1041 2916 1951 2977 bé, Artan, Breitner, Daubigny, Dissselhof, Kan¬
160 2924 1048 2992 prijs B: „Weesper Gemengd Koor'' te,
2185 2938 2587 3028 De Eenzame Weg.
1045 2947 1951 3012 tin Latour, J. Israsls, W. Maris Mauve, Mög¬
156 2967 1050 3041 Weesp, dir. D. Posthuma (met drie tegen
1042 2993 1951 3045 Iticelli, Poggenbeek, Verster e. a. De verzamolißg
2911 3024 2975 3085 n1
160 3024 377 3086 twee st.).
2058 2999 2816 3099 11 ’s-Gravenhage, 29 April.
1042 3032 1952 3093 ling was van 1915 tot 1922 bruikleen van hßt
182 3045 1051 3122 Des avonds zat dezelfde jury, doch nu on¬
2851 3073 2974 3129 was
1966 3051 2847 3125 Deze twintig jaren oude Schnitzler is in¬
1049 3080 1561 3142 Stedelijk Museum alhier.
148 3096 1045 3188 der voorzitterschap van H. Andriessen,
2860 3118 2993 3173 slotte
1931 3111 2851 3198 dertijd door Het Schouwtooneel gespeeld.
146 3143 1063 3213 componist van het verplichte nummer
2856 3161 3021 3216 zelf
1929 3154 2854 3237 Doch slechts enkele malen. Toen was het
1281 3161 1721 3249 Kunst in Den Haag.
154 3186 1065 3277 Tenuisti, voor mannenkor. De uitslag was
2862 3201 3015 3263 breiten
1948 3189 2862 3265 uit. Waarom? Wel, het is zeer wel mogelijk
1309 3217 1892 3289 Walter Spier bij Walrecht.
155 3233 1055 3303 galdus: Eerste prijs: „Mannenkoort Techn.
2860 3249 3000 3317 dictie
1933 3243 2853 3301 Idat een àl te klein deel van het uitgaande
1269 3260 1845 3332 Franschen bii d’Audretsch.
160 3277 1067 3361 Pers. Amst. Gem. Tr.“, dir. L. C. Keere¬
2864 3286 3012 3356 en
1171 3288 2860 3369 (1 ’s-Gravenhage, 29 Apriläk [publiek de buitengewone schoonheid van
157 3316 1054 3403 weer (met alg. stemmen); tweede prijs:
2859 3338 2992 3397 ziju
1085 3330 2851 3410 Het is altijd verheugend om, na ##ldit werk waardeeren kon en dat de meesten
160 3374 1066 3452 „Kunst door oefening“ te Amsterdam, dir.
2863 3369 3025 3444 1m1 1906
1955 3380 2862 3452 er „niet veel aan'' vonden. Want het is
1058 3404 1958 3470 wat het cubisme, het futurisme en het
165 3405 1059 3481 A. Wolters (met algem. st.); derde priis
2860 3429 3026 3485 ring
1962 3420 2869 3493 effen en sober als een obelisk en het reikt,
1056 3437 1959 3501 expressionisme (pompier, tout cela, zou
159 3454 1055 3523 A: „Onder Ons'' te Amsterdam, dir. H.
2865 3467 3018 3531 blisven
1953 3471 2863 3531 eprijzend midden uit het menschelijk
1064 3478 1964 3552 Raymond Duncan zeggen) ons hebben ver¬
159 3493 1056 3572 Post Jr. (met drie tegen twee st.); derde
1953 3510 2870 3591 leven van alledag, in toon en houding hoog
1058 3524 1964 3601 toond, eens werk te zien, dat toch waarach¬
155 3541 1065 3617 prijs B: mannenzangv. „Transvaal“ te
1956 3562 2863 3635 uit boven alledag. Het is gen effen, koele
2865 3560 3000 3618 nieum
1058 3567 1962 3642 tig nog aandoet als iets nieuws, iets oor¬
159 3570 1063 3652 Amsterdam, dir. Meijer Smeer (met vier
2863 3606 2989 3665 Wij
1962 3603 2872 3673 zuil, maar een zuil van zuiver goud, in alle
1052 3614 1962 3681 Isponkelijks. En alleen daarom reeds moet
169 3625 1066 3694 st. tegen één); vierde prijs A: „Bouwvak
2870 3649 3000 3711 wach
1962 3642 2866 3716 deelen even gedegen, overal ongesierd,
1063 3661 1976 3725 men even binnenloopen in het zaaltje van
166 3678 1066 3746 Mannenkoor“ te Amsterdam, dir. J. Th.
1969 3688 2876 3755 maar overal even klinkend zuiver tot in
2875 3693 3008 3764 ner
1068 3706 1968 3767 Walrecht op het Smidsplein, waar de uit
174 3720 1067 3791 Westerdaal (met vier st. tegen éen); vierde
1965 3731 2862 3800 't hart. En voor het eerst, sinds Ibsen heb¬
2870 3735 3027 3808 schef
1068 3755 1968 3811 Duitsche ouders te Moskou geboren Rus
166 3765 1067 3846 prijs B: „Door oefening kunst''te Gouda,
1955 3771 2871 3845 ben we hier een werk gekregen, psvcholo¬
2872 3784 3005 3845 zijn
1065 3794 1962 3857 Walter Spier eenige schilderijen exposeert.
177 3808 1067 3876 dir. K. J. de Beun (met drie tegen twee
1970 3809 2883 3897 gisch en dramatisch van gelijke kracht als
2879 3822 3023 3888 recte
1098 3834 1968 3899 Het is moeilijk te zeggen — wij kunnen
171 3857 1065 3924 st.); viffde prijs: „Amst. Hengelaars Man¬
1976 3864 2882 3935 de beste Ibsen's, simpel dialogisch, zonder
2882 3876 3011 3932 zich
1065 3880 1972 3945 het althans niet — wat er opzettelijk en wat
176 3895 1064 3969 penkoor' te Amsterdam, dir. G. Th. Strik¬
1967 3909 2881 3987 uiterlijk gebeuren, maar met een spanning,
2884 3919 3027 3979 Dalst
1062 3925 1962 3985 Ter spontaan is in dit werk. De uiterlijke
172 3943 836 4025 wold (met vier st. tegen éen).
1959 3955 2879 4034 die nooit verslapt en waarvan men 200 da¬
2881 3959 3024 4021 ten
1070 3972 1967 4044 behandeling staat stellig heel sterk onder
1980 3988 2882 4063 delijk kan vinden, waar die eigenlijk in zit.
2892 4008 3025 4070 Watz
1058 4014 1975 4090 Japanschen, misschien meer nog onder Chi¬
447 4029 797 4095 Louis Gimberg.
1974 4033 2890 4109 En van dezelfde analytische onverbiddelijk¬
2885 4047 3028 4114 voelg
1066 4048 1976 4131 neeschen invloed, maar als dat dus alles
189 4048 1061 4148 De toestand van Louis Gimberg, die, om¬
1982 4090 2889 4161 heid als Ibsen’s drama’s, hetzelfde fatalis¬
2888 4094 3026 4160 tellig
1058 4104 1977 4180 afgekeken mocht ziin, dan heeft. Spier
179 4113 1066 4180 strecks cen maand geleden op het Leidsche¬
1984 4121 2890 4204 me ook, dat de figuren tot noodletsobjecten
2890 4147 3016 4205 in de
169 4150 1975 4210 plein van zijn fiets stortte, en ern ernstige het drommels goed gedaau; hij heeft
1979 4174 3025 4250 maakt. Alleen van een wat warmere men¬ #leen
1071 4193 1984 4243 b. v. niet alleen de manier van de Chineczen
173 4207 1073 4274 beenifractuur kreeg, is thans nog 266, dat de
1075 4230 3019 4287 om de figuren nit de omgeving te halen en Ischefijkheid. De figuren ziin iets zieliger,#
179 4244 1070 4312 patient het Willich ua-gnsthuls voorloonig
