3484 4448
375 2266 486 2328 rief:
374 2319 479 2372 auch
377 2356 482 2398 nen.
380 2386 483 2433 ung.
382 2418 483 2458 den¬
387 2449 481 2490 fänz
393 2478 483 2515 ##ft.
385 2526 464 2570 und
384 2546 485 2600 der
375 2623 480 2678 eue
278 232 1287 326 18. Der einsane Neg
580 1378 1158 1464 Berliner Theateralierlei.
565 1444 1127 1513 Durchfall, Reinfall non plus ultra,
562 1485 1136 1562 Nicht ze wenig — multum, multa!
450 1514 521 1558 W
557 1530 1095 1581 Primo: Deutsches Prachttheater,
385 1544 520 1626 ensber
559 1568 1064 1621 Ach, des war ein Riesenkater.
557 1601 1099 1664 Fulda, Schnitzler und Konsorten
550 1628 1014 1690 Redeten mit vielen Worten
555 1676 1092 1732 Wenig, doch bei vollen Bänken
551 1707 1131 1779 Muss man sich darauf beschränken.
551 1754 1169 1825 Schauspielhaus bringt immer massisch
553 1802 1146 1860 Stücke, die recht fein und klassisch.
555 1839 1148 1907 Shakespeare rührt das Volk zu Tränen,
548 1873 1133 1940 Doch auch manche sah ich gähnen.
549 1908 1004 1968 Im „Berliner“, „Waterkant“
546 1948 1081 2011 Bleibt zwölf Monde vorderhand,
543 1989 1038 2044 Wird mit seinen Dramafe zen
551 2023 1033 2087 Das „Altheidelberg“ ersetzen.
546 2063 1168 2139 „Zapfenstreich“ — das Stück muss allen,
541 2114 1026 2173 Die es hören, recht gefallen;
545 2149 1145 2220 Hundertmal ward’s längst gegehen —
531 2183 998 2242 Zur Unsterblichkeit erheben
540 2229 1107 2285 Seinen Autor muss man schon —
541 2260 1117 2318 Wie einst unsern „Kleinen Cohn“
534 2301 1033 2349 Die Elektra in dem „Kleinen
532 2336 1070 2391 Prunktheater“ kann nur weinen.
531 2368 1057 2424 Dass bald aus ist dieses Stück,
527 2400 1077 2457 Ist und bleibt ein wahres Glück.
524 2446 1031 2496 Im Theater, in dem „Neuen“
531 2479 1095 2533 Wird die Barnhelm stets erfreuen;
533 2513 1077 2574 Muss die Welt von neuem laben —
530 2551 1085 2617 Jüngst erst ward sie ausgegraben.
519 2594 1009 2661 Trianon bringt „Madame X“
531 2645 1008 2697 Was für Spiesser-Geister nix,
515 2675 997 2736 Auch „Der keusche Kasimir“
513 2716 958 2771 Raubte einer Seele schier
515 2758 1051 2802 Ihren Frieden, ihren frommen —
510 2799 1146 2848 Glanz und Schmelz ward ihr benommen.
525 2825 1009 2880 Belle-Aliance und Herrenfeld
516 2867 996 2931 Sind für leichte Geisteswelt,
510 2908 927 2961 Auch Thalia, Metropol,
515 2938 1044 2998 Zirkus Busch und auch Apoll’.
499 2977 1114 3036 Doch man darf sich nicht beklagen,
499 3006 964 3065 Jedes hat etwas zu sagen,
509 3041 1102 3103 Auch der Dümmste lernt versteh'n,
498 3087 1141 3160 Wer's nicht glaubt, kann selbst hingeh'n.
581 3131 1261 3334 AeskR IC
1430 226 1874 313 box 23/1
1906 1216 2966 1388 Berliner Börsen-
2073 1433 2950 1494 Sonntag, 14. Februar 1904.
1951 1524 3009 1587 Serbien unglücklichen Schlacht gegen die Türken an¬
1913 1570 3001 1634 Fke dem Amselfeld ging der größte Theil dieser Fürsten
1988 1615 3007 1677 samilie nuch Rußland und erhielt von Peter der¬
1997 1648 3013 1708 Großen ein neues Wappen, dessen Embleme die
1899 1653 1981 1712 ei¬
1990 1694 3023 1749 Heldenthaten des Wukomanovits=Löwenstein auf den
1900 1698 1956 1756 A
1992 1747 3023 1796 Amselfeld verewigten. Der Gothaische Almanac
1908 1745 1985 1805 uf
1988 1769 3021 1842 erwähnt als gegenwärtigen Repräsentanten des
1935 1793 1985 1843 9.
1996 1809 3015 1877 Fürstenhauses den reichen, aber unverheirathei
1908 1832 1987 1877 te
1983 1857 3013 1926 ten Fürsten Dimitrij Petrovits Wukomanovits¬
1905 1867 1985 1914 re
1989 1900 3030 1955 Löwenstein auf Schloß Sokonits im südlichen Rußland¬
1995 1933 3039 2002 und fügt hinzu, daß der größte Theil dieser einst so
1922 1944 1983 1992 bit
1991 1975 3029 2045 mächtigen Familie ausgestorben sei und nur in
1929 1988 1995 2043 üir
2003 2023 3028 2074 Serbien sich noch einige Nebenlinien befinden. Diese
1992 2075 3035 2128 sind insgesammt wohlhabende Agrarier, und Kanitz¬
1987 2108 3034 2164 zählte in dem Gebicte des historischen Takowa allein¬
1992 2136 3026 2209 vierzehn Gehöfte, die den Wukomanovits=Löwenstein
1985 2194 2278 2256 gehören.
2094 2237 3010 2301 Unlängst hat Jules Roche im Pariser „Figaro“
2000 2288 3028 2347 eine Studie über die Kosten des Zukunftskrieges
1993 2326 3036 2380 veröffentlicht. Wenngleich sich diese Daten hauptsächlich auf
1989 2363 3028 2421 Frankreich und auf französische Verhältnisse beziehen, so
2005 2410 3032 2458 bieten sie doch einige Anhaltspunkte für den Kostenvor¬
2353 2439 3048 2488 russisch=japanischen Krieges.,
2274 2451 2349 2489 #
1994 2450 2246 2516 anschlag
1995 2468 3037 2529 Nach dem Statistiker des französischen Blattes, der seinel
2001 2514 3032 2568 Daten neben verschiedenen officiellen Actenstücken dem
1997 2535 3026 2607 Zuche Freycinet's „La Guerre en province“ entnimmt,
1991 2588 3026 2627 beliefen sich während der Periode vom 15. September 1870.
1996 2609 3031 2674 bis zum 10. Februar 1871 die durchschnittlichen Kosten pro¬
1994 2651 3044 2712 Soldat und pro Tag 10 Fres. 1877 bis 1878 gab Ruß¬
1992 2700 3025 2748 land im Kriege gegen die Türken dasselbe aus. Ge¬
1985 2723 3034 2782 genwärtig, nimmt Roche an, würde dieser Aufwand nicht
1992 2769 3020 2822 hinreichen. Die Kosten wachsen nämlich umsomehr, j6
2003 2813 3033 2862 größer die Differenz zwischen der Friedens= und Kriegs¬
1994 2835 3029 2906 stärke einer Armee ist. Heutzutage müßte man die Koster¬
2005 2861 3035 2927 eines jeden Soldaten, der im Felde steht, pro Tag aus
2003 2909 3040 2962 15 Fres. verauschlagen, wenn alle directen und indirecten
1994 2956 3034 2995 Ausgaben berücksichtigt werden. Nach dieser Berechnung
2002 2984 3036 3035 würde den Russen, die ca. 300,000 Mann in des
1995 3022 3028 3074 Mandschurei concentrirt haben, jeder Tag des
2004 3058 3018 3108 Krieges auf nur 4,500,000 Francs zu
1995 3094 3042 3144 stehen kommen, was sehr niedrig gegriffer
2002 3121 3038 3184 ist, wenn man berücksichtigt, daß die Franzoser
2010 3155 3021 3216 im Laufe des Monats Januar 187i täglich zehr
1994 3194 3030 3252 Millionen Francs für den Krieg verausgabten, und wenn
2007 3231 3042 3294 man die Verluste, die dem Staate durch das Sinken des
2010 3280 3048 3325 Curses seiner Anleihen erwachsen, in Aurechnung bringte
1998 3307 3038 3368 Nimmt man in der That mit dem Pariser „Matin“ an
1997 3352 3019 3394 daß in Frankreich ungefähr elf Milliarden Francs in russi¬
2000 3381 3022 3439 schen Werthen placirt sind, und daß diese bis jetzt durch
2006 3418 3029 3479 schnittlich 5 pCt. eingebüßt haben, so ergiebt sich schon hieraus
1996 3452 3032 3505 ein Verlust von reichlich einer halben Milliarde. Nun kommen
2000 3495 3024 3543 dazu noch die gewaltigen Ausgaben der Mobilisirung, die
2007 3540 3042 3585 sich im vorliegenden Falle jeder Berechnung entziehene
2010 3574 3036 3621 Einige Anhaltspunkte für die eventuellen Kriegskosten kants¬
2001 3592 3035 3661 man auch den Erfahrungen des Transvaalkrieges¬
2007 3642 3036 3691 entnehmen, der den Engländern rund 240,000,000 Lstri
2010 3673 3029 3722 oder sechs Milliarden Franes gekostet hat. Namentlich
2005 3684 3255 3759 bieten die Trausportverhältnisse eine gewisse Analor#
2008 3753 3363 3797 England mußte seine Truppen über die See schaffen. Die 1905 n. Chr. von
1995 3771 3370 3844 Reise dauerte zwanzig Tage. Ebenso lange Zeit, wenn [Tsurayuki, angeleg
1999 3814 3358 3864 nicht mehr, braucht ein Militärzug um von Moskanldings im Auftrag
1995 3845 3371 3918 Inach Port Arthur zu gelangen; nur sind die dem deutschen Kaph
2002 3892 3355 3952 Kosten des Seetransportes geringer, als die Beförde=Die Hymne wird
1994 3899 3370 3980 irung per Schienengeleise. Hier hören aber auch die Ver=Kimigayo genannt
2003 3952 3372 4033 gleichspunkte auf. Den Engländern standen undisziplinirte [Des Herrn Gesch
1998 3996 3363 4051 FFreischaaren entgegen, während Rußland es mit einem ktausend Jahre bli
2867 4033 3368 4085 Endlich lund Moos sich bild
1998 4033 2858 4081 swohldisziplinirten Heere zu thun haben wird.
1990 4065 3373 4123 sbrauchten die Engländer keinen Seekrieg zu führen, der an swie es bei dem reg
1992 4105 3379 4154 Kostspieligkeit vielleicht den Landkrieg übertrifft, schon jordemtlichen Verstät
3171 4140 3365 4179 1: Posien
