3436 4352
794 229 858 288 n
1435 223 1869 316 box 23/1
281 222 1259 308 18. Dees
847 667 959 720 869
1369 674 2298 726 Echo der Bühnen: Frankfurt a. M., Hannover.
2737 671 2815 733 870
809 784 1823 845 Leben gelangt: vielleicht hätte es dem Vater jene Liebe
1864 789 2869 843 die gar keine künstlerische Begabung besitzt, die aber all¬
814 833 1821 875 gebracht, die er jetzt bei seinem lebenden Sohne ver¬
1863 847 2881 886 abendlich das Publikum zu Beifallsstürmen hinreißt.
804 866 1814 910 geblich sucht... Man sieht, wie kompliziert das Drama
1878 875 2873 920 Es hat sich nämlich das Märchen über sie verbreitet, sie
812 904 1819 957 angelegt ist, aber auch wie schematisch, und man begreift,
1872 917 2883 952 habe im Zuchthaus gesessen, weil sie ihren Geliebten
812 950 1814 988 daß es in vielen Teilen nicht zu einer tiefen und
1861 950 2868 1002 vergiftet habe. Das zieht, das reizt, das prickelt! Und
804 988 1819 1056 lebendigen Wirkung kommt. Wer zu viel will, erreicht
1868 994 2866 1035 als dann ein Revolverblatt veröffentlicht, die ganze Ge¬
805 1021 1086 1081 oft zu wenig.
1870 1030 2878 1074 schichte sei garnicht wahr, Ida Comêt habe nie im
899 1063 1810 1115 Richard Skowronnek kann man den Vorwurf
1861 1072 2883 1113 Zuchthaus gesessen, da wird das Publikum förmlich
816 1102 1813 1159 nicht machen, daß er zuviel gewollt habe. Er hat ein
1875 1111 2875 1155 wütend, zischt und trampelt so vernehmlich, daß der
812 1144 1812 1191 Familienstück geschrieben, dessen Menschen jeder nur auf
1875 1143 2882 1192 Vorhang fallen muß. Der Direktor, der bis dahin allen
806 1181 1816 1231 einen einzigen Ton gestimmt sind. Mit dem Eindringen
1879 1184 2882 1229 ihren Launen gegenüber unterwürfig gewesen, jagt sie
818 1220 1826 1277 in das komplizierte Triebwerk der menschlichen Seele
1880 1225 2786 1281 fort. Hier ist die Satire etwas stark aufgetragen.
808 1263 1814 1313 hat er sich nicht aufgehalten, und der lebhafte Beifall,
1946 1267 2883 1314 In dem letzten Stück („Lehmann“) begegnen wir
810 1307 1815 1344 den er bei seinem Publikum fand, beweist, daß die
1879 1310 2877 1365 einem Minister, der an die Serenissimus=Gestalten des
812 1339 1825 1394 Wellen der modernen Litteraturbewegung nur eben die
1886 1357 2882 1402 „Simplizissimus“ erinnert, auf einer Reise, bei der er
811 1376 1749 1424 Oberfläche unserer modernen Kultur bewegt haben.
899 1418 1813 1462 Der Versuch, die „Medea“ des Euripides in der
1875 1433 2882 1477 er einem zudringlichen Zigarrenreisenden zum Opfer
814 1459 1816 1499 neuen Uebersetzung Wilamowitz=Möllendorffs für die
1876 1464 2883 1516 fällt und sich von diesem eine Bestellung abpressen läßt,
815 1499 1822 1542 Menschen der Gegenwart lebendig zu machen, muß,
1878 1506 2882 1543 fürchtet er die Blamage und reist ab. Die Bewohner
805 1543 1815 1581 alles in allem betrachtet, als gescheitert gelten. Nur an
1877 1546 2882 1593 des Städtchens brauchen aber einen Ehrengast für die
811 1583 1817 1634 wenigen Stellen dringt über die Jahrhunderte hinweg
1874 1580 2892 1631 Einweihung des Findelhauses, und so wird der Zigarren¬
807 1616 1808 1664 die Stimme eines großen Menschenleids zu uns, das
1864 1624 2877 1659 reisende, von dem sie denken, er müsse irgend eine hohe
805 1657 1809 1710 wir noch hente mitempfinden: so vor allem in der Szene
1873 1663 2876 1711 Person sein, im Triumph fortgeführt. — Man müßte den
806 1687 1817 1735 vor dem Morde der Kinder, als in Medea Rachedurst
1875 1705 2885 1750 Stücken vorwerfen, daß für die knappen, kleinen Pointen
814 1728 1817 1776 und Mutterliebe kämpfen. Sonst aber hat dieses Drama
1877 1740 2884 1786 der Apparat etwas umständlich und breit ist, darüber
808 1763 1817 1818 des Euripides, der uns in vielen Dingen so nahe zu
1873 1775 2885 1817 kommt man aber leicht hinaus, weil auf dem Wege zu dem
816 1810 1830 1856 stehen scheint, mehr des Fremdartigen als die Dramen
1878 1817 2884 1862 nicht gerade sehr ergiebigen Aussichtsort sehr viel
810 1847 1813 1902 des Sophokles, der in so schroffem Gegensatz zu dem
1876 1854 2887 1905 Hübsches zu sehen, sehr viel Lustiges, auch zuweilen
816 1895 1819 1933 Schaffen des Neuerers Euripides steht. Wir vermissen
1888 1893 2350 1957 Verwegenes zu hören ist.
814 1936 1817 1983 hinter dem Werke die große, starke, einheitliche Persön¬
2478 1931 2828 1998 Sigmund Schoit.
807 1975 1819 2014 lichkeit, die ihren Maßstab für sich fordern darf, und
804 2012 1822 2063 stoßen uns immer wieder an der Technik des Dichters,
806 2048 1818 2094 die für unser Empfinden an vielen Stellen unbeholfen
2221 2058 2514 2127 Hannover.
819 2085 1825 2147 erscheint. Warum versucht man nicht des Sophokles
1943 2115 2804 2166 „Der Kampf ums Rosenrote.“ Schauspiel in
807 2130 1828 2189 Oedipus=Dramen und seine „Antigone“ dauernd für
1943 2148 2801 2206 4 Akten von Ernst Hardt (Deutsches Theater,
808 2163 1345 2230 unser Theater zu gewinnen?
1946 2190 2202 2238 13. Februar).
2290 2193 2812 2235 Ihr Ideal.“ Schauspiel in
1470 2202 1759 2264 Gustav Zieler.
1942 2228 2800 2274 4 Aufzügen von Ludwig Baumeister (Residenz¬
2179 2260 2567 2312 Theater, 18. Februar).
1904 2307 2881 2372 ls einen noch nicht reifen, aber ernst strebenden und
1104 2309 1518 2376 Frankfurt a. M.
1873 2356 2877 2411 —0 zu den besten Hoffnungen berechtigenden Dramatiker
882 2357 1760 2426 „Nimbus“. Drei lose Akte von Wagh (Schauspiel¬
1870 2393 2891 2443 zeigte sich Ernst Hardt in seinem Schauspiel „Der
1141 2408 1507 2465 haus, 15. Februar).
1881 2443 2892 2487 Kampf ums Rosenrote“*), das am 13. Februar als
803 2444 1820 2518 Im Schauspielhaus wurden am 15. Februar drei
1877 2471 2891 2533 erste Uraufführung des vor vier Jahren gegründeten
840 2494 1829 2546 J lustige Einakter von Wagh aufgeführt, einem Pseu¬
1883 2511 2882 2546 Deutschen Theaters gegeben wurde. Es schildert das
804 2544 1829 2581 donym, unter dem sich ein in Paris lebender Schrift¬
1877 2546 2888 2600 Ringen zwischen den starren, veralteten, in der Gegen¬
811 2576 1820 2624 steller verbirgt. „Drei lose Akte“ nennt sie der Ver¬
1880 2589 2875 2638 wart unsinnig gewordenen Grundsätzen eines Vaters
818 2621 1811 2665 fasser und hat sie unter dem Sammelnamen „Nimbus“
1879 2626 2887 2672 mit den ganz anders gearteten Wünschen seiner Kinder,
807 2667 1818 2712 vereinigt. Lose kann in dem Sinne gedeutet werden,
1879 2674 2887 2721 die sich eine eigene, ihren Anlagen und Neigungen ent¬
808 2703 1825 2741 daß ihr Zusammenhang nur ein leichter ist, aber auch
1883 2708 2882 2753 sprechende Zukunft schaffen wollen. Vult und Ella, die
812 2742 1811 2792 in dem, daß der Inhalt ausgelassen, übermütig, „lose“
1878 2749 2886 2791 Kinder des reichen, ehrenhaften, aber überstrengen Bank¬
813 2776 1821 2827 genannt werden darf. In den drei Stücken macht sich
1874 2788 2881 2833 direktors Julius von Bergen, sind beide mit seinem
812 2823 1832 2856 der Verfasser mit viel Witz und Bosheit über die ver¬
1874 2824 2895 2868 tyrannischen Regiment unzufrieden. Ella liebt einen
807 2851 1821 2909 schiedenen Gesellschaftskreise lustig, die am Schein, am
1882 2865 2877 2911 fleißigen, strebsamen, aber von sozialdemokratischen Ge¬
818 2901 1833 2951 falschen Nimbus hängen und von der Sensationslust
1878 2901 2885 2943 sinnungen erfüllten Mann, den Bergen niemals als
819 2931 1158 2983 beherrscht werden.
1878 2939 2887 2990 seinen Schwiegersohn anerkennen will; sie vermag es
898 2961 1827 3021 „Ganz was anderes“ führt uns nach Venedig, wo
1885 2989 2888 3037 nicht, gegen den Willen des Vaters ihrem Geliebten zu
814 3014 1826 3052 eine internationale Gesellschaft die Gastfreundschaft des
1875 3021 2882 3064 folgen und ihm allein anzugehören; sie gewinnt es
813 3055 1835 3109 Grafen Elbhausen genießt. Eine schöne junge Baronin
1877 3062 2885 3105 schließlich sogar über sich, einem anfangs gehaßten Mann,
805 3094 1776 3141 wird von einem der Gäste, der vergebens ihre Gunst
1866 3098 2888 3157 den ihre Eltern für sie bestimmt haben, ihre Hand zu
807 3127 1824 3186 erringen gesucht hatte, verraten: sie habe nächtlicher
1871 3141 2883 3187 reichen. Anders ihr Bruder: er giebt die glänzende
810 3164 1817 3219 Weise mit einem schönen jungen Gondoliere eine Fahrt
1882 3180 2873 3231 Stellung des Teilhabers und Erben seines Vaters auf,
812 3213 1819 3254 durch die Lagunen gemacht und sich beim Landen noch
1879 3218 2873 3258 läßt Elternhaus, Braut und Vermögen im Stich und
803 3250 1406 3301 einmal von ihm küssen lassen.
1410 3250 1835 3301 Die Damengesellschaft
1878 3261 2885 3309 ergreift den Schauspielerberuf, zu dem ihn seine Neigung
812 3286 1834 3326 ist entsetzt, die Herren urteilen milder. Nun soll die
1882 3298 2876 3342 zieht. Schwer sind die Kämpfe, die er durchzufechten
811 3325 1834 3371 Baronin so rasch als möglich aus dem Hause gebracht
1877 3336 2882 3380 hat; er lernt die bitterste Not kennen, ein Nervensieber
803 3366 1822 3415 werden, und der alte Diplomat von Ysenwald wird dazu
1883 3379 2879 3424 bringt ihn an den Rand des Grabes, und er wäre unter¬
810 3409 1828 3458 auserkoren, es ihr beizubringen. Dieser aber in seiner
1872 3415 2882 3460 gegangen, wenn ihn nicht die treue, uneigennützige Liebe
805 3450 1834 3482 ritterlichen Weise sucht sie vor der ihr drohenden Be¬
1873 3451 2881 3501 eines einfachen Mädchens, das mehr seinem Blute, als
818 3487 1834 3530 schimpfung und Kompromittierung zu retten und be¬
1870 3490 2888 3534 den Forderungen der Moral gefolgt ist, gerettet hätte.
813 3527 1829 3579 werkstelligt das dadurch, daß er den Damen vorredet,
1876 3532 2886 3576 Als er sich schließlich durch alle Hemmnisse hindurch¬
805 3566 1827 3611 der vermeintliche Gondoliere sei niemand anders als der
1869 3572 2887 3611 gerungen und als Darsteller des Tasso einen glänzenden
813 3597 1826 3657 König von Thessalien gewesen, der inkognito in der
1873 3613 2882 3653 Triumph gefeiert hat, erklärt sich sein Vater dazu bereit,
815 3653 1821 3702 Gegend weilt. Nun ist es mit einmal „ganz was
1878 3649 2885 3691 ihm zu „verzeihen“; doch nun weist Vult ihn mit den
809 3678 1011 3734 anderes“!
1871 3691 2890 3737 Worten „Verzeihen, Vater — Du mir?!“ zurück, so
899 3710 1813 3769 „Die Heldin des Tages“ ist der Star des Théätre
802 3762 1815 3823 Moderne in Grand'ville, eine häßliche, ordinäre Person,
1947 3756 2623 3836 *) Buchausgabe im Insel=Verlag, Leipzig.
3082 90 3281 162 NNS R
