3436 4320
1090 258 1167 324 W
781 258 998 323 nSam
1438 256 1893 343 box 23/5
277 264 1269 361 18. Der EE
666 1104 1592 1171 Ausschnitt aus: Bayerische Staatszeitung
1201 1155 1438 1225 München
1120 1261 1366 1363 30. Juni
2597 1407 2666 1439 —
1788 1404 2970 1468 resigniert hat. „Ihr seid halt so,“ sagt sie zu Fichtner. „Was soll
843 1428 1441 1517 Der einsame Weg.
1777 1462 2974 1500 man da machen?“ Dies Wort könnte das Motto für das ganze
1782 1487 2981 1545 Stück sein. Fichtner und Sala sind nun mal so, daß sie Frauen
636 1493 1657 1578 Schauspiel in vier Akten von Arthur Schnitzler.
1351 1535 1455 1578 1 Sch
1780 1533 2978 1603 verführen und ins Unglück stürzen: was kann man da machen?
680 1571 1612 1635 Erstaufführung im Schauspielhaus.
1853 1575 2975 1626 Der Titel „Der einsame Weg“ paßt im Grunde nur auf die
1781 1612 2968 1671 erste und dramatisch wirksamste Handlung; Fichtner muß zur
627 1612 1747 1673 Das Stück spielt in Wien und in der Gegenwart. Diese
1777 1645 2974 1712 Strafe für seinen Egoismus auch ferner seinen einsamen Weg
546 1655 1748 1708 Gegenwart ist gut zwanzig Jahre alt, denn im Jahre 1903 ist
1791 1691 2968 1743 gehen ohne die Liebe seines Sohnes. Es ist merkwürdig und für
553 1694 1749 1759 es entstanden, im Jahre darauf ist es am Deutschen Theater in
1791 1732 2970 1781 das Stück, eines seiner älteren und schwächsten, verhängnisvoll,
548 1730 1743 1780 Berlin zur ersten Aufführung gelangt, und wieder zwei Jahre
1788 1778 2972 1821 daß es Schnitzler nicht gelungen ist, dieses dankbare Thema, wie
560 1762 1748 1845 später hat es ein Gesamtgastspiel des Berliner Lessing=Theaters
1791 1809 2971 1860 der Vater um die Liebe seines Sohnes kämpft, in den deutlichen
560 1811 1748 1877 mit demselben Albert Bassermann, dessen Gastspiel es uns
1790 1844 2970 1895 Mittelpunkt seines Stückes zu stellen. Ohne Saft und Kraft ver¬
550 1850 1745 1907 am Samstag beschert hat, nach Wien gebracht, wo es angeblich
1787 1879 2977 1933 fließt alles in ein mehr oder minder geistreiches Geplauder um
551 1891 1758 1950 spielen soll. Es könnte aber auch ebensogut in jeder anderen
1779 1920 2970 1962 die Sache herum, und während die ersten Akte ein Drama vom
559 1926 1750 1978 Stadt spielen, wie denn auch das Wiener Lokalkolorit der Dar¬
1786 1949 2983 2015 vergeblich gesuchten Sohn vorzubereiten scheinen, schließt der letzte
558 1969 1755 2024 stellung einzig in einer österreichischen Ulanenuniform eines Leut¬
1794 1997 2967 2050 mit der Tragödie des verführten Mädchens, das seinem Verführer
559 2002 1746 2055 nants besteht. „Der einsame Weg“ ist eine Tragödie des
1793 2035 2965 2096 dankbar die Hand küßt, als er sie zu heiraten verspricht und darauf
553 2036 1746 2110 Egoismus, in der, notdürftig verbunden, drei Handlungen neben¬
1793 2077 2727 2127 in den See springt. „Was soll man da machen?“
558 2077 1747 2148 einander laufen, von denen die erste und bedeutendste allein ge¬
1861 2103 2983 2174 Ich glaube, die Rolle der „heiligen Johanna“ Shaws wird
557 2128 1153 2202 nügt hätte, ein Stück zu füllen.
1790 2159 3006 2213 Fräulein Tiedemann wesentlich lieber gewesen sein, als vie
635 2159 1747 2237 Der Maler Julius Fichtner hat von der Frau des Professors
1781 2201 2971 2250 dieser armen, offenbar halb verrückten Johanna, die sie aber auch
560 2216 1753 2267 und Direktors der Akademie der bildenden Künste Wegrath einen
1791 2233 2987 2290 rührend zu spielen wußte. Den Stephan von Sala gab, wie schon
1440 2258 1480 2287 9
565 2245 1762 2305 Sohn, dessen Herkunft Frau Gabriele ihrem spateren Gatten ver¬
1798 2276 2974 2325 vor zwanzig Jahren, Albert Bassermann. Sie muß ihn be¬
555 2291 1759 2352 borgen hat. Fichtner kehrt von seinen großen Reisen nach Wien
1794 2308 2985 2369 sonders zur Darstellung gereizt haben, und er spielt sie denn auch
554 2314 1767 2387 zurück und wirbt um die Liebe seines inzwischen erwachsenen
1800 2341 2984 2408 mit der imponierenden Ueberlegenheit eines in allen Sätteln ge¬
565 2360 1766 2444 Sohnes, die er aber ganz verliert, als dieser in einer Aussprache
1795 2383 2986 2440 rechten Kavaliers, mit zarter Andeutung eines tödlichen Herz¬
553 2390 1762 2474 erfährt, wie sehr der, den er bis dahin für seinen Vater gehalten,
1780 2433 2981 2479 leidens und mit einer wohltuenden Dosis von Liebenswürdigkeit,
558 2444 1755 2513 getäuscht worden ist. Er schließt sich ihm umsomehr an, als seine
1786 2465 2985 2528 die versöhnend wirken kann. Frau Else Bassermann kam uns
553 2480 1752 2536 kranke Mutter nach dem ersten Akt stirbt. Der Maler, der stets
1800 2500 2986 2557 in der Rolle der ehemaligen Schauspielerin Irene Herms mensch¬
557 2514 1761 2571 und überall nur seinen egoistischen Launen gelebt, hat das Nach¬
1801 2534 2985 2594 lich näher als neulich. Hermann Nesselträger stellte mit
562 2558 1750 2623 sehen. Die Tochter Johanna Wegraths, die zu einem alten Freunde
1608 2583 1647 2620 0
1788 2577 2983 2630 Resignation und Würde den von seiner ganzen Umwelt betrogenen
552 2608 1766 2672 der Familie, dem Roué Stephan von Sala, eine unerklarliche
1785 2619 2978 2679 Professor Wegrath vor, und Carla Holm darf als seine Frau
558 2628 1767 2689 Neigung gefaßt hat, läßt sich von ihm verführen und geht in dem
1799 2656 2974 2707 Gabriele schon nach ihrer ersten Szene an einer Krankheit sterben,
556 2672 1751 2737 Augenblick, wo dieser sie zu seiner Frau machen will, ins Wasser.
1795 2691 2984 2750 über die uns ihr Arzt (Herr Walther), der durch das ganze
566 2708 1765 2775 Warum? Man kann es nur erraten, denn alles ist in diesem
1800 2731 2974 2785 Stück geht, dem ich mich aber nicht anvertrauen möchte, nichts zu
556 2745 1751 2823 Schauspiel nur angedeutet in einer sanften Melancholie, die sich
1800 2758 2976 2835 sagen weiß. Den Leutnant Felix, der zwischen zwei Vätern steht,
552 2789 1746 2845 über das ganze Stück ausbreitet. Herr von Sala ist schwer herz¬
1784 2810 2976 2858 gab Herr von Jordan in einer hübschen Ulanenuniform, die
556 2819 1753 2893 krank, und deshalb springt die arme Johanna nächtlich in den
1792 2841 2980 2894 leider nicht mehr „Gegenwart“ ist, und Herr Stoeckel spielte
554 2857 1754 2920 Teich seiner neuen Villu und verläßt Vater und Bruder. Es ist
1793 2880 2988 2938 dessen Vater mit dem traurigen Abgang, Julius Fichtner mit
564 2902 1753 2960 vielleicht der dümmste und unmotivierteste Selbstmord der Lite¬
1575 2937 1613 2964 —
1783 2922 2978 2973 jener ausdrucksreichen Lebendigkeit und nervösen Beweglichkeit
2111 2959 2153 2993 701
562 2939 1750 3009 ratur. Stephan von Sala kommt, als er dadurch erst erfahrt, wie
1799 2973 2974 3018 auf Sesseln und Tischen, die wir an ihm gewöhnt sind. Ein an¬
565 2977 1751 3042 krank er ist, seinem natürlichen Tode durch die Ankündigung seines
1803 2993 2978 3063 scheinend ausverkauftes Haus zollte der ganzen Darstellung, vor
559 3019 1747 3076 Selbstmordes zuvor Dieses war der zweite Streich. Der dritte
1802 3038 2970 3096 allem natürlich den Gästen Albert und Else Bassermann, reich¬
558 3051 1759 3113 basiert auf ein früheres Verhältnis des Malers Fichtner mit der
1792 3076 2970 3134 lichen Beifall. Inwieweit dieser auch Arthur Schnitzler galt,
569 3083 1763 3172 Schauspielerin Herms, die wieder in Wien auftaucht, ihren ehe¬
2736 3116 2963 3183 A. v. M.
575 3131 2287 3199 maligen Geliebten und auch den Herrn von Sala besucht, mit ] muß dahingestellt bleiben.
569 3171 1781 3264 ihnen in Erinnerungen sich ergeht, aber für ihr Leben anscheinend !
