3484 4352
1090 266 1173 335 W
1426 259 1884 351 box 23/1
1342 302 1387 352 1
278 272 1284 381 18. Der
1009 843 1479 931 ntungsausschnitte
780 909 1713 984 gunden mit direktem Nachrichtendienst durch
951 958 1473 1031 eigene Korrespondenten.
1249 1007 1668 1088 Telephon: III, 3051.
753 1040 1138 1109 Berlin N. 24.
989 1092 1224 1136 —.
790 1100 980 1146 —
995 1138 1452 1216 Ausschhltt aus
1047 1368 1468 1491 Schemia, Prag
1198 1474 1542 1583 TAFEB. 1904
955 1602 1505 1690 Theaternachrichten.
753 1667 1700 1772 Berliner Schnitzlerpremiere: Der
1020 1732 1421 1799 einsame Weg.
893 1776 1534 1847 (Buchausgabe Berlin, S. Fischer.)
1242 1808 1675 1879 E. Berlin, 13. d.
812 1827 1710 1919 Arthur Schnitzlers neues Schauspiel
760 1902 1700 1963 „Der einsame Weg“ ging heute im Deut¬
755 1941 1702 2012 schen Theater zum erstenmale in Szene. Der
755 1982 1697 2055 Dichter, der sonst mit Vorliebe und größtem Er¬
762 2032 1709 2088 folge Wiener Lust und Leid in seinen Stücken
757 2064 1702 2126 schildert, wobei die heitere Note die tragische
752 2109 1711 2179 meist übertönt, kommt uns diesmal auf einem
752 2147 1707 2208 schweren, ernsten, psychologischen Problem, wie
761 2191 1709 2258 wir es eher in den Werken Ibsens und Haupt¬
751 2231 1713 2294 manns zu finden gewohnt sind. Er zeigt uns
752 2274 1705 2350 die furchtbaren Folgen der „Lebenslüge“ mit
756 2301 1705 2393 der die Gattin des Professors Wegrath in die
757 2365 1713 2434 Ehe getreten war. Sie hatte ihm verschwiegen,
765 2401 1711 2462 daß sie mit seinem besten Freunde zuvor ein
764 2442 1704 2506 intimes Liebesverhältnis gehabt hatte und daß
756 2503 1713 2549 sie, während sie ihm Treue fürs Leben gelobte,
754 2529 1710 2584 bereits die Frucht dieser sündigen Liebe unter
749 2574 1713 2629 dem Herzen trug. Nun ist dieser Sohn der
769 2610 1715 2678 Sünde neben einer legitimen Tochter des Pro¬
762 2654 1712 2720 fessors herangewachsen und sterbend offenbart ihm
753 2699 1713 2760 die Mutter, daß nicht der Professor, sondern
763 2737 1718 2805 dessen bester Freund Fichtner sein Vater ist. Der
759 2780 1711 2848 Leichisinn der Mutter ist auf deren Tochter
755 2822 1709 2874 Johanna übergegangen, die auch mit einem
759 2862 1716 2936 Freunde des Bruders ein intimes Verhältnis
756 2880 1726 2975 eingeht. Als sie erfährt, daß der Geliebte an
757 2948 1716 3023 einer unheilbaren Krankheit leidet und ihr
761 2983 1718 3048 niemals angehören könnte, sucht sie den Tod in
757 3039 1714 3096 den Wellen, und auch ihr Liebhaber nimmt sich
772 3085 1723 3141 das Leben. Erschüttert durch diese Katastrophen,
767 3109 1723 3180 schließt sich Felix an den Professor, den er verehrt
771 3168 1725 3217 und lieben gelernt hat, desto inniger an, während
767 3200 1717 3255 Fichtner, sein natürlicher Vater, von allen ver¬
761 3243 1719 3314 lassen und gemieden, seinen einsamen Weg bis
765 3294 1637 3359 ans Lebensende fortsetzen wird. Dies ist
764 3321 1719 3390 kurzen Zügen der Inhalt des neuen Schnitzler¬
772 3373 1722 3437 schen Stückes. Man sieht, es ist ein düsteres
764 3416 1728 3466 Familienbild, das der Verfasser, der zu der Ur¬
777 3459 1722 3521 aufführung seines Werkes hierher gekommen war,
767 3494 1738 3559 vor uns entrollt. Leider zeigte der Erfolg der
780 3548 1726 3598 Aufführung, daß der Dichter solch' schweren Auf¬
769 3574 1740 3654 gaben nicht gewachsen war, die ernsten Szenen
774 3627 1734 3684 wirkten wegen der allzu großen Breite ermüdend,
774 3671 1733 3726 die stumme Szene am Schlusse des vierten Aktes,
778 3707 1734 3769 wo Johanna sich ertränkt, wurde ausgelacht.
776 3748 1728 3806 Trotzdem konnte Schnitzler auch nach diesem wie
779 3802 1741 3851 nach den übrigen Akten Hervorrufen Folge leisten.
779 3834 1746 3904 Am Mißerfolge war aber dadurch nichts geändert
2614 170 2996 241 Tsiephon: IlI, 3051.
2137 200 2468 280 Berlin N. 24.
2362 295 2794 381 Ausschnitt aus
2402 417 3021 554 Neues Wiener Tagbian
2734 599 3085 698 #FEb. 1904
2160 696 3185 839 (Theater, Bunst und Titeratur. C.
2333 826 3003 912 Schnitzlers „Der einsame Weg“.
2261 903 3179 956 Aus Ber#### v., wird uns telegraphiert: Im
2165 955 3187 1015 Deutschen Theater wurde heute Schnitzlers
2161 997 3188 1052 fünfaktiges Schauspiel „Der einsame Weg“ zum
2154 1035 3181 1102 ersten Mal gegeben. Es ist ein schweres, düsteres, reifes
2153 1087 3181 1141 und reiches Stück. Beklemmende Trauer liegt darüber
2155 1129 3182 1201 und die Melancholie der großen Stille strömt ergreifend
2167 1175 3180 1230 aus. Wenn man den Inhalt erzählt, hat man nur ein
2163 1232 3177 1277 dürres Skelett hingestellt. Das Unsagbare, das mit tiefen
2168 1271 3179 1330 Tönen mitschwingt, ist hier das Wesentliche. Dem
2170 1329 3185 1372 Akademiedirektor Wagrath stirbt die Frau, die Tochter
2165 1371 3201 1420 Johanna hat es vorgeahnt. Immer weiß sie kommendes
2160 1404 3191 1461 Unheil, ihre sehnsüchtige Seele dringt mit rätselhafter
2160 1451 3189 1516 Kraft durch die Schleier der Zukunft. Der Familie
2173 1498 3181 1553 Wegrath stehen Stephan v. Sala und der Bruder
2164 1535 3202 1624 Julian Fichtner freundschaftlich nahe. Beide sind
2192 1609 3205 1679 Genüßlinge des Lebens, Wüstlinge der Ideale, bestes
2193 1662 3198 1724 Seelenmaterial, erstarrt in ästhetischem Egoismus. Frei,
2195 1713 3197 1758 unabhängig, von genialem Verständnis — Fichtner noch
2192 1750 3201 1814 dazu ein wahrhaft Schaffender — konnten sie die ganze
2185 1798 3218 1865 reiche Welt in sich saugen, sie haben gesebt und genossen,
2180 1847 3203 1904 aber in ihrem Innern dorrt die Wüste, sie haben nichts,
2182 1894 3199 1949 woran sie sich halten könnten. Fichtner hat Frau Wagrath
2197 1933 3202 2000 geliebt, bevor sie Wagraths Frau wurde. Johannas
2190 1984 3202 2034 trefflicher Bruder Felix, Uhlanenoffizier, ist sein Sohn.
2186 2030 3205 2087 Er sagt es ihm nach der Mutter Tode, aber mehr
2186 2076 3204 2140 neugierig und wunderlich bewegt, als wirklich ergriffen,
2183 2113 3210 2183 hört der junge Mann das Seltsame; diese Wahrheit ist
2187 2181 3214 2234 ihm keine Realität, sein Herz gehört dem guten, treuen
2177 2209 3201 2280 Wagrath, der seine Jugend betreut, der ihm wahrhaft
2188 2253 3210 2320 Vater gewesen. Vergeblich streckt Fichtner die Arme nach
2180 2300 3204 2362 ihm aus. Es nützt ihm nichts, in Sala einen Leid¬
2183 2352 3201 2408 genossen zu haben, in diesem reichen, unendlich empfäng¬
2177 2400 3199 2462 lichen Sala, der seine spöttische Melancholie von Wien jetzt
2173 2444 3207 2513 nach Baktrien verpflanzen will, der dort im Schutte von
2184 2495 3194 2546 sechs Jahrtausenden neue Sensationen süchen und erneut
2173 2549 3191 2603 erfahren will, daß sein Schicksal ist, einsam zu bleiben
2173 2587 3196 2650 und nicht lieben zu können. Was hülfe es, sagt Sala zu
2157 2627 3195 2697 Fichtner, eine Frau, Kinder und Enkel zu haben,
2166 2677 3198 2728 Reichtum, Ruhm, Genie bewahri zu haben. Wir gehen
2171 2720 3198 2785 doch allein, wir, die wir niemandem angehört haben.
2161 2767 3209 2832 Lieben heißt: für andere auf der Welt sein, und davon
2173 2813 3196 2876 waren wir beide immer sehr fern. So leiden beide das
2167 2874 3182 2928 härteste Schicksal. Den Sohn zieht Fichtner nicht an sich,
2165 2909 3194 2958 den treibt sein ehrliches Herz zum alten Wagrath. Sala
2163 2944 3192 3015 könnte mit Johanna gesunden. aber er kann es auch
2167 3002 3190 3053 wieder nicht, denn er kann sich nicht hingeben, nicht binden.
2177 3053 3186 3113 und dann, der Tod hat ihn schon gezeichnet, ein schweres
2177 3086 3185 3143 Herzleiden gibt ihm nur noch karg: Frist. Das weiß
2170 3138 3187 3207 Johanna, ohne daß man es ihr eigentlich gesagt hat.
2170 3175 3179 3231 Ihr Blick geht in dunkle Fernen, sie wird mit Sala ver¬
2162 3227 3179 3297 bunden sein, indem sie ihm im Tode vorangeht. Sie
2173 3278 3177 3338 ertränkt sich, und keine Stunde länger wird Sala nun noch
2165 3328 3187 3371 leben. Dies ist das Drama, vielmehr das Aeußerliche der
2170 3371 3188 3430 Handlung, deren innerer Reichtum schwerflüssig im
2161 3416 3177 3474 Untergrunde der dunkel gesärbten Vorgänge ruht. Die
2165 3464 3188 3515 einfachen, klaren, guten Menschen, der alte Wagrath.
2167 3509 3183 3557 Felix, auch der Hausarzt Raumann und die frühere
2169 3558 3177 3625 Schauspielerin Irene Harms, über deren Schicksal
2162 3599 3185 3663 Fichtner einstmals hinweggeschritten, die können lieben
2165 3645 3184 3710 und geliebt werden, aber Fichtner und Sala müssen
2165 3696 3184 3757 einsame Wege gehen. Was sie lieben, können sie nicht
2170 3743 3185 3808 halten, denn niemals hätten sie sich aufgeben und hin¬
2166 3781 2432 3853 geben können.
2254 3834 3179 3893 Die Wirkung der Dichtung war ungleich. Das
2163 3876 3187 3945 Publikum war imcreniert, ohne mitzugehen. Der Beifall
2161 3929 3179 3991 hatte mehrfach mit Zischen zu kämpfen, doch konnte Schnitzler
2163 3973 3190 4047 wiederholt erscheinen. Die Vorstellung wurde den tiefen
2165 4017 2993 4091 Schönheiten des Stückes meist durchwegs gerecht.
