3484 4224
1514 59 2280 118 ee. Gu ii uie I
747 85 1312 156 & Mon Fritz bien-aimé #,
1508 104 2378 153 leurs yeux u ceux-la.,, ils étaient répu¬
1519 143 2379 198 gnants! Moi-méme, je pensais quelquefois
659 135 1494 200 Rhode s’interrompit, sa voix avait tremn¬
621 169 1496 243 ble. Les deux autres, génés, gardaient le
1507 189 2365 236 à cette chose, mais tellement incidem¬
613 227 1499 273 silence. Rhode se mordit la lévre, secona
1506 217 2366 268 ment; l’idée de retronver ma voix, ma si
1510 262 2374 319 Jolie voix, par ce moyen-ia, me faisait
621 259 1494 319 la téte et fit glisser son index gauche entre
1509 300 2372 345 rire.,, Seulement le désespoir me gagnait.
614 307 1497 366 Son col et sol cou. S’étant ressaisl, il pour¬
1511 339 2373 388 II m’arrivait de suivre le traitement de
618 342 831 406 suivit:
1503 378 2366 424 trois mnédecins à lu fois; je sortais en
677 364 1499 449 * Quanttu recevrascette lettre, jje seral
1515 418 2369 463 courant de l’un pour aller chez lautre, i1
617 416 1494 482 tres loin, partie, pour toujjours peut-être.
1519 457 2375 503 ine seinblait vivre un cauchemar. Et ma
610 472 1498 513 Je n'ai pas voulu te le dire, cela Faurait
1511 495 2380 539 voix restait terne, J’étais fatiguée au bout
612 502 1499 555 fait mal, et à mol aussi. Je préfèrete faire
1513 535 2374 583 de deux notes. Pendant ce temps, ies an¬
617 548 1505 603 mer adienx par écrit, je garde ainsi le sou¬
1511 565 2376 623 ciennes collégues obtenaient des engager
616 583 1491 646 venir de ton visage sourlant et de tes pa¬
1502 615 2373 662 ments et se faisaient un nom. Je ne dor¬
608 616 1502 667 roles pleines d’espoir g à demain, ché¬
1513 653 2380 705 mais plus, leurs succès me hantaient, jen
607 670 1497 708 rie, les dernières sans doute que tu
1505 691 2372 737 révais la nuit. Je me demande si tu saisis
602 703 1500 753 m’auras dites. Si tu avais su la vérité, tu
1513 728 2380 784 le degré de ma souffrance. Un soir, après
604 745 1496 790 aurais pleuré et tu m'aurais fait pleurer.
1516 776 2387 819 avoir consulté dans la matinée deux pror
613 783 1490 840 Quel spectacle! Mieux vaut l’avoir évité.
1499 811 2379 865 fesseurs de chant et avoir suivi dans
607 819 1501 877 Je tassure que moi aussi je taime beau¬
1508 845 2379 901 T’après-midi le traitement de deux méder
613 860 1501 919 coup, quand je pense d tol. Je ferme les
1511 887 2378 942 eins, j’échouai à cing heures chez un spé#
615 896 1488 948 Feux et je te revois. IIy a une heure que
1511 932 2371 977 cialiste célebre. Je connaissais son nog
619 936 1498 983 je Fai quitté. Tu es étendu sur ton divan
1518 969 2374 1016 de longue date, mais le hasard avait voult
613 980 1505 1038 et tu réves au bonheur que je viens de te
1516 1014 2372 1058 que jamais je n’eusse eu recours à lul. I
614 1021 1504 1070 donner, n’est-ce pas ? Je suis seule, moi
1516 1043 2366 1092 était eing heures, je te l'ai dit, sa vol
613 1048 1499 1114 aussi, et dévétue: Une valise énorme est
1501 1079 2374 1142 ture l’attendait dans la rue. Je montai e
610 1085 1496 1144 a mes pieds, mes objets s’entassent pele¬
1501 1117 2385 1178 me heurtai dans l’entrée à ce coryphé
609 1140 1495 1185 méle dans ma chambre. Ma bonne mère
1511 1158 2376 1210 de la laryngologie. Le professeur étal
615 1171 1499 1222 finit qaelques paquets. Je l’entends aller
1513 1209 2381 1257 prêt à partir. Il me dit rudement: & Qut
615 1210 1507 1257 et venir dans l’entrée, d’un pas pressé. Car
1509 1248 2382 1301 voulez-vous ? 3, et avant que J’aie pu ré
614 1259 1500 1315 Je pars demain matin avec ellé, inon petit
1519 1281 2377 1333 pondre, il ajouta: & Je n'ai pas le temps
610 1297 1498 1337 Fritz, si Et que, lorsque tu recevras cette
1506 1323 2381 1374 revenez demain.,, s II n’était pas vieux
611 1333 1492 1388 lettre, beabcoup de kilométres nous sépa¬
1506 1360 2376 1413 portait quarante-cing ans à peine, sa brus¬
616 1368 1497 1415 rerent dest. Drmnain I., et dans huit jours,
1513 1409 2071 1461 querie ne me fit pas peur.
610 1421 1489 1462 Je débuteral, Je serai sur une vraie scène
1645 1422 2399 1505 Examinez-mol tout de méme, dis-je
604 1446 1501 1514 pour la première fois. Oul, Fritz, jai un
1500 1472 1847 1549 simplement. .
624 1488 1503 1548 engagement, et c’est à tol que je le dois,
604 1528 1498 1582 àtol, qui ne m’aurais jamais laissé partir,
1565 1528 2391 1583 x II resta interdit, d’autant que, sans
607 1568 1501 1625 si je t’en avais demandé la permission.
1504 1559 2386 1638 plus attendre, Jouvris la porte qui se trou¬
617 1608 1507 1662 Ton amour a été pour mol plus que tu ne
1518 1617 2387 1663 valt devant mol. Je traversai la salle
607 1649 1508 1709 croyais et moins que tu ne demandais. Ne#
1513 1658 2388 1700 dattente et m’arrétai devant le cabinet de
623 1697 1498 1742 cherche pas à comprendre, je vals f’ex¬
1512 1694 2398 1744 consultation, II m'avalt suivie, ce fut lul
616 1730 1493 1777 pliquer le sens de ces paroles quelque peu
1513 1736 2390 1789 qui ouvrit la seconde porte et la referma
615 1768 1494 1814 obscures. C’est mon devolr, du reste, car
1512 1786 2070 1844 après m’avoir fait passer.
613 1806 1501 1859 je sens confusément que tu aurais le drolt
1543 1823 2397 1885 x II jeta sur une chaise paletot et cha¬
612 1846 1500 1912 de m’en vonloir et que J'al besoin de ton
1512 1864 2387 1926 peau, s’assit à son burean et m'interro¬
605 1877 817 1949 pardon.
1509 1911 2395 1968 gea sans daigner me regarder. Puls 11
1511 1954 2397 1999 m’examira consciencieusement et posa
694 1963 1506 2039 &Te souviens-tu du soir ou nous nous
1509 1995 2395 2037 encore quelques questions auxquelles je
621 2021 1503 2080 connümes? Question olseuse, puisque tant
1508 2030 2396 2090 répondis avec une entière franchi #
617 2070 1501 2124 de fols nous avons évoqué ensemble tous
1508 2069 2398 2132 sourcils froncés, l’eil courroucé, il me
2255 2099 2355 2165 •4 :
619 2101 1495 2162 les détalls de cette rencontre. Aujour¬
1508 2105 2252 2173 fixait maintenant. S’étant levé, 11
624 2146 1504 2189 T’huf encore tu m'as reparlé de ton éton¬
1646 2147 2310 2224 Vous n’avez rien, au revoir!
620 2185 1507 2232 nement ärte trouver dans les bras d’une
1644 2194 2387 2275 Les autres m’ont dit la eme
621 2222 1068 2279 inconnue et d’une
1060 2225 1504 2282 g jeune fille inno¬
1506 2236 2335 2314 chose, fis-je, furleuse, ce n’est pas ne¬
607 2272 1500 2320 cente 2, une heure seulement après l’avoir
1645 2289 2403 2366 Je ne me soncie pas de vous dire
606 2307 1506 2364 abordée dans la rue et avoir conquis son
1511 2342 2020 2404 quelque chose de neuf.
616 2351 1504 2398 premier sourire. Cet étonnement, auquel
613 2389 1509 2427 devalt se méler un pen de fierté, aura son
1661 2370 2398 2441 Je veux retrouver ma voix, insis¬
621 2428 1499 2477 terme :ce qui fe fut accordé ce soir-la
1513 2407 2033 2486 tai-je, les dents serrées.
615 2468 1498 2515 aurait pu échofr à un aufre. Tu penx res¬
1540 2466 2406 2543 g — Votre voix ?.,, Je ne peux pas
610 2507 1492 2567 #ter fier toutefols de m'avolr gardée, car
1513 2506 2256 2583 vous donner d’ordonnance éerite. .
611 2535 1422 2606 cela n’étalt pas prévu au programme.
1551 2558 2267 2613 g Reprenant espoir, je m’écrial:
673 2583 1518 2648 & Souviens-tol bien: tu étais assis
1643 2601 2275 2659 Dites-mol le moyen, alors. .
604 2614 1502 2680 devant lé Café Impérial, à une table
1540 2642 2388 2720 g II avait son chapeau à la main et ré.
609 2674 1503 2719 encombrée de journaux. Tu fixais le vide
1506 2684 1690 2753 pondit:
611 2707 1505 2756 et mon apparition ne sembla pas te frap¬
1543 2713 2257 2803 g — Vous le dire., peut-étre.. .
613 2751 1505 2805 per. Tu continuas mèine à ie regarder
608 2789 1503 2841 pendant quelque temps sans me voir. Mais
1554 2763 2378 2833 g Alors, je perdis contenance et, ou¬
610 2832 1498 2878 ies yeux cherchaient les tiens, tu t’en
1517 2823 2398 2893 bliant toute politesse, pleurant à moltié
1515 2870 1766 2932 je hurlal:
621 2871 1498 2918 apergus et tu souris. Alors, quittant le
615 2910 1509 2957 café, tu m’emboftas le pas et me suivis à
1644 2896 2262 2965 Que faut-il que je prenne?
624 2948 1499 2993 une distance respectueuse. Nous marchü¬
1593 2949 2379 3018 — Un amant, ine répondit-il sur Ie
616 2989 1493 3040 ines longtemps, la distance diminnalt et le
1512 3009 2380 3061 méme ton, avec l’air de vouloir massas.
615 3024 1499 3077 respect aussi. Près du Stadtpark, je t’en¬
1511 3045 1709 3107 siner. „
622 3061 1504 3123 tendis siffloter un air de valse, tu vonlais
1555 3067 2391 3147 & Ah! Fritz, c’est alnst qu’il avail
609 3101 1497 3150 te donner du courage, enfin tu m’abordas.
1503 3136 2383 3181 fallu me le dire. Ayant entendu ce con
696 3150 1503 3196 — Permettez, Mademoielle, que je me
1509 3170 2384 3232 seil, je me rappelai que beaucoup d’au
607 3181 1478 3255 Jolgne à votre promenade solitaire #.„
1509 3211 2384 3258 tres médecins, tons peut-être, m'avaien
662 3224 1493 3290 & L’entrée en matière n’était ni spiri¬
1506 3246 2387 3308 répété la méme chose. Seulement, à leur:
614 3280 1504 3327 tuelle ni originale., eile aurait pu l’être
1511 3287 2374 3334 vagues prescriptions manquait le carac
614 3320 1489 3363 moins encore, cur je tattendais ardem¬
1505 3325 2393 3382 tère scientifique, elles trahlssaient troj
620 3361 1491 3409 ment., Etait-ce vraiment toi que Jatten¬
1513 3375 2371 3426 souvent aussi un désir égoiste. Le der
621 3399 1496 3460 dals? Sans doute, puisque tu as répondu
1504 3406 2379 3461 nier m'arait preserit ce reméde comme 1
622 3438 1038 3502 Atons mes désirs.
1491 3449 2381 3513 Finaurait dit de prendre de la quiniue ol
664 3482 2386 3537 g Ce soir-là, cher Fritz, je sortais defdu cyanure. Pour la prémlière fois, Javai
2412 106 3098 150 Albet Rhode fit oui de la tôte.
2484 134 3258 206 West-ce pas épouvantable dese
2383 161 3260 233 croire aimé et d’apprendre qu’on vons a
2385 227 3118 279 pris.,, comme de Thuile de riein?
2455 262 3263 328 — II était si sensitif, soupira Friedel,
2388 304 3260 380 et revenant à la charge: tu ne venx pas
2382 343 3085 402 nous dire le nom de la femme?
2404 394 3093 456 Encore une fois, Rhode refusa.
2463 442 3255 515 Elle sera célebre sous peu, affirma¬
2388 485 2854 542 t-il, et grüce à Fritz.
2407 522 2804 589 Puls il conclut:
2478 557 3273 637 Son nom passern à la postérité et
2382 614 3259 681 aucnn manuel de Thistoire  de la musique
2383 663 3264 715 ne retiendra celui de notre pauvre ami.
2385 698 3052 763 Ah! La gloire est bien injuste.
2693 749 3244 825 Arthur SCHNITZLER.
2384 815 3269 888 (Traduit de l’allemand par Suzanne CLAUSE
