3436 4224
299 112 499 194 38.
488 109 1237 177 Der Empfindsame
1375 110 1773 193 box 6/4
2704 94 3111 204 CANDTDR
2310 131 2545 219 Eatrat de
491 159 1240 214 Dug asae
2589 200 3212 302 13. Rus du St-Gothard-XIy
2315 236 2488 316 urrssr
2298 333 2435 397 Date
2596 305 3216 416 16 NUVEMBRE 1933
792 644 3081 685 E SENU PIFT
795 691 3144 788 Nouvelle inédite d’Arthur SCHNITZLER
1122 691 2821 860 Tredatite de Patiemane ver ane Srashen
2401 911 3293 988 véritablement recu l'avis d’un médecin et
974 918 2418 1009 r soir-la les jeunes gens schez un médecin, le vingt-quatrième, je
2411 973 3306 1041 Jétais décidée d le suivre arant méme
1539 964 2407 1031 crois. J’avais courn de l’un à lautre, sans
960 991 1541 1052 étaient tristes. IIs pen¬
2419 1010 3018 1081 que d’avoir regagné la Pue.
1539 1021 2411 1070 répit et sonvent sans espoir, demandant
966 1023 1538 1086 saient tous au malheurenx
1538 1059 2415 1111 qur’on ine rendft ma voix, la si jolie voix
969 1070 1542 1126 Fritz Platen qu’ils avaient
2480 1044 3299 1120 & Et voilü. Je passai devant le Café
1541 1102 2413 1149 de mes seize ans. Tous les spécialistes con¬
970 1107 1537 1164 Thabitude de voir parmii
2416 1108 3299 1160 Impérial.,, Allons, ne#te fäche pus, cher
1533 1131 2407 1188 sultes S’y étaient montrés incompétents.
963 1142 1535 1206 enx, dont le sourire, les
2413 1147 3293 1207 Fritz.,, Tantres Mavaient souri avant tol,
1538 1181 2407 1223 g Je ne trouve rien, Mademoiselle!.
652 1161 1537 1251 — #en vis leur Etnient
2415 1191 3312 1246 Javais rencontre benucoup de jeunes
1535 1220 2403 1264 Turassuraient-ils des le debut; néanmolns
965 1229 1535 1277 encore présents. Or, huit
2408 1232 3311 1276 hommes.,, Tu fus le premier au sourire
1542 1258 2408 1307 tous essayaient de me soigner. Tu ne seis
635 1249 1538 1323 jours plus tôt, an lien de venir an café,
2418 1270 3295 1314 duquel je répondis, aurris-tu eu le cou¬
1541 1302 2407 1354 pas ce que Jai sonffert. On m'a badigeon¬
653 1302 1537 1354 Fritz était resté chez Jui, s’était assis à
2425 1298 3302 1354 rage de me suivre sans ceia? Ne m’en
1532 1332 2416 1393 née, electrisée, hypnotisée et massée, oni
651 1338 1535 1394 son bureau et s’étnit tire une balle. Per¬
2411 1332 3297 1413 venille pas non plus de ne pas Tavoir
1531 1376 2411 1422 massé le corps entier pour deux malhen¬
650 1379 1539 1433 sohne ne connaissait la raison du suicide.
2407 1381 3304 1435 avoné la vérité tout de sul“. J’al été sur
1536 1418 2413 1468 reuses cordes vocales qui refusaient leur
650 1423 1530 1476 Fritz Platen était un gentil garçon, jeune,
2423 1427 3303 1473 le point de le faire les premiers jours.
1533 1452 2410 1510 service. On m'a traitée doncement, rude¬
2411 1465 3291 1521 Tai en peur de te contrarier, ta tendresse
651 1463 1529 1511 beau, riche, et tant soit peu sensitif. Ses
1535 1501 2418 1548 ment, voire tendreinent. Chachn m'assul¬
646 1512 1541 1553 amis commentaient sa fin, trouvant Stu¬
2414 1507 3300 1560 s’en serait trouvée diminnée et j’en an¬
1535 1528 2407 1578 rait que je recouvrerais ma voix, chacun
644 1540 1536 1591 pide, on du moins incompréhensible qu'un
2414 1536 3297 1594 rais pati avec tol.,, et Buis, sache aussi
1539 1574 2410 1629 prönait sa méthode et chachn finissait par
653 1583 1535 1638 gentil garcen, jenne. heau, riche, et tant
2414 1583 3311 1642 qu’il m'arrivait par moments d’oublier ce
1540 1612 2403 1664 constater gue Fétais parfaitement hion
2427 1617 3318 1672 dee in derule étre, de m’eprendre de 101;
646 1614 1547 1684 soit peu sensitif se tirät une balle au lien
1537 1650 2417 1711 portante et qusl était impuissant à me
2417 1662 3305 1709 comme d’un amant que T’on a pour 80n
653 1663 1054 1732 de venir au café.
1548 1698 3305 1752 guérir. Bien portante! Moi? Mais leplaisir. Fritz, Jai besoin dêtre ##cère
746 1686 1542 1759 Trop sensitif! dit subitement un des
1538 1743 3304 1789 chant était tonte mnn vie l’Opéra tonte Tenvers toi, je te dois trop pour ne pas
652 1738 1535 1808 Jeunes gens, Albert Rhode, qui avait été le
1537 1770 3294 1828 Tiion ambition. Depuis Tenfance je wavais jPétre, Tu sais que J’al recouvré ma volx,
652 1780 1541 1852 meilleur ami du défunt, dont il était le
1540 1797 2414 1853 rêvé que théätre, que triomphes sur la
2424 1821 3298 1870 ina si jolie voix! Les progrès s'affir¬
654 1827 1163 1896 seul à porter le deuil.
1534 1849 2411 1895 scène. Mon avenir ne pouvait être que
2418 1838 3310 1913 maient de jour en jour. Mon professeur
759 1858 1546 1943 Cominent? demandèrent Friedel et le
1537 1880 2408 1934 celui d’une cantatrice, fétée et célèbre
2414 1893 3308 1954 de chant n’en revenait pas. Les agents,
637 1915 986 1980 petit Wilner.
1553 1932 2047 1992 dans Je monde entier.
2410 1932 3314 1974 devant lesquels Janditionnais, étaient en¬
751 1939 1547 2013 - Sa sensibilité a causé sa mort, reprit
2407 1972 3302 2033 chantés. Enfin, le directeur X.,, du théa¬
643 2007 1538 2060 Albert; du reste, si vous en vonlez la
2421 2011 3312 2066 tre de N.. (Rhode demeurait discret) m’en¬
645 2040 1552 2095 preuve, je vais vous lire une lettre assez
1610 2058 3306 2125 * Trois ans s’écoulèrent dans cette an¬ #tendit Tautre jour et m’engagen immé¬
651 2086 881 2145 curieuse.
1536 2094 3307 2157 goisse. Je changeais de professeur de Glatement pour trois ans avec des Emolu¬
2413 2128 3308 2186 Dments progressifs et l’assurance de chan¬
770 2108 1220 2187 On en a trouvé unc?
1549 2154 2423 2210 chant plus souvent encore que de méde¬
2423 2169 3308 2227 ter les premiers röles. Fritz! Fritz! Je
685 2161 1226 2232 Rhode secoua la téte:
1549 2187 2418 2244 ein. Chacun iie disait que son prédéces¬
2421 2213 3298 2259 suis heureuse! Je vals pouvoir vivre pour
750 2188 1540 2259 Elle n’est pas de Jui, il n’a rien laissé,
1542 2229 2419 2290 seur uiavait abimé la voix et chaque mé¬
2431 2253 3305 2299 cultiver cet art que Jaime, le réve de mon
643 2248 1541 2310 vous le savez. Mais en rangeant ses pa¬
1548 2279 2410 2325 Thode nouvelle devenait pour moi un nou¬
2424 2292 3307 2347 enfance, de ma prime jennesse se réalise.
655 2286 1538 2347 piers ce matin, Fai mis la main sur une
1558 2318 2415 2362 vel espoir. Vaine attente I., Rien ne ser¬
2426 2315 3315 2379 Je vals devenir célebre, tout le monde
645 2327 1545 2397 lettre arrivée le jour du suieide et suscep¬
1551 2356 2423 2405 vait.,, Mon vingt-quatrième médecin seule¬
2418 2362 3313 2419 connaitra mon vom et tu auras la fierté
648 2375 1270 2433 tible d’éclaireir le mystère.
1558 2385 2427 2443 ment (je dis vingt-quatrième pour abré¬
2424 2413 3316 2462 de te dire que dans tes bras je suis deve¬
760 2412 1539 2479 De qui? demandèrent les deux
1549 2444 2418 2489 ger, je suis süre qu'il yen avait davan¬
2412 2449 3315 2496 nue une grande cantatrice.,, Si tu
641 2448 1049 2525 autres, intrigués.
1551 2472 2420 2518 tage) le vingt-quatriéine donc me sauva
2425 2475 3308 2531 m'aimes, comme tu in'en assurais, le sen¬
757 2471 1513 2551 de ne penx vous révéler le nom
1552 2513 2417 2562 en m’indiquant un reinede infailible. De¬
2427 2526 3304 2572 timent d’avolr contribué à mon benheur
646 2526 1546 2599 cette femme qui sans nul doute sera célé¬
1554 2548 2423 2604 Duis, Jai pensé quelquefois que J'avais été
2430 2565 3313 2626 te dédommagera davoir perdu ta maf¬
660 2579 979 2635 bre sous pen.
1549 2588 2420 2647 injuste envers les autres dont les allusions
2421 2595 2611 2667 tresse.
759 2599 1546 2680 D’on vient-elle 7 insistèrent les amis.
1541 2627 2425 2677 Previnrent en mémoire. Ancun cependant
2469 2630 3296 2698 & Ah! comme Jaurais pu t'almer si je
756 2662 1552 2720 Impossible de vous le dire, reprit
1547 2670 2416 2721 de ces vingt-trois n'avait été aussi précis
2427 2680 3310 2741 navais songé tont le temps que tu
640 2705 1479 2770 Albert. Vous devineriez trop aisément.
1550 2713 2413 2767 que le vingt-quatrième dont le conseil,
2422 2733 3320 2790 m'avais été preserit! Adien, Fritz, crols
1546 2750 2423 2790 donné arec une divine brutalité, arait ex¬
759 2740 1540 2815 - Eh bien! lis-la, reprirent en cheeur
2426 2768 3309 2818 bien qu'en te faisant cette confession je
1566 2785 2418 2848 elu Garance toute équivoque. Comment
645 2778 1095 2862 Wilner et Friedel.
2429 2802 3318 2869 sens mes joues mouillées de larmes, et
1559 2829 2419 2887 douter en l’écontant qu’il s’agissait d’une
693 2807 1541 2877 Albert prit dans sa poche un portefeuille
2423 2843 3323 2901 pense avec bonté à une femme qui te res¬
1560 2876 2260 2938 ordonnance sérleuse et efficace.
652 2872 1553 2923 dont il sortit une lettre, pliée en huit. Tan¬
2417 2875 3317 2950 tera reconnaissante aussi longtemps
664 2908 1556 2973 dis qu’il la déployait, les deux autres
2424 2926 3110 2987 qu'elle respirera et chantera. .
1606 2928 1658 2976 C
1647 2910 2426 2977 Parmi ses confrères quelques-uns
652 2945 1541 2999 essäyèrent en valn de déchiffrer la signa¬
1549 2970 2435 3020 avaient dit: & Vous étes nerveuse, Made¬
2507 2957 3311 3036 — Je passe la signature, dit Rhode en,
666 2987 1550 3039 ture. Albert secona la téte et leur tendit le
1551 3004 2420 3059 moiselle, vons devriez vous marler. ,
2424 3000 3324 3081 laissant retomber la lettre sur le marbre
662 3033 1542 3090 papier. La signature arait été soigneuse¬
1557 3043 2426 3095 D’autres m'avaient avec une circonspec¬
2426 3047 2697 3122 de la table.
663 3066 1546 3124 inent grattée, il ne restait sur le papler
1564 3089 2432 3140 tion extrömte, conseille de chunger ma mma¬
660 3111 1349 3168 qu'une place rugneuse et grise.
1548 3119 2437 3183 #nière de vivre; quelques-uns prenaient
766 3126 1550 3210 Qu'importe son nom, dit le petit Wil¬
1548 3167 2364 3227 Tair polisson pöur me demander 8i
2434 3147 3139 3223 Les trois amis se taisalent.
649 3181 1376 3253 ner, quiese piquait d’ètre discret.
1552 3179 2437 3262 Wavals jjamals aimé et d’autres encore d¬
2520 3194 3336 3287 Et tu crols, demanda Friedel, ques
692 3203 1552 3279 Rhode approuva, les pria d’écouter, prit
1559 3238 2431 3299 venaient insolents et prétendaient savolr
2425 3251 2805 3318 c’est pour cela.,
648 3263 1372 3332 da lettre et commenga la lecture:
1546 3272 2429 3333 ce qu'il me faudrait. Ah ! si tu avais vu
2465 3288 3162 3368 Albet Rhode fit oul de la téte.
1549 3317 2427 3386 leurs Fenx à cenx-la.,, ils étaient répu¬
781 3319 1359 3384 Mon Fritz bien-almé 2,
2481 3335 3277 3406 — Nest-ce pas épouvantable de S
1541 3356 2439 3423 gnants! Moi-mème, je pensais quelquefois
694 3365 1539 3414 Rhode s’interrompit, sa voix avait trem¬
2418 3397 3301 3449 croire almé et d’apprendre qu’on vous à
1556 3398 2430 3455 a cette chose, mais tellement ineidem¬
648 3411 1542 3468 blé. Les deux autres, gènés, gardaient le
2420 3433 3178 3492 I pris.,, comnme de lhuile de riein?
1547 3434 2431 3502 ment; l’idée de retrouver ma volx, ma si
655 3452 1544 3503 silence. Rhode se mordit la lévre, secona
1549 3479 2435 3544 Jolie voix, par ce moyen-la, me faisait
2538 3468 3311 3532 II était si sensitif, soupira Friedel,
655 3491 1550 3543 la téte et fit glisser son index ganche entre
1555 3525 2423 3569 rire.,. Seulement le désespoir me gagnait.
2430 3522 3310 3588 Tet revenant d la charge: tu ne veux pas
667 3529 1550 3584 S## eel et son cou. S’étant ressaisi, il pour¬
1557 3556 2423 3604 #I m’arrivait de suivre le traitement de
2432 3558 3149 3622 nous dire le nom de la femme?
663 3575 884 3636 suivit:
1554 3590 2438 3643 trois médecins à la fois; je sortais ent
2459 3609 3162 3669 Encore une fois, Rhode refusa.
746 3607 1545 3666 * Quant tu recevrascette lettre, jje serai
1551 3625 2440 3681 courant de l’un pour aller chez Tautre, i1
2517 3643 3310 3728 Elle sera célehre sous peu, affirma¬
659 3652 1548 3701 tres loin, partie, pour tonjjours peut-être.
1553 3672 2430 3733 me semnblait vivre un cauchemar. Et ina
2437 3700 2914 3749 t-il, et grüce à Fritz.
660 3698 1554 3744 Je n’ai pas voulu te le dire, ccla Faurait
1559 3714 2430 3770 volx restait terne, Jélais fatiguée an bout
660 3733 1555 3788 fait mal, et àmol aussi. Je préférete faire
2475 3740 2859 3808 Puis il conclut:
1566 3756 2434 3811 de denx notes. Pendant ce temps, mes an¬
663 3770 1558 3832 mes adienx paréerit, je garde ainsi le son¬
2520 3774 3317 3841 Son nom passera à la postérité et
1566 3790 2437 3849 ciennes collegues obtenaient des engage¬
667 3808 1550 3860 venir de ton visage souriant et de tes pa¬
2422 3830 3308 3882 auenn mannel de Thistolre de la musique
1549 3829 2426 3884 ments et se faisaient un nom. Je ne dor¬
660 3848 1552 3902 #roles pleines d’espoir g à demain, ché¬
2430 3869 3316 3939 ne retiendra celui de notre pauvre ami.
1556 3864 2431 3927 mais plus, leurs succès ie hantaient, j’en
665 3887 1560 3939 rie,, les dernières sans doute que in
2439 3907 3124 3968 Ah! La gloire est bien injuste.
1560 3914 2428 3965 révais la nuit. Je me demande si tu saisis
669 3933 1558 3984 mauras dites. Si tu avais su la verité, tu
1557 3944 2437 4000 Ie degré de ma souffrance. Un soir, aprés
671 3972 1554 4023 aurais pleuré et tu m’aurais fait pleurer.
2749 3961 3278 4040 Arthur SCHNITZLER.
1562 3988 2445 4045 avoir consulté dans la matinée deux pro¬
675 4009 1549 4071 Quel spectacle! Mienx vant l’avoir évité.
1557 4028 2432 4090 fesseurs de chant et avoir suivi dans
2428 4021 3316 4093 (Traduit de Pallemand par Suzanne CLAUSE
665 4046 1546 4098 Je t'assure due moi aussi je Taime beau¬
1554 4060 2429 4122 Taprés-midi le traitement de deux méde¬
676 4090 1562 4126 stcüd adand Je pense à tol. Je ferme les
