3296 4320
66 264 172 348 1.
1866 184 2264 259 —
423 264 575 330 hie
1357 261 1871 363 box 36/6
197 266 1260 371 Banz Offorints
1286 1089 1628 1173 Herbert Cysarz.
749 1113 856 1175 42
756 1173 2150 1270 und daß sie doch zurücklenkt in Gebild aus Sonne und Kristall):
751 1237 2154 1317 die Wiener Metaphysik der Sinnlichkeit und Sinnlichkeit der
753 1284 2154 1374 Metaphysik bewahrt also die weitere und weichere, verall¬
762 1343 2168 1425 gemeinte und entbrünstete Gestaltung einer fast universalen
767 1392 2160 1462 Systole und Diastole des Alls. So heißt es bei Richard
764 1442 2163 1519 Schaukal, in den Erinnerungs=Betrachtungen „Großmutter (mit
766 1488 2158 1566 dem Untertitel „Ein Buch von Leben und Tod'): „Ist nicht
770 1534 2176 1621 der Tod im Leben, ist er nicht mitten darin, sitzt in uns, um
767 1591 2173 1673 uns, haucht uns an und ist unser Freund und Gefährte? Nicht
774 1628 2173 1721 ein Schlußpunkt ist der Tod, sondern ein begleitender Ton,
772 1676 2176 1755 der durch unser ganzes Dasein rauscht. .. Alle Menschen leben
776 1728 2163 1813 im großen Schatten des Todes, der von Gott ist und ihnen ver¬
772 1779 2180 1868 traut sein soll wie der Duft ihrer Blumen vor dem Fenster,
768 1831 2177 1909 wie dei Hauch ihres Mundes.“ Mynheer der Tod in öster¬
768 1872 2177 1960 reichischer Sicht, der Wiener Tod, der Mozartische Tod: nicht
769 1924 2173 2005 Holbeins klappernder Knochenmann, auch nicht der vornehme
776 1972 2176 2057 Jüngling der Spanier, und nicht der symbolistische Engel mit
780 2022 2184 2110 dem geschlängelten Schwert, vielmehr ein Duft ein Hauch ein
772 2074 2195 2159 Schatten über allen Blüten; er tritt den Menschen nicht an,
781 2140 1599 2208 er begleitet ihn seit der Geburt.
888 2171 2192 2244 Ein Denkmal solcher Art und Kunst ist schon der „Garten
774 2220 2186 2307 der Erkenntnis" Leopold von Andrians: trotz vieler fin-de¬
782 2274 2181 2353 siecle-Preziöselei ein kostbarer Splitter von echtestem Kaiser¬
781 2319 2189 2394 Barock — voll eines schillernden Reigens barocker Antithesen
792 2373 2188 2454 (Ernst des Spiels, Wahrheit der Maske, Natur in der Ver¬
789 2411 2186 2499 wesung, Beharrung durch Wandel), die aber sämtlich einmünden
790 2470 2187 2545 in diesen weitesten Einklang von Tod im Leben und Leben im
784 2515 2192 2599 Tod. Der gleiche Akkord ertönt auch beim frühen Beer¬
791 2573 2195 2653 Hofmann, in der Erzählung „Der Tod Georgs“: halb Mozartisch
786 2637 2196 2693 und halb Chopinhaft anmutende Variationen über das Thema
792 2659 2191 2743 Jenseits im Diesseits und Diesseits im Jenseits. Auch Emil
795 2714 2195 2792 Lucka folgt mit einem reflexionsstarken und handlungsträgen
791 2765 2141 2843 (mehr lyrischen als epischen) Ich=Roman „Tod und Leben“ —
792 2823 2197 2887 teils in den Wagnerischen Bahnen seines Freunds Otto
799 2857 2184 2936 Weininger, teils auch schon mit barock=impressionistischen Ak¬
798 2911 2196 2997 zenten. Viel musikalisch=lauterer, allerdings märchenhaft=ver¬
794 2954 2199 3056 dünnter schwingt ein gleicher Klang auch in Thaddäus Rittners
805 3017 2196 3090 Transparenz der Bilder und Entsubstanziiertheit der Worte.
801 3056 2205 3143 Und eben dieses ist ein Nerv der Weltgesichte noch des
813 3103 2203 3195 Paracelsus, der neuerdings nicht nur in Wien gründliche Aus¬
810 3152 2201 3255 gabe (von Bernhard Aschner) und gültige Auslegung (durch
814 3218 2208 3291 Franz Strunz) empfangen hat, sondern auch Wiedererweckung
813 3264 2213 3343 in der Roman=Trilogie des Oesterreichers Erwin Guido
817 3302 2210 3381 Kolbenheyer. Auch in der Dichtung Arthur Schnitzlers waltet
809 3362 2212 3431 Eros=Thanatos! Würde und Ernst auch dieser Kunst liegt
817 3410 2211 3488 in der Selbsttranszendenz des Spiels des Abglanzes des
808 3462 2219 3545 Augenblicks zu dem durch solche Selbstaufhebung ebenso er¬
802 3525 2230 3598 weckten wie verhüllten Unendlichen. Auch hier, einerlei ob in
