3296 4320
-1 1265 56 1325 ika
-1 1363 64 1426 hil
-1 1510 53 1571 Sc
-5 1705 71 1766 ind
352 223 1417 335 Pamphlets Offprints
370 1042 715 1131 Herbert Cysarz.
231 1147 1241 1217 us nicht unwürdig des Armen Spielmanns“
226 1218 1229 1278 hmmers“ und des „Malte Laurids Brigge
229 1260 1239 1324 fenbarungen österreichischer Art): eine stilistisch
227 1314 1242 1364 Dostojewskis religiösen Realismus und an
236 1361 1249 1424 Mysterien“ gemahnende Mythisierung eines
230 1412 1248 1459 sten Staaten= und Seelengebilde, die diese
239 1456 1246 1523 hat... Im Uebrigen entwickeln aber die durch
249 1509 1239 1552 Monarchie=Systems entbundenen Schollen¬
249 1557 1239 1608 Willens= Knet= und Spannungs=Energien,
231 1588 1233 1661 chkeit der Renaissance einschließen (Wildgans
234 1661 1244 1725 ire wecken hier gute Hoffnung) und die auch
237 1709 1225 1774 ich eine gewisse Nachblüte des Anzengruber¬
226 1760 1233 1818 en lassen. Ein Haupt=Erbe indes der neu¬
229 1800 1235 1870 lionistischen Wiener Dichtung um 1900 ist
227 1852 1242 1919 choanalytischem und individualpsychologischem
234 1906 1236 1952 Symptom jener allgemeinen Säkularisierung
232 1945 1243 2012 urch theoretische Momente, die in unseren
241 1996 1244 2067 e Revolutionen der Dichtung als auch alle
235 2044 1235 2124 Wissenschaft speist (viele heutige Umwälzungen
239 2096 1233 2168 htung und rechts in der Wissenschaft ent¬
237 2150 1229 2198 ade unter uns so epochal sich wandelnden
236 2197 1232 2258 en Poesie und Theorie, Bild und Begriff,
232 2239 1233 2316 nschaft). Die Dichtung freilich hat zunächst
246 2298 1234 2363 n Geisteskriegen der Gegenwart auch dieser
231 2344 1246 2410 stofflich zu folgen vermocht — vielleicht aber
229 2396 1238 2458 erwandlung psychoanalytischer Struktur (nicht
239 2441 1239 2490 in dichterische Substanz (nicht bloß Motivik)
241 2488 972 2563 k der poetischen Zukunft Wiens.
228 2541 1219 2616 ich brütet Dämmerung unabsehbarer Ueber¬
219 2596 1238 2668 nde Donaumonarchie hat keinen Zola geboren,
223 2658 1233 2716 arde, nicht einmal einen Heinrich Mann — nur
229 2703 1237 2767 kne. Die einen kennen das Alte nicht mehr (die
237 2747 1219 2816 alber in Werfels „Tod des Kleinbürgers
232 2796 1233 2863 klus anführen will), die anderen finden das
248 2847 1232 2915 (so Hofmannsthal in seinen jüngsten Lust¬
241 2895 1228 2945 tschen Reich ist vieles Oesterreichische zu nah
256 2964 1231 3016 man gleichsam die historische Gerechtigkeit
244 3001 1226 3050 anderseits doch zu fremd, als daß es nicht
247 3042 1237 3097 s kommen müßte. Und überdies ist Wien,
233 3095 1235 3165 gigste Mittelpunkt des vielzüngigsten Groß¬
239 3143 1230 3208 nicht binnen einem Jahrzehnt zur Alpen¬
230 3186 1236 3266 hrden... Angesichts solcher Schwierigkeiten,
237 3244 1229 3299 weigen oder verkleinern darf, ruht all unsere
248 3292 1227 3357 ungeheuren Seelenspannung, die sich immer
249 3339 1229 3405 en Wesens Wesen offenbart: Deutschland
236 3401 1232 3455 lege der großen Zweischneidigen, der Nietzsche
241 3439 1241 3506 s Luther, die nicht gleichmäßig fortstrahlen
254 3490 1248 3561 rselbst gleichsinnig fortgären wie ein Shake¬
2049 152 2460 223 —
1563 226 2023 313 box 36/6
2874 1057 3024 1149 51
1907 1071 2758 1153 Alt=Österreichs letzte Dichtung (1890—1914).
1630 1185 3038 1244 speare, sondern über sich selbst hinaus den Schöpfer Polemos
1631 1244 3028 1296 entzünden, in jedem trotzigsten Nein das feurigste Ja erweckend
1636 1284 3032 1339 und umgekehrt, radikal nach den fernsten Extremen hin aus¬
1637 1330 3035 1395 schwingend — und Deutschland ist die Mutter antithetischer
1638 1383 3028 1441 Dioskuren wie Schiller und Grillparzer, Beethoven und
1644 1424 3036 1485 Mozart, George und Rilke und zahlloser anderer, die schon
1643 1482 3031 1539 als solche Zeugnis legen von jener grandiosen Polarität, der
1636 1523 3030 1574 Nietzsche= und der Schiller=Kontrapunktik, die in Zukunft (ge¬
1635 1574 3031 1636 fördert oder gehemmt durch die äußeren Umstände) die hier
1643 1627 3039 1685 gesichteten Stoffe dem Blutkreislauf der deutschen Dichtung
1647 1671 3046 1722 immer unscheidbarer anverwandeln (nicht gleichmachen, sondern
1639 1723 3033 1782 durch Spannung binden), den hier gemusterten Formen An¬
2389 1764 3044 1830 nun immer unbezwinglicher
1638 1776 2322 1828 teil gewinnen wird an dem
1648 1809 3047 1886 herauswuchtenden — weltgeschichtlichen Gesamtprofil des deut¬
1649 1873 1972 1939 schen Geists.
2245 2082 2427 2159 *
3115 4073 3303 4162 Mung ineaer
