3296 4320
379 252 442 308 6
179 239 1361 353 1aphlets offorints
296 958 637 1043 Herbert Cysarz.
178 1062 1167 1141 broßstadt=Ergebung: den „Tubutsch' Albert
172 1122 1160 1178 seinem halb impressionistischen und halb ex¬
181 1172 1173 1241 ick in die Linzer Straße (den Wiener White¬
181 1229 1166 1291 os und pfeilgerad in Vorstadt=Elend und
201 1274 1166 1332 Und Altenberg=Gesichte, Altenberg=Zeich¬
190 1326 1165 1397 bei Karl Kraus, inmitten aller Zeit=Kritik
175 1345 553 1432 hus=Polemik.
175 1432 1162 1498 sche Metaphysik des Bluts und ihre Formen¬
182 1481 1166 1544 n noch an der Gestalt Rainer Maria Rilkes
181 1524 1156 1592 fbeschworen! Rilke ist unser höchster Im¬
190 1579 1152 1627 Ueberwinder des Impressionismus, Ueber¬
181 1615 1161 1689 engräber: Wie Stefan George aus neu¬
190 1675 1158 1742 bolismus, der „Hymnen“ der „Pilgerfahrten“
242 1731 1164 1782 nicht durch Eliminierung der jugendlichen
183 1778 1165 1839 durch Equilibrierung des Pols durch den
177 1823 1166 1888 klassischem Monumentalstil erhebt; wie selbst
195 1877 1159 1935 aus der Psychologie des Verfalls“ seiner
176 1899 1169 1990 ks den weltschmerzlichen Zerrissenheiten der
193 1975 1161 2035 noch des „Tonio Kröger' in Goethes und
198 2001 1169 2085 sich läutert zu neuidealistischem Lebens= und
180 2064 1159 2134 er wie Hofmannsthal aus dem Elektra¬
184 2111 1168 2183 entalisierten Antike — die Spaltung zur
268 2169 1171 2233 emporsteigt zum antikisierten Orient der
187 2213 1169 2283 ten'=Novelle — in gleich kontrapunktischem
179 2262 1166 2333 er Lage=Verschiedenheit der hier betretenen
180 2313 1162 2386 fke den Weg aus aparten und faszinierenden
257 2368 1165 2421 und gleichzeitig härteren Linien. In
183 2404 1163 2482 ilke singen und sagen gelernt, vogel= und
206 2462 1160 2516 wie Jacobsen und schwebend in zeitlosen
185 2518 1165 2567 e, einfältig und überfeinert zugleich wie
202 2543 1156 2625 das offene Ich und die offene Form und
188 2606 1154 2663 gott (nicht Georges geschlossene Griechen¬
200 2654 1161 2726 t das Hofmannsthalische Wissen um alles
180 2711 1151 2777 her, die Existenz in allem Irgendwo und
179 2754 1172 2823 eeilhabe an allen nahen und fernen Bezügen,
181 2806 1154 2857 htsbang und mütterlich=opferstark (gerade die
188 2859 1156 2929 frauenlebens hat Rilke seherisch gestaltet)
175 2892 1171 2960 adt und Angst“; Tod ist in allem Leben,
189 2968 1157 3017 anken aus der nackten Leibheit in die nie
184 2999 1157 3070 hkeit, in jedem Schritt grüßen unsichtbar
180 3056 1154 3120 köme und ferne Seufzer und innere Ver¬
187 3100 1158 3156 in den „Aufzeichnungen des Malte Laurids
181 3157 1154 3217 valissche Allegorien und Baudelairesche
187 3197 1154 3271 es=Orgien voll grandioser Transparenz des
189 3248 1149 3317 Physiologischen. Aber bereits der Herr und
194 3299 1169 3369 kt auch einen anderen Sauerteig in den
194 3346 1150 3410 sensibilität strebt Rilke auch zur Glocken¬
197 3404 1166 3477 enbuchs“ (der Ausdruck gewinnt zuweilen
1984 163 2404 241 4——
1507 242 1975 334 box 36/6
2823 938 2940 1027 19
1813 963 2686 1043 Alt=Österreichs letzte Dichtung (1890—1914).
1542 1071 2937 1129 die Inbrunst des Gebets), zur konzentrierenden nicht irritie¬
1554 1113 2939 1176 renden Vitalität der „Neuen Gedichte“ („Immer verwandter
1552 1176 2932 1225 werden mir die Dinge, Und alle Formen immer angeschauter"),
1553 1210 2943 1280 zum flügelleichten Lied und doch auch wie aus Parischem
1546 1258 2933 1316 Marmor gemeißelten Epitaph des „Cornets Christoph Rilke“
1551 1308 2936 1379 (kostbar auch als Einswerdung von Seele und Natur und
1557 1358 2944 1422 Geschichte); und schließlich (in den „Duineser Elegien, schon
1556 1407 2931 1472 im Doppel=, Requiem“, am wuchtigsten in den „Letzten Gedichten“
1557 1454 2878 1521 im dritten Band der Gesamt=Ausgabe) bäumt Rilke sich¬
1556 1504 2939 1569 in kühnster Spannung zu den Herbstesschatten romanischer
1547 1566 2911 1618 Reizsamkeit und Frühlingsdämmern slawischer Zerflossenheit —
1556 1615 2934 1667 in eher gotische als barocke Kantung und Klüftung empor:
1555 1652 2940 1718 auf dem Grenzrain von Impressionismus und Expressionismus
1552 1712 2946 1761 entschwindet Rilke dem Blick, und eben diesen Rilke bekennt
1556 1747 2950 1820 so Trakl wie der junge Werfel, Busoni widmet ihm seinen
1556 1798 2948 1860 „Entwurf einer neuen Aesthetik der Tonkunst', und unter den
1548 1845 2949 1911 Manuskripten neuösterreichischer Neutöner ist fast zu 50% dieses
1552 1907 1910 1976 spiritus Rilke.
1655 1950 2948 2023 So viel an ersten Typen und Strukturen! Diese Dichtung
1561 2006 2940 2061 wahrt einerseits innigste Heimat=Verbundenheit (noch da wo
1562 2055 2940 2121 sie lokalem Dialekt, geschichtlichem und landschaftlichem Hinter¬
1994 2107 2944 2170 zugleich aber webt sie in weitesten kon¬
1556 2110 1995 2174 grund entsagt) —
1564 2166 2949 2218 tinentalen Zusammenhängen: Ihr Barock ist das breiteste Ein¬
1559 2212 2953 2259 fallstor europäischer Renaissance, ihr Impressionismus der tiefste
1559 2268 2955 2314 Einbruch der europäischen Neuromantik und Dekadenz in die
1564 2313 2955 2362 deutsche Dichtung. ... Nördliche Anschlüsse gelingen vorzüglich
1557 2338 2956 2404 dem Naturalismus (der seit den neunziger Jahren die Wiener
1565 2407 2950 2463 Theater besiedelt, vereinzelte Brücken auch zum Impressionis¬
1569 2441 2945 2503 mus schlägt, bei Schnitzler und Wassermann etwa, und
1562 2492 2947 2550 jüngst in Schönherrs Holzschnittkunst manieristischen Gipfel er¬
1558 2551 2946 2608 klimmt), Nord=Auschluß glückt auch dem jüngeren Expressio¬
1563 2612 2952 2653 nismus (der freilich keinerlei örtliche Einheit mehr wahrt),
1569 2642 2947 2698 und dem heute leider am üppigsten blühenden Cklektizismus.
1560 2690 2945 2747 Mehr selbstgenug natürlich bleibt die alpenländische Heimat¬
1556 2738 2957 2794 kunst (Gotthelfisch=realistisch bei Rosegger und Eichendorffisch¬
1570 2796 2952 2863 jungromantisch bei Rudolf Hans Bartsch, bei beiden freilich
1569 2837 2956 2908 in Epigonal=Dimension, fast neokatholisches Bauernbarock bei
1568 2891 2950 2950 Enrica Handel=Mazzetti oder auch ihrer jüngsten Stil=Ver¬
1569 2941 2952 3000 wandten Paula Grogger). Und solche Alpen=Dichtung be¬
1568 2994 2944 3048 gegnet auf Wiener Boden dem Prager Einstrom, dem ana¬
1567 3041 2958 3100 lytischen Okkultismus der Meyrink und Troß und der syn¬
1558 3095 2967 3142 thetischen Metaphysik der Werfel und Gefährten — insonder¬
1559 3131 2950 3190 heit erscheint Franz Kafkas hinterlassener Roman „Das Schloß“
1568 3184 2964 3244 wie eine außerordentliche „Phänomenologie“ des geborstenen
1561 3239 2960 3293 Zentral= und Beamtenstaats (unbeschadet freilich auch der reli¬
1562 3294 2963 3339 giösen Deutung des Herausgebers Max Brod), voll tiefster
2805 3320 2958 3387 gleich
1576 3347 2736 3394 Blicke in österreichisches Wesen und Gemeinwesen
1580 3385 2970 3447 manchem in der frühen Lyrik Hofmannsthals und in Schnitzlers
1598 3432 2507 3511 Preußische Jahrbücher. Bd. CCXIV. Heft 1.
1513 3698 1736 3799 S
2048 3697 2141 3803 8
2286 3697 2370 3799 20
2433 4132 2642 4179 B
