3296 4320
2008 188 2251 270 —
1209 282 1252 342 S
1374 267 1890 352 box 36/6
100 263 1284 380 1. Panphlets, offprint.
760 1143 865 1219 40
1285 1151 1634 1223 Herbert Cysarz.
754 1258 2157 1313 geordnet werden, eine Art Geruchs=Kaleidoskop oder Schnaps¬
762 1316 2156 1353 Orgel bauen läßt, auf der er seine Impromptus für Mund= und
761 1360 2161 1422 Nasenschleimhaut übt. Solche und ähnliche Pariser Techniken
759 1399 2164 1475 werden bereits von Hermann Bahr, dem Impresario des Wiener
761 1456 2165 1522 Impressionismus, an die Donau verpflanzt — praktisch im
756 1506 2165 1552 Roman „Die gute Schule“ (1890), kritisch vorzüglich in den
759 1550 2157 1611 Aufsätzen „Die Ueberwindung des Naturalismus (1891)..
855 1608 2152 1662 Freilich, dem Wiener Treiben fehlt der viel vergötzte große
750 1644 2169 1719 Wurf des Condottiere — die stärkste Ausnahme macht Georg
756 1701 2163 1752 Trakl, geradezu der österreichische Rimbaud, wie eben nur
751 1758 2160 1821 Rimbaud zugleich berserkerlicher Urwaldmensch und nervöser
758 1809 2160 1864 Verfallsmensch, mit einem Hauch von Grünewald und einem
744 1852 2147 1903 Flug von Gryphius, bald zärtlich hingeschmiegt an Wein¬
758 1901 2152 1970 geländ und Glockenlaut, bald aber auch apokalyptisch auf¬
753 1952 2159 1999 gebäumt voll jener wahrhaft Dürerischen „Melancholia“, wie
752 2000 2148 2044 sie in den letzten drei Vorkriegsjahren gewitterschwül die deutsche
743 2057 2159 2109 Lyrik durchbebt — Trakls Harfe birst früh und jäh nach den
759 2096 2151 2156 Schlachten bei Lemberg (wie ja auch seine immer noch nächsten
753 2147 2146 2191 Nachbarn, der 1912 ertrunkene Georg Heym und der 1914 ge¬
756 2187 2157 2250 fallene Ernst Stadler, den schönen Tod der Gewalt sterben).
754 2243 2159 2285 Die meisten anderen indes sind Hüter der Tranquillität! Noch
753 2293 2155 2337 in der müdesten Pariser Dekadenz — das Wort natürlich
2030 2344 2091 2390 — 1
743 2333 1986 2406 nur als Lebensform nicht Krankheitsform verstanden
742 2400 2151 2451 Dekadenz eines Seefahrer=Volks; ihr Boden ist gedüngt vom
738 2418 2148 2502 Blut der Revolution und der Bartholomäusnacht; und ihre
751 2492 2147 2545 Stadt bewahrt in unsterblichen Lettern den Giganten=Ductus
748 2532 2155 2582 Napoleons. Indessen vielleicht nur im angedeuteten Wiener
755 2586 2156 2636 Klima, der unheroisch=unpolemischen In=sich=Versunkenheit teils
752 2636 2152 2690 des zytherischen Idylls teils des spanischen Zeremoniells, kann
748 2687 2147 2739 Dichtung in solchem Maß Essenz und Extrakt alles Daseins
752 2736 1955 2790 werden, das Henkaipan, fast der Ersatz des Lebens
2000 2739 2148 2797 nur
740 2782 2141 2835 hier vermag der Impressionismus so tief in das Innere zu
750 2828 2147 2885 dringen, über die Uebereinstimmung mit dem Pariser Kolorit
751 2881 2156 2939 hinaus. Jede Vergleichung des Vergleichbaren in diesen beiden
744 2923 2144 2973 Städten erweist, um wie viel unterirdischer das Wienerische ist
752 2975 2146 3043 neben dem beispiellosen äußeren Reichtum des Pariser Welt¬
740 3031 2146 3079 theaters: Das romanische Blut bewährt noch in der décadence
747 3074 2145 3127 die radikalste Aktualität, es zeitigt Gestalt und Bewegung,
738 3131 2150 3172 es formt die primären Male der Seelen und Dinge — das
745 3185 2140 3243 Wiener Blut aber prägt vornehmlich die sekundären Eigen¬
743 3226 2142 3286 schaften, mehr raunend und webend als leuchtend und knallend,
738 3278 2157 3343 heimlich auf lange Sicht arbeitend, gleichsam nur latente
759 3327 1834 3390 Energie — dies allerdings voll letzter Hingabe:
839 3370 2147 3418 Man kost den Augenblick (Nietzsches „azurnen Augen¬
741 3418 2146 3494 blick“ Verlaines „heure bleue“), man spricht „Verweile doch,
745 3475 2144 3523 du bist so schön“ (so sprechen, Atemzug für Atemzug, alle
738 3520 2143 3581 barocken Parks und Salons und Skulpturen), man läßt das
737 3567 2148 3622 Flüchtigste der Liebe und Schönheit durch sachteste Finger
2557 3435 2622 3494 ge
2562 3483 2689 3546 schleck
2559 3531 2723 3595 Größte
2563 3577 2803 3664 und Wagr
