3296 4320
1847 159 2266 251 —
99 242 1902 344 1. Pamphlets, offprints box 36/6
738 1126 858 1196 46
1265 1120 1617 1211 Herbert Cysarz.
732 1215 2149 1286 wie es der Aufsatz „Dichter und Leben' fast Nietzschisch,
743 1289 2154 1342 jung=Nietzschisch umschreibt (der Symbolismus hält es eben
749 1339 2156 1390 mit dem jüngsten Nietzsche, wo der Naturalismus vorzüglich dem
746 1392 2148 1455 spätesten folgt): „Das Wissen um die Darstellbarkeit tröstet
737 1447 2147 1504 gegen die Ueberwältigung durch das Leben; das Wissen um
733 1489 2143 1542 das Leben tröstet über die Schattenhaftigkeit der Darstellung.
746 1541 2146 1584 So sind sie miteinander verbunden; dies wird eine schwache
738 1583 2142 1636 Begabung herabziehen, eine starke emportreiben“. Nie aber
735 1635 2141 1689 entschlägt sich noch Hofmannsthals klassizistischer Mittag der
749 1678 2155 1750 schweifenden Fernblicke und der wogenden Allgefühle: der
747 1745 2155 1798 Grundschwingung, die — sie allein darf hier in Rede stehen
810 1783 2143 1852 in seiner frühesten Lyrik und Lyrodramatik am klarsten zu¬
737 1834 2141 1889 tag liegt: In jedem Halm begegnen sich Einzel= und
738 1878 2145 1942 Weltseele; der Atem des Sklaven bewegt auch das Herz
735 1939 2153 1997 des Tyrannen; der frönende Heizer im feurigen Schiffs¬
749 1974 2144 2045 bauch hat teil am Gelächter des Knaben hoch oben auf
740 2024 2155 2075 dem Promenadedeck: „Doch ein Schatten fällt von jenen
746 2086 2151 2138 Leben In die anderen Leben hinüber, Und die leichten sind an
742 2126 2149 2186 die schweren Wie an Luft und Erde gebunden." Eine durch
744 2198 2162 2245 und durch anti=revolutionäre und anti=aktive Haltung, geradezu
747 2223 2144 2276 eine Stabilisierung der Welt, Vergangenheit und Zukunft gar
750 2272 2155 2335 nicht unterscheidend, jedes Verhältnis zwischen Ich und Du
740 2320 2151 2365 auflösend in die zeitlose Beziehung zwischen Ich und All, die
755 2370 2161 2417 Phantasie jedes Willens=Auftriebs entkleidend bis in das
752 2427 2154 2483 Traumhafte: „Und drei sind Eins: ein Mensch, ein Ding, ein
740 2472 2151 2528 Traum.“ Aus solchem Teig bildet Hofmannsthal Schöpfungen
747 2521 2153 2572 ebenso voll des geheimnisreichsten Flutens wie von mikro¬
739 2576 2155 2629 kosmischer Organisiertheit (dieser mindestens in den Gesichten,
752 2626 2131 2682 wenn auch immer seltener in den Gestalten), bei oft barock
752 2668 2147 2722 metaphysischer Responsion der Motive, eben durch Fernung
751 2719 2147 2777 des Erlebnisses von unerahnten Hintergründen Besitz ergreifend.
745 2771 2154 2832 Hier ist der vorweg nach Musik verlangende, musik=geborene
748 2822 2152 2878 und musik=gebärende Ozean, dem dann — anscheinend oft nur
743 2861 2130 2924 lose angeschwemmt, in Wahrheit oft voll Qual emporgewühlt —
750 2904 2159 2977 bald selige Inseln, bald finstere Riffe entsteigen: Auch Hof¬
752 2959 2154 3012 mannsthals Grundspannung ist die dionysisch=apollinische
743 3005 2158 3070 Polarität der „Geburt der Tragödie, nur eben in barocken
756 3067 2151 3118 Seelenstoff und Geistesraum übersetzt — solche Doppelheit aber
754 3103 2153 3170 (vielfach verleibt schon durch das Widerspiel von orientalischen.
752 3160 2154 3205 und antik=mediterranen Motiven) wird in den größten Augen¬
752 3221 2169 3281 blicken seiner Kunst, so in der „Frau ohne Schatten'=Novelle,
744 3272 1652 3322 zu vollendeter Kontrepunktik geläutert..
844 3307 2159 3369 Trägt jener All= und Allebens=Sinn Hofmannsthals viele
745 3365 2147 3412 in weiterer Hinsicht romantische (neuromantische) Male, so speist
743 3415 2154 3477 die Reiz=Psyche der Wiener Dichtung die impressionistische
756 3460 2162 3522 Manier. Der Herr dieser Insel ist freilich kein Dichter, sondern
750 3517 2156 3575 der Musiker Richard Strauß (der allerdings noch manches
740 3563 2171 3629 andere ist: etwa der Schöpfer der „Elektra“ und des „Rosen¬
2787 1098 3283 1191 Alt=österreichs letzte Dich
2517 1209 3273 1292 kavaliers“ und der „Frau ohne Sch
2885 1271 3279 1339 rgt einen noch wei
2525 1277 2810 1345 in die Musi
2526 1309 3290 1395 mag er als Musiker von vornherein
3069 1367 3289 1430 ken Hinter
2532 1374 2789 1443 Abgründe
3114 1402 3290 1480 ister de
2518 1430 2699 1493 berufen
2968 1466 3290 1532 siker: eine spezi
2528 1474 2813 1541 der malerisch
3112 1513 3289 1575 die wis
2526 1520 3013 1588 Musik (nicht durchgeh
3135 1557 3278 1629 Eulens
2521 1576 2795 1637 illustrative
3141 1611 3277 1670 „Bour
3081 1622 3142 1671 en
2734 1624 2789 1679 lus
2542 1627 2655 1690 sagen
2980 1663 3278 1727 oder ein Bi
2533 1669 2709 1738 hereinst
3005 1711 3284 1776 in (pittores
2543 1722 2801 1784 durchblätter
2939 1762 3292 1827 len, oder Schli
2544 1769 2772 1831 der Alpen
2983 1806 3296 1877 Süßigkeiten or
2543 1819 2660 1881 Bau
3095 1856 3294 1922 Wagner
2545 1874 2668 1928 roma
3139 1906 3289 1969 der 2
2709 1917 2756 1981 isc
2537 1920 2707 1983 Dichter
3152 1946 3306 2018 n 2
2554 1970 2616 2028 E
2596 3304 2709 3369 fruch
3232 3285 3289 3387 ar
2590 3353 2700 3420 noch
3194 3382 3294 3444 Orn
2592 3400 2757 3461 in Gel
3118 3427 3304 3501 Polgars
2984 3440 3045 3498 Ifr
2579 3445 2869 3514 kritischen Kr
2586 3477 3293 3560 wertvoller sind als der drau
2593 3531 3305 3620 Spuren färben ein verwandte
2753 3837 2854 3946 0
2835 4065 2899 4107 810
2861 4120 3132 4185 A
2671 4112 2848 4190 G
