3296 4320
1071 306 1292 379 ints
1452 312 1910 395 box 36/6
224 314 1290 421 Panphlets Offpf
637 1259 733 1327 38
1165 1266 1505 1349 Herbert Cysarz.
632 1359 2024 1454 des Wachens und Hinhorchens, bis zur Stigmatisierung („Juar¬
622 1419 2028 1497 dandolo tremo di castità“). Solches Geblüts zeichnet Rilke
631 1483 2033 1535 den Helden Harald, der gleichzeitig vorwärts und rückwärts lebt,
625 1524 1992 1597 sein eigenes Schicksal erfüllt und das aller Ahnen aufsaugt —
636 1571 2020 1634 und der mit Hofmannsthal sagen dürfte: „Ganz vergessener
623 1626 2021 1693 Völker Müdigkeiten kann ich nicht abtun von meinen Lidern“
652 1683 2024 1721 — das vielbewußte „Ahnen“=Motiv der österreichischen Dich¬
628 1714 2026 1771 tung: wir Atmenden sind immerzu in allen die da waren und
623 1770 2024 1837 in allen die da kommen werden. Die Zeit ist nicht, wie Goethe
634 1814 2039 1877 sagt, divitiae meae und ager meus; sie ist vielmehr, wie
615 1881 2029 1921 mutatis mutandis auch bei gewissen Russen und bei vielen
633 1924 1989 1989 Spaniern und bei den Indern, vanitas vanitatum vanitas!.
624 1961 2029 2022 Auch hier freilich bleibt das Augustinische Paradox gegenwärtig:
625 2008 2032 2091 Zeit ist entweder Zeitstrom, unsterbliches Kontinuum, oder Zeit¬
626 2076 2017 2128 punkt, vergängliches Au — und man kann nicht das eine von
617 2115 2016 2165 beiden bejahen ohne dadurch das andere zu verneinen. Ein Be¬
624 2163 2026 2230 griff wie die Bergsonsche „durée réelle“ hält es durchaus mit
627 2217 2025 2287 jenem zeugenden Strom und hat nicht einmal einen Seitenblick
626 2268 2011 2320 für die Schauer der Flüchtigkeit; in Wiener Poesie aber be¬
624 2321 2012 2353 deutet Zeit oft ausschließlich den unwiederbringlichen Augen¬
620 2359 2020 2414 blick, in aller seiner Schattenhaftigkeit und Schwermut, ohne
624 2411 2023 2469 Augenaufschlag zum Wandelhaft=Dauernden — hier also wird
612 2465 2013 2502 der Zeitpunkt bejaht, der Zeitstrom verneint, etwa in jener
621 2508 2010 2563 von Extrem zu Extrem oszillierenden Metaphysik der Ver¬
609 2563 2019 2617 gänglichkeit, wie sie im ersten Akt des „Rosenkavaliers zu
618 2613 2014 2653 Sprache und Musik geworden ist: „Die Zeit, die ist ein sonder¬
609 2665 2013 2725 bares Ding. Wenn man so hinlebt, ist sie rein gar nichts. Aber
620 2696 2011 2768 dann auf einmal, Da spürt man nichts als sie: Sie ist um uns
620 2753 2011 2825 herum, sie ist auch in uns drinnen. In den Gesichtern rieselt
617 2806 2011 2857 sie, im Spiegel da rieselt sie, In meinen Schläfen da fließt sie,
614 2854 2023 2908 Und zwischen mir und dir da fließt sie wieder. Lautlos, wie
612 2911 2005 2952 eine Sanduhr“ ... Hier überall sind die tieferen Gründe
613 2964 2008 3020 der Ruhe, die ja auch zu den sprichwörtlichen Attributen des
605 3010 2007 3069 Wieners gehört — ein Fluidum, das nicht nur ästhetische
602 3054 2002 3094 Horizonte zieht, sondern auch sittliche Gebote gibt: Ein Grill¬
605 3096 2008 3164 parzer bricht den Stab über alle entschlossene Tat; bei Hegel
605 3147 2003 3219 oder Schiller hat vorweg der Handelnde recht (und dem Denker
610 3199 2008 3240 erübrigt nur, das Wagnis zu rechtfertigen); für Grillparzer
609 3258 2004 3318 aber (wie auch für den verwandten Schopenhauer) bleibt alles
614 3294 2003 3350 kühne Vorwärts beinah als solches Frevel oder Torheit. Hegel
612 3342 2008 3400 sieht in Napoleon den Weltgeist reiten; Schopenhauer hingegen
600 3400 2001 3446 dünkt alles Kriegen und Siegen der Weltgeschichte nur sinn¬
601 3446 2001 3506 loses Wüten von blut= und beutegierigem Pöbel; Grillparzer
611 3487 2007 3543 nun hegt freilich kein solches Ressentiment, er blickt nicht ver¬
595 3531 1997 3614 ächtlich aus einem Sdeenhimmel in ein theatrum stultitiae
608 3580 2007 3668 herab, doch auch er liebt nicht den, der das Unmögliche begehrt,
609 3638 2014 3692 sondern scheut allen fernhin treffenden Willen als Sünde und
600 3701 2012 3767 Hybris und Pakt mit dem Teufel. (Darum sind Grillparzer
2043 229 2251 309 —
2646 1268 3302 1346 Alt=österreichs letzte Dichtung (1
2379 1365 3303 1444 und Schopenhauer die beiden großen, i#
2379 1436 3279 1498 zwei einzigen anti=historischen Geister
2380 1470 3300 1544 Gegner der Weltgeschichte, die von der G
2371 1519 3303 1596 lebt, und Diener der Geistesgeschichte, die
2368 1576 3296 1642 webt.) Natürlich entspricht das zum Teil
2373 1619 3291 1683 Katholizismus — nicht freilich auch dem
2376 1670 3298 1736 In dieser Hinsicht ist ja Grillparzer nich
2370 1726 3297 1783 Stifter, der doch den quietistisch=asketischen
2383 1767 3273 1841 „Alle Leidenschaft ist immer unsittlich“
2378 1800 3303 1881 ein Dogma der Keuschheit gefährdete, si
2386 1878 3283 1928 unkontrollierten Impetus in die Welt
2383 1918 3294 1977 aber ergibt sich hier — und das ist der
2376 1973 3303 2025 Zusammenhang — die Wahlverwandtscha
2385 2014 3302 2074 romanischer Kultur, insonderheit zu den fr.
2374 2062 3293 2128 und Asra der Modernität: zum Verlai##
2385 2122 3294 2176 „mourir en beauté“ zur melancholischen „
2382 2151 3302 2219 Benjamin Constant= und Alfred de Mu
2381 2218 3290 2273 zur Aeolsharfen=Poesie der Symbolistes u
2385 2248 3303 2321 züglich Verlaine ist den Wienern fast e
2384 2316 3274 2370 körperung der lautersten Kontemplation —
2376 2350 3300 2421 Stück Aas mit dem hellen Herzen des
2378 2403 3291 2458 des Farbenhörens und Tönetastens Rüch
2378 2457 3301 2520 geopfert; er hat in seinem „Art poétique“ d
2381 2499 3279 2568 Kunst auch kanonisiert: die Meisterschaft
2394 2555 3293 2616 schweigens, das „deviner peu à peu“, di
2395 2602 3289 2669 nicht Objekts, den Stil nicht der Worte
2386 2648 3293 2719 der Rhythmen und Akzente, kurzum jen
2390 2700 3293 2750 Literatur, mit unheimlichen Zugängen zu
2394 2753 3262 2809 lockt, zwingt und wirkt“ (Nietzsche)...
2390 2798 3293 2853 Impressionismus ein ewiger Altersstil: e
2384 2845 3276 2897 der Goethe zuerst im „West=östlichen
2381 2894 3295 2952 Zauberstab führt; ein Saitenspiel des sp
2383 2949 3278 3007 wie der greise Oedipus heimtastet nach
2385 2984 3302 3066 der er vordem so brüsk auf den Nackeng
2388 3037 3294 3111 Schüssel auch, in die der alte Rembra
2389 3099 3290 3146 reichstes Wissen um sich und die Ding
2398 3146 3290 3197 Impressionismus freilich, aller Alters
2393 3186 3301 3253 fühlt sich als „tempus inchoativum“: A
2394 3239 3285 3299 steigen in die Neurone, die „petites
2389 3264 3300 3336 kommnen sich von Stunde zu Stunde,
2396 3343 3303 3397 (oder Oskar Wilde) züchtet man den U
2389 3383 3294 3452 einen eindruckstrunkenen „culte du mo
2386 3435 3291 3505 der Satanik Barbey d'Aurevillys und
2394 3478 3298 3539 Stendhals, Bourgets „états d’ämes“ gege
2391 3535 3295 3590 réalité“, und Nachahmung erntet auch Jor
2399 3587 3296 3639 den Helden des Esseintes in seinem Noma
2389 3625 3297 3695 Fibel nicht nur des gallischen Impression
2398 3675 3297 3764 ätherischer Oele oder aus Batterien von Lik
