3296 4320
2104 192 2365 281 —
162 280 1977 377 1. Pamphlets, Offprints box 36/6
1772 1064 2887 1155 Alt=Österreichs letzte Dichtung (1890—1914). 37
211 1085 556 1168 Herbert Cysarz.
1492 1162 2888 1241 Persönlichkeit — und auch dieses macht ihn zum Schutzgeist der
152 1171 1092 1263 Nietzsche den enervierendsten Ausdruck für
1494 1226 2232 1302 Wiener Dichtung noch um 1900.
156 1245 1099 1312 blicke voll frevelhafter Schönheit“ eine
1588 1283 2898 1355 Alle Lebendigkeit auch dieser Poesie ist vorweg nicht so sehr
163 1270 1101 1355 sterschaft in allen „Tönen eines schwer¬
1493 1341 2884 1389 Vitalität des Willens (wie diese in weiten Strecken der pro¬
163 1339 1108 1402 n Glücks“ die eindringlichsten Farben für
1486 1399 2887 1456 testantischen Literaturen den Vorrang behauptet, etwa der eng¬
162 1374 1102 1453 uckeligen Klippe und schmeichelnden Welle
1479 1452 2872 1501 lischen) als vielmehr eine eigentümliche Gefühls=Vitalität —
166 1439 1100 1513 gsglut — und hierin ist Nietzsche zugleich
1480 1507 2889 1550 alles Leben ist vorab Betrachten, Horchen und Lauschen und ver¬
163 1489 1095 1551 saines. Diese letzteren Züge nun sind es,
1495 1531 2887 1588 stehendes Sich=anschmiegen, kein „Vorwärts“ und kein „Durch“.
162 1540 1093 1597 Biener Dichtung einverleibt (wie der Ber¬
1492 1582 2885 1632 Im Weltbild eines Hofmannsthal scheint oft geradezu die Zeit
160 1594 1096 1650 an Nietzsches Willens=Gewalten: an die
1488 1635 2888 1692 zu fehlen: Ein jedes ist in einem jeden, alles Geschehen ist nur
162 1631 1087 1699 ung aller Werte“ an das „Mit=dem¬
1486 1682 2882 1731 das vorübergehende Erscheinen eines Zustands der kein Vorher
160 1678 1089 1752 ken“ an das imperialistische Eroberungs¬
1493 1729 2891 1803 und kein Nachher kennt, das Ich ein Universum in dem es kein
160 1719 803 1810 gelium sich geheftet hatte).
1487 1770 2896 1830 Streben und Werden gibt. In diesem Reich wird selbst das
162 1798 1091 1854 erst nur in raschesten Rückblick zusammen¬
1492 1826 2885 1879 Drama entweder zum Spiel oder zum Traum — noch Hof¬
169 1842 1098 1899 erden nun liegt überall ein Nerv auch noch
1487 1871 2891 1952 mannsthals jüngster „Turm' verkörpert die schwierige Zwitter¬
162 1892 1097 1951 Alt=Oesterreichs eingeschlossen: Windstille
1484 1922 2889 1984 form eines historischen Mysteriums — wie etwa Schnitzlers
161 1940 1090 2012 er Kunst und Geistigkeit, Sosiego, manch¬
1490 1978 2895 2040 Dramen, bei allem Seelenblick und aller metaphysischen Per¬
174 1985 1092 2046 irrte Luft des Krankenzimmers. Es ist
1485 2033 2881 2085 spektive, in Hinsicht der drastischen Fabel, der reinen Ereignis¬
174 2038 1106 2105 nur seefahrendes Volk, das jenen Formen
1484 2075 2891 2131 Kurve, der Tat= und Willens=Motivationen oft schlechterdings
174 2095 1106 2151 s Ethos und die Aesthetik des „Navigare
1482 2117 2876 2178 nicht ernst genommen werden können (und auch gar nicht sollen).
162 2146 1086 2205 nest necesse“; es ist ein nur an Einzel¬
1480 2176 2882 2233 Und manches streift fast an Maeterlinck, der ja das säkulare Ex¬
161 2185 1093 2245 gebirg oder mit karger Kruste kämpfen¬
1476 2215 2887 2273 periment unternimmt, noch aus dem Drama (dieser Kunstform
161 2237 1095 2308 ielfach satt in tausend Ränke der Kabale
1494 2274 2887 2329 des Wollens kat’ exochén) die Zeit auszumerzen: die Blinden
162 2286 1087 2342 eschwichtigtes Volk. Ueberall duldend=be¬
1482 2309 2896 2379 sitzen um einen Toten herum, doch werden sie des nur allmählich
174 2329 1098 2396 hl, seelische Feinheit und Zersplitterung,
1493 2367 2880 2427 gewahr; der Tod steht am Bett einer Kranken, doch vorerst nur
165 2386 1100 2450 wenig Schicksal! Grillparzers Antipode
1492 2406 2879 2473 der Greis in der Ecke hat seine Ankunft vernommen; das trau¬
169 2431 1093 2491 fortreißendes Vorbild dessen, wie ein
1484 2459 2879 2521 liche Rund der Familie ist, lang vor jeder Botschaft, schon um¬
172 2484 1105 2547 end mittleren Kräften durch seine Sendung
1487 2521 2885 2568 düstert vom Ertrinkungstod des jüngsten Töchterchens — alles
169 2536 1080 2590 gen wird: viele in jeder Hinsicht durch¬
1482 2564 2885 2616 Geschehen also bleibt Schein oder Trug; Maeterlinck offenbart
164 2584 1086 2639 sten werden in Schillers Schöpfung und
1480 2614 2882 2668 eine tragische Atmosphäre (wie einst das romantische Schicksals¬
172 2625 1085 2689 ientale gesteigert; Grillparzer aber offen¬
1487 2657 2885 2718 drama), kein tragisches Handeln und Ringen; natürlich tötet
173 2681 1098 2737 glich allseitig überragender Genius durch
1491 2704 2880 2760 solche Sicht allen heldischen Willen: das bekannteste Wort des
167 2731 1092 2791 durch Ausbleiben alles kairös unter sich
1477 2748 2884 2806 bekanntesten Dramas (Maeterlincks „Monna Vanna') heißt
159 2771 1100 2838 pird. Schiller baut auch aus wohlfeilem
2026 2812 2878 2859 noch die Liebe der Wiener (und ins¬
1487 2796 2001 2864 „Seid nicht heroisch“.
169 2837 1044 2886 aus Sandstein, bisweilen aus Lehm —
1480 2846 2890 2910 gemein neuromantischen) Dichtung zum Tristan' gilt immer auch
169 2865 1096 2934 hklopisch trutzendes Bollwerk; Grillparzer
1489 2901 2883 2961 dem in excelsis unheroischen Mythos Europas. (Man ahnt an
172 2925 1092 2984 anten, doch es bleibt meistens bei unge¬
1487 2947 2894 3011 dieser Stelle, welch umstürzende Wucht der Lebensbegriff Henri
159 2969 1106 3036 denen Kristallen. Schiller wird nationaler
1485 2992 2875 3055 Bergsons, ganz und gar auf die Werte der Zeit nicht des
170 3017 1105 3084 hma Fest= und Weihespiel dadurch, daß
1485 3040 2883 3093 Raums gegründet, in diese statische Sphäre trägt: der epochale
169 3070 1102 3133 siberpersönlichen Bindung, ein Klassiker der
1490 3091 2882 3150 Ansprung einer — in Oesterreich nur allzu schüchternen — Ge¬
170 3117 1094 3180 r der Ananke — noch die Kleinen Großes
1487 3163 2883 3213 genbewegung.) ... Solchem Schlag blutsverwandt ist auch Rilke,
167 3169 1100 3232 auch schwachen Willen in starke Geschicke
1487 3205 2874 3256 ein Seher voll grandioser Rezeptivität, auf Kosten aller¬
212 3226 1094 3282 in brüchigem Tun und Gelingen die
1488 3236 2881 3299 femininster Tat= und Willenlosigkeit; Rilkes Buch über Rodin
178 3267 1096 3332 erte emporwallen läßt; hingegen Grill¬
1487 3297 2880 3351 ist zugleich das vielleicht feinnervigste wie das vielleicht
179 3319 1096 3380 s aus den menschlichen Nöten des Eigen¬
1475 3339 2883 3401 weibischeste, das in unserem ganzen Kulturkreis ein Mann über
175 3370 1090 3428 hen Tugenden des Realisten Psycholo¬
1478 3385 2878 3440 den anderen schreiben konnte; wohl über jeder Seite könnte
178 3414 1098 3475 n gewinnen: sein ist die unerhörteste Be¬
1473 3431 2884 3497 Rilkes Vers stehen: „Und meine Seele wird ein Weib vor dir“:
176 3469 1098 3527 lärsten und des Subjektivsten, des priva¬
1481 3494 2895 3570 es rührt an einen manchmal schier byzantinischen Paroxysmus
200 3522 1118 3580 geheimsten Schrullen und Schnörkel der
