3436 4224
1009 45 2473 170 Peaien dei Peneielise Unt. Vensenten uit 1. eee
1021 131 2486 210 German-speaking countries might venture to give an unauthortzed per¬
1011 201 2502 256 formance. This was one of the reasons that induced him in the spring of
1011 238 2500 318 1010 to inquire from Max Reinhardt whether he still considered & public
1014 307 2494 376 production of Reigen opportune. Under date of April 10, 1910, the latter
1013 364 1484 451 answered as follows:
1012 451 2483 514 Ich halte die Aufführung Ihres Werkes künstlerisch nicht nur für opportun, son¬
1024 481 2502 558 dern für unbedingt wünschenswert. Dabei ist allerdings Voraussetzung, daß bei
1027 534 2498 599 den Gefahren, die in der Gegenständlichkeit des Stoffes liegen, das Werk nicht
1022 594 2504 650 in unkünstlerische und undelikate Hände kommt, die es der Sensationslust eines
1024 632 2492 712 allzu bereiten Publikums ausliefern könnten, Ich nehme aber bestimmt an, daß
1032 683 2497 761 sich die Bedenken durch eine völlig sensationsfreie, reine künstlerische und dis¬
1016 740 2498 824 krete Inszenierung überwinden lassen . .. Sie dürfen in jedem Fall versichert
1021 811 2501 860 sein, daß ich aus den schon wiederholten Gründen mein volles künstlerisches
1028 838 2508 911 Interesse Ihrem Werk widmen werde und unbedingt dafür Sorge trage, daß es
1023 897 2115 965 auf dem höchsten künstlerischen Niveau herauskomme.?!
1074 948 2508 1014 Onthe strength of these assurances Schnitzler reached an agreement
1028 985 2511 1072 with Reinhardt according to which Reigen was to be staged in one ofthe
1033 1055 2502 1141 latter’s theatres not later than January 31, 1920. For practical reasons
1027 1105 2506 1197 Reinhardt failed to observe the stipulation regarding the time limit. Be¬
1039 1162 2510 1244 sides, the general political constellation seemed temporarily unfavorable,
1026 1214 2517 1289 a matter in which Schnitzier concurred with Reinhardt. Under date of
1028 1277 2514 1340 April 24, 1920, however, the latter assured the author that he was not
1033 1325 2526 1404 contemplating to turn Reigen over to some other theatre, as had been
1031 1393 2518 1451 rumored.?2 but reiterated his intention to produce these dialogs himself.
1029 1451 2515 1521 In the summer of 1920, however, Reinhardt relinquished the manage¬
1044 1484 2519 1570 ment of his theatres. His successor, Felix Holländer, took over the pend¬
1045 1545 2527 1631 ing contracts, including that for Reigen. The new director had a personal
1040 1603 2513 1685 conference with the author, seeking his consent to produce Die Schwes¬
1036 1661 2518 1737 tern in the Kammerspiele and Reigen as Ensemblegastspiel des Deut¬
1048 1714 2527 1788 schen Theaters’ (as had been done the previous season with Wedekind’s
1042 1766 2528 1853 Die Büchse der Pandora) in the Kleines Schauspielhaus which was under
1044 1840 2526 1906 the direction of Gertrud Eysoldt and Maximilian Sladek. The staging
1047 1881 2538 1954 of Reigen was to be entrusted to Hubert Reusch, personally known to
1044 1952 2524 2008 the author as an excellent régissenr. As the reputation of these people
1054 2011 2530 2068 offered suflicient guarantecs, Schnitzler consented.2 He makes it clear,
1045 2046 2530 2115 however, that from the moment be gave his consent he accepted full re¬
1057 2119 1991 2190 sponsibility for the production and continues:
1092 2157 2522 2247 Trotzdem bleibt es nach wie vor niemandem verwehrt, im Reigen mit Maxi¬
1044 2242 2524 2305 milian Harden nichts anderes zu sehen als eine Reihe“'schon süßlich angeschim¬
1050 2279 2538 2366 melter, in jedem Sinn unplatonischer Gespräche über Lust und Leid der
1050 2342 2530 2410 Paarung;'' jedem stcht es auch weiterhin frei, das Experiment einer Reigen¬
1049 2401 2544 2454 Aufführung, wie ich selbst es so lange Jahre hindurch tat, für problematisch, ein
1057 2438 2541 2523 gelungenes für mißglückt und sogar ein behördlich approbiertes noch immer für
1060 2484 2544 2558 strafwürdig zu erklären, ja ich bin fern davon, jeden, der so denkt, für einen
1062 2540 2533 2608 Philister und Dunkelmann und jeden, der für das Bühnenrecht des Reigen ein¬
1058 2592 2488 2661 tritt, schon darum für einen Kunstkenner und Freiheitskämpfer zu halten.2
1094 2647 2539 2724 Before proceeding with the rehearsals, Maximilian Sladek and Hubert
1053 2700 2528 2770 Reusch went to Vienna where they spent several days conferring per¬
1060 2765 2542 2826 sonally with the author regarding every detail of the production.2 The
1060 2811 2551 2898 actors and actresses were selected with great care“ and pains were taken
1073 2888 2547 2954 to avoid everything that might conceivably have given offence. With
1069 2914 2545 3011 this in view cuts or textual changes were made on no less than forty-one
1073 2965 2547 3058 pages.?“ Furthermore, instead of a naturalistic presentation of these
1068 3024 2548 3108 scenes, the whole production was greatly conventionalized, the“Stil¬
1075 3085 2537 3154 bühne'' was substituted for the“ Illusionsbühne.?’ The interiors re¬
1073 3136 2549 3215 mained practically the same, for instance, with only minor changes and
1072 3194 2555 3272 variations. This principle applied also to the acting and all superfluous
1076 3232 2560 3331 motions and gestures were avoided with the object of subordinating the
1069 3316 1826 3399 external action tothespoken word.“
1102 3387 1791 3457 15 Tossische Zeitung, November 23, 1905.
1101 3441 1959 3495 16 Cf. Schnitzler’s letterto Giampietro, cited above.
1102 3505 1811 3546 Neues Wiener Journal, August 25, 1917.
1104 3530 1935 3604 18 Berliner Zeitung am Mittag, November 24, 1917.
1107 3587 2552 3641 19 Cf.“ Berichtigung. Ein paar Worte zum Gutachten Maximilian Hardens über den¬
1076 3621 2241 3682 Reigen.'Von Artur Schnitzler, Neues Hiener Journdl, January 30, 1921.
1107 3672 2552 3745 20 The Wiener Mittags-Zeitung. November 25, 1020, reports that Director Bernau, Josef.
1068 3724 1964 3800 Jarno, and Dr. Geyer had sought the rightsto Reigen.
1112 3769 1648 3834 a1 Cf.“ Berichtigung, loc. cil.
1115 3819 1844 3875 2 Cf. also Der Kampf um den Reigen, p. 253.
1108 3833 2406 3930 23 Cf. also Felix Holländer’s testimony in Der Kamzf um den Reigen, pp. 190 fl..
1120 3908 1561 3978 24“ Berichtigung,' loc. cil.
1109 3940 1792 4035 25 Cf. Der Kampf um den Reigen, p. 25 f.
1121 4005 1372 4063 26 Ibid., p. 32.
1120 4035 2550 4099 27 In the fourth scene, for example, wherethe woman says: Rasch, Alfred, gib mir meine
1095 4065 2562 4148 Strümpfe,' the last word was replaced by“ Schuhe.' Inthe same scene the passage where
2268 4122 2555 4184 at hamet Sir
