3436 4224
1174 80 2635 146 alloi. Hereiten Puidliteurns Aer Tesier un Kaniitten 1. e
1176 144 2637 194 sich die Bedenken durch eine völlig sensationsfreie, reine künstlerische und dis¬
1169 186 2634 247 krete Inszenierung überwinden lassen ... Sie dürfen in jedem Fali versichert
1167 230 2644 298 sein, daß ich aus den schon wiederholten Gründen mein volles künstlerisches
1162 289 2650 326 Interesse Ihrem Werk widmen werde und unbedingt dafür Sorge trage, daß es
1163 337 2253 396 auf dem höchsten künstlerischen Niveau herauskomme.?
1216 380 2636 453 Onthe strength of these assurances Schnitzler reached an agreement
1168 438 2643 506 with Reinhardt according to which Reigen was to be staged in one ofthe
1174 501 2653 564 latter’s theatres not later than January 31, 1920. For practical reasons
1165 547 2641 608 Reinhardt failed to observe the stipulation regarding the time limit. Be¬
1169 602 2646 669 sides, the general political constellation secmed temporarily unfavorable,
1173 657 2661 727 a matter in which Schnitzler concurred with Reinhardt. Under date of
1177 717 2641 778 April 24, 1920, however, the latter assured the author that he was not
1168 764 2649 821 contemplating to turn Reigen over to some other theatre, as had been
1168 827 2643 882 rumored,? but reiterated his intention to produce these dialogs himself.
1171 888 2647 949 In the summer of 1920, however, Reinhardt relinquished the manage¬
1176 939 2638 1008 ment of his theatres. His successor, Felix Holländer, took over the pend¬
1166 984 2647 1058 ing contracts, including that for Reigen. The new director had a personal
1167 1054 2641 1113 conference with the author, seeking his consent to produce Die Schwes¬
1177 1107 2649 1163 tern in the Kammerspiele and Reigen as“ Ensemblegastspiel des Deut¬
1183 1170 2661 1222 schen Theaters“ (as had been done the previous season with Wedekind’s
1182 1216 2645 1284 Die Büchse der Pandora) in the Kleines Schauspielhaus which was under
1175 1263 2650 1335 the direction of Gertrud Eysoldt and Maximilian Sladek. The staging
1176 1338 2660 1393 of Reigen was to be entrusted to Hubert Reusch, personally known to
1185 1389 2661 1450 the author as an excellent régissenr. As the reputation of these people
1180 1428 2657 1491 offered suflicient guarantees, Schnitzler consented.? He makes it clear,
1175 1488 2652 1560 however, that from the moment he gave his consent he accepted full re¬
1179 1545 2118 1626 sponsibility for the production and continues:
1215 1614 2650 1689 Trotzdem bleibt es nach wie vor niemandem verwehrt, im Reigen mit Maxi¬
1181 1684 2657 1751 milian Harden nichts anderes zu sehen als eine Reihe“schon süßlich angeschim¬
1176 1726 2661 1781 melter, in jedem Sinn unplatonischer Gespräche über Lust und Leid der
1172 1779 2657 1844 Paarung;' jedem stcht es auch weiterhin frei, das Experiment einer Reigen¬
1184 1831 2658 1896 Aufführung, wie ich selbst es so lange Jahre hindurch tat, für problematisch, ein
1179 1888 2657 1963 gelungenes für mißglückt und sogar ein behördlich approbiertes noch immer für
1181 1941 2659 1997 strafwürdig zu erklären, ja ich bin fern davon, jeden, der so denkt, für einen
1174 1987 2650 2051 Philister und Dunkelmann und jeden, der für das Bühnenrecht des Reigen ein¬
1180 2039 2615 2098 tritt, schon darum für einen Kunstkenner und Freiheitskämpfer zu halten.“
1228 2072 2664 2138 Before proceeding with the rehearsals, Maximilian Sladek and Hubert
1175 2138 2649 2219 Reusch went to Vienna where they spent several days conferring per¬
1182 2207 2656 2271 sonally with the author regarding every detail of the production.2 The
1189 2243 2671 2308 actors and actresses were selected with great care“ and pains were taken
1189 2306 2673 2377 to avoid everything that might conceivably have given offence. With
1183 2371 2668 2435 this in view cuts or textual changes were made on no less than forty-one
1176 2421 2657 2488 pages.?“ Furthermore, instead of a naturalistic presentation of these
1186 2484 2667 2542 scenes, the whole production was greatly conventionalized, the“ Stil¬
1186 2522 2656 2581 bühne' was substituted for the “Illusionsbühne.? The interiors re¬
1181 2585 2668 2648 mained practically the same, for instance, with only minor changes and
1187 2646 2666 2713 variations. This principle applied also to the acting and all superfluous
1187 2688 2673 2763 motions and gestures were avoided with therobject of subordinating the
1195 2759 1932 2816 external action to thespoken word.28
1208 2827 1913 2897 15 Vossische Zeilung, Nevember 23, 1905.
1223 2875 2081 2942 16 Cf. Schnitzler’s letterte Giampietro, cited above.
1220 2909 1933 2979 VNeues Wiener Journal, August 25, 1917.
1221 2968 2043 3030 18 Berliner Zeitung am Mittag, November 24, 1017.
1218 3012 2670 3084 19 Cf.“ Berichtigung. Ein paar Worte zum Gutachten Maximilian Hardens über den.
1188 3064 2344 3113 Reigen.! Von Artur Schnitzler, Neues Wiener Journal, January 30, 1921.
1211 3107 2664 3184 20 The Wiener Mittags-Zeitung, November 25, 1920, reports that Director Bernau, Josef.
1182 3156 2060 3218 Jarno, and Dr. Geyer had sought the rightsto Reigen.
1222 3201 1735 3264 21 Cf.“ Berichtigung, loc. cif.
1225 3227 1950 3312 2 Cf. also Der Kampf um den Reigen, p. 253.
1224 3271 2495 3359 23 Cf. also Felix Holländer’s testimony in Der Kamp um den Reigen, pp. 190 fl.
1213 3348 1666 3399 24“ Berichtigung,' loc. cil.
1210 3378 1887 3450 25 Cf. Der Kampf um den Reigen, p. 25 f.
1215 3433 1476 3489 25 Ibid., p. 32.
1221 3453 2653 3534 27 In the fourth scene, for example, where the woman says:“ Rasch, Alfred, gib mir meine
1186 3529 2653 3573 Strümpfe,''the last word was replaced by“ Schuhe.'' In the same scene the passage where
1185 3562 2661 3622 the young man takes off his vest and therefore does not have his watch at hand, was
1179 3613 2657 3658 eliminated (ibid., p. 31). Even after the dress-rehearsal Ludwig Fulda suggested toning
1178 3663 2663 3717 down certain other passages in this scene. This advice was followed and these passages later
1190 3718 2664 3762 omitted (ibid., p. 202 f.). Cf. also the summary of changes in this scene as enumerated by
1185 3751 1614 3816 the court (ibid., p. 430).
1215 3770 2663 3849 28 For discussions of this phase of the production cf. the expert opinions of Emil Lind,
1191 3836 2655 3898 régisseur of the Lessing-Theater in Berlin (ibid., p. 249), and of Arthur Eloesser (ibid., H.
1192 3883 2080 3953 263), as wellas the opinion of the court (ibtd., p. 430).
