3436 4320
923 69 2382 188 erden sehennengenngenangenense enennencennne
915 172 2381 220 Bube und eine dumme Dirne waren! Es ist wie wenn er ein Hundepaar vor einer
903 220 2379 295 Aphroditestatue sich paaren licße!.. Die Aufführung war unkünstlerisch, kul¬
906 268 2383 326 turfeindlich, vom Standpunkt jeder Sittlichkeit aus unsittlich ... Die Gedan¬
911 322 2388 373 kenstriche sind bei diesen kleinen Sauspielen die Hauptsache: der Aktus ist der
909 363 1269 438 Held dieser Akte.
955 438 2381 515 This review was destined to have consequences more far-reaching than
903 489 2377 578 was apparent at the moment. In the course of the summer several writ¬
899 563 2379 635 ers for clerical papers took up the huc and cry against Reigen, notably a
903 612 2377 681 Dr. Kausen in Die M'ahrheit and a Dr. Sigl in the Bayrisches Vuterland.
907 665 2377 749 On October 20, 1903, Deputy Dr. Schädler violently attacked the Aka¬
899 735 2375 801 demisch-Dramatischer Verein in the Bavarian. Diet. None of these men
899 770 2376 855 had witnessedthe performance or even read the book. Dr. Kausen later
909 826 2390 911 declared that his criticism was based on the article in the Allgemeine
898 896 2371 956 Zeitung and Dr. Schädler also quoted this paper. Presently the Bavarian
906 931 2370 1023 Ministry of Education and Religion took a hand in the affair by request¬
899 1001 2385 1081 ing the rector of the University of Munich to institute proceedings
896 1068 2390 1142 against those students who had taken part in the performance. After due
907 1113 2099 1174 deliberation the University Senate dissolved the society.?
952 1170 2368 1248 Some papers found it strange that no action was taken until many
908 1219 2385 1275 months after the performance. Although condemning the performance
894 1272 2375 1339 of Reigen, the Berliner Neueste Nachrichten (December 1, 1903) pointed
901 1336 2379 1411 out the questionable procedure of the university senate, deploring es¬
904 1388 2367 1467 pecially the waning of academie freedom in that the university authori¬
897 1460 2369 1521 ties allowed themselves to be influenced in their jurisdiction by minis¬
896 1499 2379 1556 terial decrees. It considered this all the more reprehensible as the minis¬
894 1554 2380 1643 try had acted, not on its own initiative, but as the result of clerical
896 1619 2383 1681 agitation, a charge that was not refuted. In Vienna meanwhile Hermann
900 1668 2379 1725 Bahr rallied to the defencc of Reigen by announcing a public reading of
903 1730 2368 1786 the book in the Bösendorfer Saal for November 8, 1903, which was, how¬
898 1777 2381 1847 ever, promptly forbidden by the police. Bahr at once appealed to the
901 1835 2384 1891 Statthalterei. On November 4 he had a personal consultation with Prime
893 1893 2370 1952 Minister Dr. v. Körber. Accroding to report,!“ Bahr’s remark that the
885 1936 2381 2015 government might fear anti-Semitic demonstrations at the reading was
899 2001 2371 2070 passed over in silence by the minister. Bahr also pointed out that
890 2059 2369 2117 10,000 copies had already been sold without interference on the part of
901 2105 2371 2193 the government. Among other things he submitted the following in.sup¬
897 2163 1269 2254 port of his plea:
894 2218 2366 2304 Es hat unserer Publizistik an dem Mut gefehlt, öffentlich für das Werk Schnitz¬
888 2305 2368 2373 lers einzutreten. Gewiß, viele unserer Schriftsteller und Kritiker erkennen den
884 2356 2371 2424 literarischen Wert der Dichtung Schnitzlers voll an, aber in keinem Blatte ist ein
897 2410 2369 2460 Artikel für das Buch erschienen. So wurde das Werk eines Dichters totge¬
898 2462 2377 2519 schwiegen, ja schlimmer als das, dem Unverstande und der Gehässigkeit
893 2502 2361 2578 preisgegeben. Durch die Vorlesung will ich den Folgen dieser Unterlassung ent¬
882 2561 2374 2610 gegentreten und will in den Hörern die Erkenntnis erwecken oder die Uberzeu¬
888 2614 2378 2657 gung bekräftigen, daß es sich hier um ein literarisches Werk handelt, daß die
891 2660 2363 2736 Form des Ganzen und die Idee, die ihm zu Grunde liegt, es zu einem Kunstwerke
897 2720 2375 2766 machen, daß die heiklen Situationen, die in ihm vorkommen, nicht in den Dienst
887 2766 2374 2837 frivoler Spielerei, sondern ernster Gedanken gestellt, und nicht um ihrer selbst
896 2819 2375 2904 willen, sondern aus künstlerischen Gründen mit künstlerischer Notwendigkeit
894 2861 1207 2930 behandelt sind.
888 2944 2375 2996 The appeal, however, failed to change the government’s attitude. On
885 2997 2370 3067 Friday, November 21, 1930 a reading of Reigen was given before the
886 3054 2369 3112 Freitag-Vereinigung, a private literary society in Breslau, by Marcell
894 3112 2366 3197 Salzer in the Riegner Saal“mit fabelhafter technischer Virtuosität und
887 3182 2018 3247 feinster, aber keine Pointe verfehlender Diskretion.?!!
933 3237 2370 3292 As an instance of the unpleasant consequences that followed in the
891 3290 2372 3356 wake of Reigen Schnitzler relates that in March, 1904, the widow of a
898 3336 2353 3391 tailor in Vienna called on him to inform him that her son had been ex¬
895 3394 2374 3454 pelled from the Gymnasium because he had borrowed a copyof the book
897 3444 1329 3516 from a schoolmate.
947 3498 2360 3578 On March 16, 1904, the book was confiscated in Germany at the in¬
895 3547 2368 3618 stigation of the prosecuting attorney's office in Berlin.? In September of
887 3621 2357 3680 the same year Ludwig and Otto Cyriacus, the two partners of the firm
888 3670 2371 3729 Karl Knobloch, wholesale bookdealers, were summoned before the
890 3725 2374 3784 criminal court in Leipzig, charged with the sale of Reigen. They pleaded
891 3773 2361 3842 not guilty and were acquitted, but the further sale of the book was for¬
892 3837 2367 3885 bidden for all of Germany. Against this decree the owner of the Wiener
893 3903 2369 3970 Verlag, Fritz Freund, appealed, unsuccessfully, tothe Supreme Courtat
880 3945 2359 4011 Leipzig. This prohibition of Reigen was later extended, according to an
896 4008 2359 4068 announcement of the prosecuting attorney's office in Leipzig, to include
896 4054 2374 4138 the Polish translation published in Cracow under the title Taniec mi¬
896 4106 1220 4197 losci i Zycia.!4
