3392 4256
1245 137 1855 212 Viennese Die Zeit, as follows:
1259 206 2736 275 Von einer lautlosen, unmerklichen, man müßte sagen von einer liebenswürdigen
1245 277 2733 332 Grausamkeit ist der Reigen. Und nur ein lächelnder Mann konnte ihn schreiben,
1248 315 2727 378 in der üppigen und gefährlichen Laune des Reif- und Sattwerdens. Ich meine. in
1245 363 2722 432 jener Stunde, in der enttäuschtes Jugendfühlen, des Hoffens und der Klage müde.
1251 426 2720 488 anfängt, nach Beschwichtigung zu suchen, und. vom Einzelschicksal abgewendet.
1251 469 2732 535 des Weltlaufs sich besinnt ... Es ist viel lebensstarker Humor darinnen . die
1256 529 2729 588 Nüchternheit des Reigens, seine unbedenkliche Brutalität, die in zehn schleier¬
1256 561 2724 642 losen Gesprächen zehnmal der Liebe spottet, die zehnmal nur die gierige, listig¬
1247 621 2735 682 verlogene, ihren Trieben unterworfene Kreatur zeigt, und uns zehnmal
1260 670 2737 728 erschreckt . Schnitzler hat oft gefährliche Neigung. Spielereien wichtig zu
1252 730 2733 795 nehmen. Jetzt: Wichtigkeiten spielend zu behandeln. Darin liegt vieles: innere
1250 778 2369 856 Ruhe, Gleichgewicht, Weltanschauung, Verve-kurz: Reise.
1293 841 2723 913 The publication of Reigen had somewhat the effect of a bombshell.
1252 925 2734 983 The majority of papers, among them the Neues Wiener Tagblatt, simply
1255 974 2745 1043 washed their hands of it by refusing to review it. The Neue Freie Presse
1257 1021 2733 1088 listed it under“ Books Received'' on April 26, 1003, but one searches its
1257 1069 2730 1152 columns in vain for a discussion of it. The Neues Wiener Journal and the
1260 1123 2743 1186 Abendpost dodged the issue by citing the derogatory criticism that had
1259 1178 2742 1254 appeared in the Allgemeine Zeitung of Munich. Outside of the feuilleton
1256 1248 2728 1320 by Salten, cited above, the writer has been able to locate only a few ar¬
1260 1320 2748 1369 ticles that commented favorably on the work.“ Other prominent papers,
1256 1371 2744 1417 such as the Vossische Zeitung (Aug 13, 1903) and the Hamburger Nuch¬
1266 1405 2754 1492 richten (June 21, 1903), deplore the publication of the book because of
1270 1469 1936 1539 their admiration for the author.
1308 1488 2752 1572 Onthe other hand, articles condemning Reigen and often filled with
1273 1566 2743 1634 violent invective were not lacking. A critic signing his article Fr. T. (Fr.
1260 1627 2745 1708 Törnsee) severely took Schnitzler to task in Neue Bahnen (May 1, 1930):
1271 1695 2752 1772 Reigen ist nichts als eine Schweinerei oder, ist das zu deutsch, eine Cochonnerie,
1270 1763 2751 1826 die bloß der Esprit eines Parisers oder die Satire eines Künstlers, der moralisch
1269 1809 2743 1879 hoch genug steht, um das Lüsterne des Themas sachlich verurteilend zu be¬
1259 1862 2753 1940 handeln, aus dem Reiche des Pornographischen in das Gebiet der Kunst hätte
1266 1927 1676 2006 emporheben können.
1296 1988 2749 2064 Not to lag behind, the editor of the last-named publication, Ottekar
1272 2071 2755 2125 Stauf von der March, became downright abusive in an article published
1266 2094 2750 2175 over his full signature in the Ostdeutsche Rundschau (May 17, 1903), re¬
1268 2175 2743 2232 vealing incidentally his anti-Semitic bias which played such a large röle
1268 2232 2203 2309 in the later phases of the history of Reigen.
1302 2300 2737 2364 Der Verfasser stellt sich in die Reihen der gewissenlosen Sudler, deren mephi¬
1262 2350 2745 2422 tische Erzeugnisse die Spalten der sogenannten Wiener Witz’-Blätter ad ma¬
1262 2396 2751 2465 Jorem Veueris vulgiragae gloriam füllen ... allenthalben der bekannte Toelor
1271 2450 2752 2539 Judaicis zu spüren ist mit hündischer Geschlechtsgier geschrieben, daß es
1271 2521 1537 2581 einem ekelt.
1305 2586 2742 2657 It is not surprising, finally, to find the Deutsche Zeitung of Vienna cast¬
1269 2649 2091 2734 ing aspersions on Schnitzler’s character:
1313 2742 2736 2787 Es läßt sich daraus nur das eine entnehmen, daß der Verfasser das Metzen¬
1276 2767 2746 2846 wesen aller Stände in Wien genau in Augenschein genommen hat und aus diesen
1274 2824 2322 2914 Kreisen die ethischen Momente seiner Psychologie holt.
1309 2900 2744 2968 Not satisfied with his original attack, Fr. Törnsee again entered the
1267 2958 2744 3033 fray with a two-page denunciatory article entitled“ Sehr geehrter Herr
1270 3027 2756 3088 Staatsanwalt.''7 This article drew fire from M. G. Conrad who took up
1285 3063 2753 3139 the cudgels for Schnitzler in the Freistatt (June 20, 1903), calling Törn¬
1282 3147 2750 3202 see’s epistolary outburst a denunciation and Anhetzung des Staatsan¬
1282 3183 2761 3250 waltes.' To be sure, he frankly states that personally he does not care
1272 3236 2755 3292 for that type of literature and would not encourage his wife and son to
1280 3297 2629 3368 read it, but its artistic qualities he maintains are above repoach:
1309 3360 2753 3447 1 Ein kritisch-historisches Lerikon über verbotene Bücher, Zeitschriften und Theaterstücke,
1269 3436 2243 3493 Schriftsteller und Verleger. 1, Berlin, 1924; u, Bremen, 1028.
1315 3476 1596 3531 2 Ibid., 1, 430.
1305 3509 2760 3575 2 Cf. Der Kampf um den Reigen. Vollständiger Bericht über die sechstägige Verhandlung
1268 3559 2757 3619 gegen Direktion und Darsteller des Kleinen Schauspielhauses Berlin. Herausgegeben und
1282 3610 2452 3681 mit einer Einleitung versehen von Wolfgang Heine, Berlin, 1922, p. 213.
1314 3657 1585 3718 Ibid., p. 214.
1315 3677 2541 3743 !Cf. Also the testimony of the various experts in Der Kampfum den Reigen.
1315 3755 2755 3794 One of these was by Philipp Frey, Die Wage, April 18, 1903; another appcared in the
1274 3808 2760 3854 somewhat obscure Floridsdorfer Zeitung, May 23, 1003. The Paris Journal des Débats, May
1265 3837 2121 3907 24, 1903, also spoke of Reigen in the highest terms.
1332 3886 1976 3958 7 Neue Bahnen, 1903, Nr. 11, pp. 288 f.
