3484 4256
319 146 870 243 11. Reigen
1023 135 1494 230 box 19/4
1335 1098 2816 1190 Gal. 73—P M L. A—1108—p. 288—10-12-31E—B-E— HL
1376 1218 2817 1282 Reigen ist technisch eine der verblüffendsten Leistungen, die sich mit ähn¬
1336 1270 2827 1346 lichen Virtuosenstücken in den fremden Literaturen messen kann, während
1334 1324 2814 1402 Schnitzler in der wundervoll kühlen, jede Spur von schmutziger Lust oder Lüs¬
1338 1379 2833 1441 #ternheit ausschließender Behandlungsart dieses menschlich-allzumenschlichen
1342 1422 2185 1489 Themas meines Wissens keinen Rivalen hat.
1390 1503 2823 1581 The first, somewhat misguided attempt to produce Reigen was made
1347 1560 2821 1641 by the Akademisch-Dramatischer Verein of Munich. This society of
1346 1627 2831 1688 students, founded in 1892, performed the same functions for Munich as
1352 1681 2816 1740 the" Freie Bühne'’ did for Berlin. It had to its credit a long series of im¬
1343 1732 2813 1790 portant original productions, among others Ibsen’s Ghosts and The Wüld
1337 1786 2825 1845 Duck, Hauptmann’s Die Mieber and Einsame Meuschen, Sudermann’s
1343 1836 2809 1914 Sodoms Ende, Wilde’s Salome, rialbe's Jugend, and other works by
1347 1890 2822 1942 Hartleben, Wedekind, Maeterlinck, D’Annunzio, etc. Many of these
1340 1964 2816 2027 plays soon became part of the regular repertoire of the other Munich
1333 2007 2819 2049 stages. Despite Schnitzler’s dissuasion, who, however, saw no reason for
1332 2067 2818 2139 a direct prohibition, the society presented as its twenty-eighth offering
1334 2114 2816 2187 the fourth, fifth, and sixth dialogs from Reigen, together with a one-act
1340 2185 2825 2251 play, Die Tragödie des Triumphes,“ by Karl Goldmann, on Thursday,
1343 2234 2826 2295 June 25, 1903 in the Kaim-Saal in Munich. The two male actors were
1330 2303 2813 2362 members ofthe Court Theatre who hid their identity behind their Chris¬
1343 2343 2815 2399 tian names. The actresses were unequal to the task, according to Mr.
1328 2389 2814 2486 Gumppenberg, the critic of the Münchner Neueste Nachrichten (June 26,
1337 2450 2812 2517 1903), who also found fault with the"fragmentarische Vorführung, die
1326 2511 2811 2581 ihren ideellen Zusammenhang gar nicht ahnen läßt, in einer Anstands¬
1334 2549 2819 2643 verstümmelung, die ihre Natürlichkeit bis an die Grenze des Lächerlichen
1335 2610 2802 2686 einschränkt. This fragmentary production, according to another review¬
1330 2670 2820 2731 er, was due to the sittenbeschützende Fürsorge der königlich bayrischen
1338 2717 2803 2803 Moralbehörde.? Even the three dialogs presented, it seems, were con¬
1335 2770 2818 2838 siderably toned down by the censor. The notorious dashes which in
1327 2828 2821 2908 later performances were indicated by a lowering of the curtain or the
1336 2878 2819 2973 darkening of thestage, were here entirely disregarded. The performance
1328 2936 2815 3022 was attended by the most élite society of Munich. There was no sign
1330 3002 2820 3093 of any moral indignation on the part of the audience, in fact there was
1333 3048 1696 3115 lively applause.
1370 3107 2811 3190 Most of the critics in reviewing the Reigen scenes considered a public
1324 3163 2807 3235 presentation a hazardous undertaking and disapproved of it. The Al¬
1325 3219 2803 3294 gemeine Zeitung of Munich, however, lauched forth into a violent dia¬
1336 3275 1477 3350 tribe:
1368 3359 2808 3411 Da tritt Schnitzler herein in den großen und reinen Menschheitstempel der
1320 3407 2808 3487 Liebe und zeigt höhnend, daß auch Romeo und Julie im Grunde nur ein lüsterner
1318 3441 2804 3527 Bube und eine dumme Dirne waren! Es ist wie wenn er ein Hundepaar vor einer
1321 3514 2791 3571 Aphroditestatue sich paaren ließe!.. Die Aufführung war unkünstlerisch, kul¬
1318 3556 2792 3635 turfeindlich, vom Standpunkt jeder Sittlichkeit aus unsittlich ... Die Gedan¬
1327 3622 2799 3696 kenstriche sind bei diesen kleinen Sauspielen die Hauptsache: der Aktus ist der
1317 3660 1680 3738 Held dieser Akte.
1366 3720 2806 3828 This review was destinedto have consequences more far-reaching than
1318 3794 2788 3850 was apparent at the moment. In the course of the summer several writ¬
1327 3860 2794 3936 ers for clerical papers took up the huc and cry against Reigen, notably a
1311 3924 2806 3989 Dr. Kausen in Die Mahrheit and a Dr. Sigl in the Bayrisches Vaterland.
1324 3957 2790 4021 On October 20, 1903, Deputy Dr. Schädler violently attacked the Aka¬
1315 4021 2798 4095 demisch-Dramatischer Verein in the Bavarian Diet. None of these men
1312 4064 2793 4136 had witnessed the performance or even read the book. Dr. Kausen later
