3392 4256
1122 359 2599 466 Gal. 77—P. M. L. A.-1108-10-12-31E-p. 312-B-J-Schinnerer—U. A.
1171 475 2619 540 On March 7, 1022, Reigen was produced again without disturbances.
1125 531 2608 598 The police had taken elaborate precautions. All entrances but onc were
1130 574 2620 631 closed, and every ticket-holder was closely scrutinized. Policemen and
1123 635 2608 699 detectives were profusely scattered throughout the fovers, the auditor¬
1123 702 2612 761 ium, the stage, and the dressing rooms. Thus the Vienna chapter of
1132 743 1435 812 Reigen closes.
1182 789 2609 861 It now remains for us to relate briefly the fate of Reigen in other
1129 863 2610 931 cities. On December 31, 1920, and at intervals thereafter, it was pre¬
1125 912 2621 966 sented to the people of Hamburg in the Kammerspiele. No disorder was
1133 960 2612 1037 reported until the middle February, 1921, when there was a minor
1126 1032 2611 1096 theatre scandal. Although the audience had been warned against demon¬
1123 1087 2614 1139 strations by Director Ziegler, there were hoots and whistling in the fourth
1117 1128 1311 1198 scene.4
1180 1179 2608 1269 In Munich it had its premièrc on January 22, 1921, in the Schauspiel¬
1117 1241 2600 1295 haus. Contrary to expectations no disturbance tock place. On February
1128 1298 2600 1350 5, however, at the end of thethird scene, a woman shouted“Schweinerei“
1123 1354 2600 1414 and this seemed to be the signal for a general riot. Others yelled Sau¬
1128 1410 2605 1467 stall, Gemeinheit, Unverschämtheit, Frechheit,’ police whistles were
1130 1464 2602 1537 brought into play, and a deafening noise ensued. Weshall let the Münch¬
1131 1529 2468 1591 ner Neueste Nachrichten (February 7, 1021) continuc the account:
1124 1595 2600 1656 Ein Segen von faulen Eiern und Stinkbomben unterstützte die Offensive ... Die
1132 1653 2603 1713 Verwendung solcher Waffen beweist auch, daß der Sturm organisiert war, denn
1125 1710 2610 1772 Stinkbomben pflegen arglose Leute nicht ständig bei sich zu führen. Leider auch
1131 1756 2604 1810 keine Gasmasken. Vorsichtige Damen hüllten ihre Abendtoiletten in den schüt¬
1119 1811 2609 1868 zenden Mantel und besonders Erwartungsvolle hielten den Regenschirm parat.
1162 1879 2599 1970 As there was danger of a panicthe performance had to be discon¬
1122 1946 2270 2025 tinued. The play was thereupon forbidden bythe police.
1167 2007 2608 2074 In Leipzig it was staged in the Kleines Theater on January 22, 1921
1127 2053 2618 2134 by Director Fritz Viehweg. Purchasers oftickets had to sign the following
1136 2111 1408 2191 declaration:
1132 2185 2602 2256 Die Unterzeichneten erklären, daß sie freiwillig die Aufführung des Reigen be¬
1124 2243 2609 2318 suchen, gegen den Inhalt der Szenen keine Einwendungen erheben, und verp¬
1131 2297 2610 2341 flichten sich, die von ihnen gelösten Karten nur für sich zu verwenden oder nur
1136 2350 2517 2417 an gleichgesinnte Personen, nicht unter achtzehn Jahren, weiterzugeben.“
1178 2403 2611 2492 On July 4, 1921, it was produced in the Neues Theater of Frankfurt
1132 2493 2606 2566 a. M. without interference. Admission was limited to subscribers who
1123 2539 2613 2597 hadto declare that they would not take offence. A public protest, how¬
1126 2599 2600 2665 ever, was issued by the Theatergemeinde des Bühnenvolksbundes.?
1184 2659 2601 2723 In Hanover these scenes were acted in the Fesidenztheater in Septem¬
1126 2702 2615 2758 ber, 1921. The president of the police had at first issued a prohibition
1129 2765 2611 2832 against them, but this had been withdrawn the next day. Thirty-eight
1125 2823 2610 2887 Protestant societies and organizations joined in a public protest. Later
1134 2860 2595 2941 in the month a statement denouncing Reigen was issued by the Associa¬
1126 2923 2600 2984 tion of Catholic Societies of Hanover and Vicinity, consisting of eighty
1138 2993 2600 3055 member societics.“ Despite these protests the performances were con¬
1138 3033 1312 3097 tinued.
1180 3072 2607 3139 On December 5, 1021 the people of Königsberg had an opportunity
1127 3149 2617 3217 of witnessing the play in the Neues Schauspielhaus, but it did not cause
1134 3198 1458 3268 much of a stir.
1171 3235 2607 3330 Hubert Reusch and a Berlin troupe brought Reigen to the Schauburg
1134 3306 2609 3376 (Victoria-Theater) in Breslau on May 5, 1921. A number of newspapers
1135 3373 2594 3440 reported favorably about the performance.“ On May 9 the Breslau Dis¬
1127 3423 2602 3485 trict Synod issued a protest against it.° Atthe end of August the presi¬
1134 3479 2609 3557 dent of police Liebermann prohibited the play. Against this decree the
1127 3527 2604 3597 local branch ofthe Schutzverband deutscher Schriftsteller'’ lodged a
1127 3598 2610 3664 protest.5° To circumvent the prohibition an ensemble of the Kleines
1129 3646 2603 3698 Schauspielhaus in Berlin produced Reigen in the theatre of the Bürger¬
1136 3695 2462 3756 park in Krietern, just outside the city limits, on October 18, 1921.
1180 3758 2598 3830 In August, 1922, the Kammerspiele of Hamburg toured Holland, with
1137 3804 2601 3874 Reigen in their repertoire, but without great success. In Rotterdam and
1133 3864 2612 3937 some other cities the dialogs were forbidden, in Amsterdam and The
1128 3923 2613 4002 Hague permission was granted only after certain changes in the text had
1128 3969 1424 4033 been made.5
1174 4017 2614 4094 A production planned by Betty Nansen in 1922 in her theatre in
1125 4069 2605 4156 Copenhagen was inhibited by the censor. In April, 1925, she again made
1133 4141 2601 4204 preparations to stage ihese scenes, but again the censor (Rosenberg)
