3296 4256
130 140 1344 226 32. Die Frau des Richters
1478 123 1858 230 box 5/6
377 174 1349 245 uuus KaheLS
2145 1231 2782 1307 „ „ s Meste
133 1282 431 1363 *. Ader der.
22 1334 459 1411 t Mitteilungen über
1606 1349 2787 1416 gestaltet. Daß sie gestaltet, nicht bloß berichtet und gefabelt
23 1390 451 1466 raus, das im Jahre
1607 1387 2788 1466 ist, macht auch diese neue Erzählung unseres Wiener Dichters
671 1360 1382 1492 Feuilleton.
23 1442 447 1514 hen das Leben
1605 1453 2793 1512 wie andere, die er in den letzten Jahren schrieb, zu einem
28 1483 447 1558 Kaiserhauses
1614 1495 2041 1577 zeitlosen Kunstwerk.
27 1537 457 1599 aren ein 26jähriger
715 1502 1334 1607 Die Frau des Richters.
1683 1541 2765 1620 Karl Eberhard XVI., Herzog von Sigmaringen, ist
34 1573 450 1661 und seine japarische
536 1597 1602 1659 Es gibt eine hübsche Geschichte, die die neue Novelle von
1619 1607 2785 1675 soeben gestorben. Er starb ungefähr wie Ludwig XV., nur
446 1624 1604 1705 Arthur Schnitzler: „Die Frau des Richters“ — Propyläen¬
1613 1665 2783 1721 mit weniger Umständen, auf seinem Jagdschloß Karolslust,
438 1695 1605 1763 Verlag — heraufruft. Ein Pariser Journalist der fünfziger
1611 1695 2796 1768 das eine Art Hirschpark umgibt und das man im Volke
441 1745 1608 1799 Jahre, strammer Republikaner seiner Gesinnung nach, be¬
1614 1758 2790 1817 „Das Haus der Gartenmägdlein“ nennt. Da es ganz plötz¬
25 1751 289 1862 je der
447 1787 1605 1843 gegnet eines Tages auf einem Morgenritt im Bois de
1602 1788 2786 1865 lich mit ihm zu Ende ging, dauert es einige Tage, ehe der
447 1825 1602 1882 Boulogne dem neugewählten Kaiser der Franzosen.
1607 1839 2792 1913 als liberal verrufene, in Paris weilende Thronerbe nach
447 1882 1599 1940 Napoleon III. der, umschwärmt von seiner berittenen Leib¬
36 1828 423 1971 Presse“.
1612 1884 2790 1940 Hause eilen und die Zügel der Regierung ergreifen kann.
446 1929 1610 1987 garde, inmit“, ines glänzenden Gefolges, gebieterisch heran¬
1621 1928 2788 1996 In dieser Zwischenzeit regt sich in dem Städtchen Karols¬
451 1972 1612 2038 sprengt. Der ann der Feder biegt aus, um seine bisher
29 1964 442 2059 rdinand.“ Von
1610 1984 2783 2043 markt, das unweit vom Schloß Karolslust am Rande der
458 2017 1613 2073 unangefochtene Gesinnung in Sicherheit zu bringen. Da bläst
1606 2022 2799 2098 herzoglichen Waldungen gelegen ist, die lang angesammelte
457 2061 1603 2126 der Gardehornist „Galopp“ und im gleichen Augenblick dreht
1606 2075 2791 2145 Unzufriedenheit mit dem regierenden Fürstenhaus. Sie
449 2110 1604 2166 sich das Pferd des Journalisten ihm unterm Leibe um, schließt
1675 2125 2786 2187 in zwei Gestalten verkörpert, dem Abenteurer Tobias
22 2109 436 2213 enö Mohacsi.
453 2158 1608 2217 sich galoppierend der galoppierenden Garde an und zwingt
1611 2170 2790 2223 Klenk und dem Richter Adalbert Wogelein, die Jugend¬
457 2196 1609 2256 seinen republikanischen Herrn, sehr gegen dessen Willen, im
1609 2200 2794 2282 freunde sind. Tobias Klenk, der Bruder zweier, wenn auch
451 2248 1609 2301 Gefolge des Kaisers ein Stück weit mitzureiten. Es ist näm¬
1611 2254 2789 2316 nicht gerade gegea ihren Willen verführter Gartenmägdlein,
21 2250 446 2345 ck.“ Roman von
449 2287 1607 2358 lich ein ehemaliges Gardepferd aus den vormals königlichen
1776 2297 2130 2367 alles rächt sich
1611 2306 1713 2363 ist
2163 2296 2797 2367 — ein rechter Revoluzzer und
459 2339 1500 2394 Ställen, das die alten Signale noch nicht vergessen hat.
23 2321 449 2420 Fortsetzung. Seile 10.
1615 2344 2788 2405 Tyrannenhasser, der als solcher am Wirtshaustisch in
536 2384 2795 2446 Die Komödie der Revolution und — Restauration, die Karolsmarkt die lästerlichsten Reden führt. Aber derjenige,
407 2431 2790 2504 in dieser Anehbote steckt, ist in Schnitzlers jüngster Novelle der seinen Radomontaden am glühendsten zuhört, ja sogar,
720 2501 793 2546 ——
1668 2586 2744 2648 Für die grosse Mode in Spitzen führen wir das
628 2582 1576 2644 Marocain Batin, 90 cm breit, in herrlichsten
31 2590 453 2672 über 50 Jahren!
669 2624 1252 2680 Modefarben, für Tanzkleider
1460 2625 2669 2697 13.50 n rkannt schönste und grösste Lager Wiens.
626 2635 1577 2729 Satin Filgurant, 90 cm breit, in herrlichsten
1544 2674 1677 2772 11.—
671 2703 1272 2761 Modefarben, für Tanzkleider
1667 2721 2728 2786 Motall-Volants, Chantüll-Volants nowie Spitzen für
626 2738 1575 2818 Schnürlnamte, sehr gut waschbar, orig. französisch,
1869 2781 2556 2853 Wäsche zu den billigsten Preisen.
1452 2761 1698 2855 .4.90
1224 2800 1303 2851 „
670 2781 1200 2861 40 Farben, 70 cm breit
19 2802 585 2905 Herbader
34 2885 200 2967 1857.
720 2881 2697 2972 Restenverkauf in allen Abtellungen zu cnorm reduzierten Preisen.
967 2983 2388 3034 Besichtigen Fie unsere 20 Schäufenster.
32 2958 640 3046 auben 20. 107
1631 3020 1925 3100 SATst WATPs U· WAELIRAHNE R
2248 3008 2505 3101 r
