3296 4256
90 143 255 219 32
313 143 401 214 01
493 132 1309 212 Frau des Richters
262 196 1297 261 IATR RI I RIR RR ARRI AIRIAI AIR AIR IRA SI RA RIRAIR RTARFRIRRARA RAIR AITRAR RRRE AARA
1451 137 1831 229 box 5/6
1994 105 2891 153 Möglichkeiten selbständiger Entladung finden,
1984 131 2897 201 weil entweder die Ekstase des Blutes oder der
2038 177 2900 242 natismus des Geistes sich glühend mani¬
1978 178 2036 245 6
1988 219 2894 278 festieren. Heute wachsen keine Gottfried Kel¬
1983 276 2894 327 lers, keine Conrad Ferdinand Meyers, und der
1987 332 2895 374 einstige Kämpfer Gerhart Hauptmann reizt
1983 360 2901 412 uns zum Lächeln, wird er auf einmal bukolisch,
1977 411 2890 472 möchte er sich zu Goethe hin wandeln. Wir
1985 459 2895 510 wollen hier weder Niveau noch Wert in Ver¬
1988 499 2905 563 gleich setzen. Nur die Zeit. Aber denken wir
1988 543 2891 611 an Zuckmayers gewachsene Erzählungen, so
1984 595 2901 654 saust di Blut in der sinnlich gebauten „Ge¬
1985 634 2905 704 schichte einer Geburt“ so zittert die Luft bei
1981 681 2896 734 der Schilderung eines Insektenlebens. Und in
1992 718 2899 774 Bronnens „Novellen“ schießt eine kalte Flamme
1988 771 2905 833 steil empor. Die prachtvolie Vollendung der
1988 818 2898 873 Ruhe (Keller und C. F. Mener) wird es so
1982 861 2905 935 bald nicht geben, aber neuer Atent stürmt neuen
1998 909 2365 969 Grenzen entgegen.
2048 927 2892 1007 Jakob Schaffner: „Der Kreiselspie¬
1981 1005 2899 1053 ler“. Des 50jährigen Liebesgabe an Berlin,
1991 1050 2897 1101 dem er in „guten und schlechten Jahren #ast¬
1994 1092 2902 1137 freundschaft verdankt“. Es sind Stimmungs¬
1981 1146 2907 1199 bilder, um eine Gestalt der Straße, um Indivi¬
1987 1178 2903 1246 duen aufgebaut, Bilder, die teilweise an die No¬
1987 1224 2895 1288 velle heranreichen. Es ist die etwas verjährte
1995 1271 2904 1329 Methode, alles beschreiben zu wollen und im
1992 1328 2900 1373 Detail die Plastik, die weiter ausladende Ge¬
1988 1360 2901 1412 bärde zu verlieren. Sympathisch, wenn Humor
1986 1400 2910 1469 hereinleuchtet wie im „Küken“ (das sich etwa
1988 1461 2903 1509 nach Thomas Mann hin orientiert). Sym¬
1995 1490 2908 1558 pathisch ebenfalls die Einfachheit der Novelette
1995 1540 2907 1600 „Abschied des Droschkenkutschers“ oder „Lemb¬
2000 1584 2913 1649 kes Weihnachten“. Im ganzen ein durchaus
1998 1623 2912 1688 liebenswürdiges, ein sehr gekonntes Buch, dem
1995 1679 2473 1740 wir freundlich begegnen.
2062 1710 2897 1784 Arthür Schnitzler: Die Fraudes Rich¬
1993 1756 2900 1829 teus. Man denkt ein bißchen an „Kabale
1997 1824 2904 1874 und Liebe“ und findet sich zeitlich richtig orien¬
1998 1862 2914 1929 tiert. Die Novelle von dem feigen Richter und
2001 1908 2917 1963 der Neigung seiner entschiedenen Frau zu dem
2002 1955 2904 2018 jungen, bestechenden, durchaus zeitbedingten
1999 1995 2910 2063 Herzog ist eine glänzend durchgeführte, über¬
2007 2039 2913 2099 zeugende Gestaltung, der wir mit aller Achtung
2000 2086 2904 2148 folgen. Der Oesterreicher sorgt dafür, daß ein
1999 2134 2903 2193 Duft Schärfen verwischt, daß alles ungetrübt
2142 2179 2911 2243 — Beide Bücher erschienen in der
2001 2183 2143 2238 bleibe.
1998 2226 2905 2277 Sammlung „Das kleine Propyläenbuch“:
1990 2270 2907 2337 Bunte, saubere Leinenbände umschließen sorg¬
2008 2319 2503 2381 fältig gewählten Inhalt.
2060 2367 2912 2418 Werner von Heidenstam hat in seinem Ro¬
1991 2406 2912 2477 man „Der heiligen Brigitta Pil¬
1996 2462 2909 2516 gerfahrt“ wieder einmal in die Geschichte
1998 2501 2903 2558 seiner schwedischen Heimat gegriffen und das
1996 2549 2908 2610 Leben einer Frau gestaltet, die immer strenger,
1998 2591 2902 2653 immer unerbittlicher in den Gottdienst hinein¬
1991 2639 2907 2682 wächst, ob sic auch das Lebensglück ihrer eige¬
2002 2684 2912 2733 nen Kinder opfert. Die Gewaltigen aller Lan¬
1999 2729 2916 2789 der liegen der schlichten Energie dieser Frau
2006 2767 2916 2834 zu Füßen, die, wunderlätig und als Persön¬
2000 2818 2913 2872 lichkeit suggestiv zur Heiligen emporwächst.
1996 2869 2913 2926 Brigitta ist der Mittelpunkt des Romans, in
1991 2903 2911 2975 dessen Hintergrund Rienzi, die Königin Jo¬
1996 2949 2918 3015 hanna von Neapel historisch auftauchen. Der
1999 2996 2908 3058 Stoff, die Gestaltung erfassen nicht unmittel¬
2003 3046 2918 3101 bar, weil sie nicht durch originale Fähigkeiten
1987 3092 2918 3135 überwältigen, aber es ist eine Arbeit, deren
1997 3138 2908 3187 einfacher, starker und gesunder Gang zu jeder
1996 3183 2916 3243 Zeit mit Befriedigung verzeichnet werden darf.
2000 3229 2908 3290 Wie breitet sich aber Hamsun im Geringsen
1992 3274 2906 3335 aus, wie steht bei Heidenstam doch alles nur in
1995 3316 2912 3365 handwerklicher Tüchtigkeit aufgebaut. Der
1997 3351 2902 3428 Albert=Langen=Verlag beherbergt sie beide.
2006 3394 2915 3460 Hier achtet man, wie man dort versinkt und
1991 3454 2435 3533 nicht mehr beschreibt.
2343 3483 2880 3576 Heinrich Erbprinz Reuß.
2730 3559 2903 3651 M.
