3436 4256
1278 175 1623 271 box 6/7
299 190 1110 284 43. Der Sekundant
526 522 1674 595 im Dunkel. Ich aber — na, will niemand ein Horoskop für ganze
523 590 1679 641 fünfzig Pfennig erwerben? Jeder Tag zeigt Ihnen darin, was
525 637 1679 686 Sie zu tun oder zu unterlassen haben. Dieses Heft wird Ihnen
525 674 1681 748 der beste Freund werden. Wo gibt es noch selbstlose Freunde,
531 717 890 781 meine Herrschaften?“
549 760 1677 834 Ein Zuhörer zieht aus seinem ärmlichen Portemonnaie fünfzig
525 817 1619 884 Pfennig heraus und legt sie langsam auf den schwarzen Tisch.
562 863 1685 930 „Wann sind Sie geboren?“ Und der Schicksalszauberer sucht
520 902 1327 977 das Horoskop aus der Fülle der Hefte heraus.
551 966 1687 1018 Das Beispiel des einen hat die Hemmungen der anderen gelöst.
521 1009 1689 1070 Zehn — fünfzehn Horoskope werden verkauft. Zehn — fünfzehn
529 1154 1686 1224 Ahnung, Wissen sogar, auch Empörung, Verstehen, Ver¬
531 1211 1231 1287 zeihen, ja, vielleicht etwas wie Dank.
569 1262 1695 1333 Nun stand auch Mülling in der Türe zwischen Salon und
535 1330 1694 1387 Terrasse, zwischen Schatten und Licht. Sein Auge streifte
529 1379 1693 1430 mich wie fragend. Meine Anwesenheit erklärte sich für ihn
529 1418 1689 1482 gewiß ohne weiteres so, daß ich es nicht über mich gebracht,
539 1467 1686 1522 die unglückliche Frau, nachdem ich ihr die traurige Kunde
537 1520 1685 1579 gebracht, allein zu lassen. Er trat auf sie zu und drückte ihr
535 1559 1693 1618 wortlos die Hand. Wieder suchte sie, vorbei an Mülling,
536 1615 1693 1671 meinen Blick. Niemand sprach, nicht sie, Aline nicht und
539 1650 1701 1716 nicht Mülling, ich aber, so schien mir, schwieg noch tiefer in
534 1704 1692 1773 mich hinein als die andern. Die sommerliche Stille des
531 1761 1689 1814 Gartens klang herein. Endlich sagte Agathe — und mir stand
531 1802 1688 1870 das Herz still, als sie die Lippen öffnete —: „Nun will ich“
544 1852 1690 1911 sagte sie, „die ganze Wahrheit hören“ — und da sie in den
543 1901 1697 1966 Mienen der Andern Befremden, in den meinen vielleicht
532 1958 1695 2006 einen Ausdruck des Erschreckens gewahrte, fügte sie, zu mir
540 1990 1694 2056 gewandt, in bewunderungswürdiger Ruhe hinzu: „Sie woll¬
544 2035 1702 2102 ten mir gewiß nichts verschweigen, aber Sie haben unwillkür¬
536 2098 1694 2155 lich vielleicht versucht, mich zu schonen. Ich danke Ihnen.
545 2141 1705 2192 Aber glauben Sie mir, ich bin nun gefaßt genug, um alles zu
546 2196 1705 2244 hören. Berichten Sie, Doktor Mülling, von Anfang bis Ende.
547 2245 1698 2300 Ich will keine Frage stellen, ich werde Sie nicht unterbrechen“
542 2279 1689 2344 und mit erlöschender Stimme fügte sie hinzu: „Erzählen Sie!
580 2357 1708 2401 Sie lehnte am Klavier, und ihre Finger spielten mit den
541 2392 1703 2459 Fransen des Schals, und mit keinem Zucken ihrer Lippen ver¬
541 2443 1703 2498 riet sie sich oder mich, während Mülling erzählte. Aline hatte
549 2492 1710 2554 sich auf den Stuhl am Klavier sinken lassen und stützte den
541 2537 1704 2595 Kopf in die Hände. In all seiner inneren Bewegung kam
542 2591 1712 2646 Mülling die berufsmäßige Gewohnheit zustatten, wohlgesetzt
541 2642 1697 2693 vor der Oeffentlichkeit zu reden. Er berichtete den Verlau
547 2691 1707 2743 der Angelegenheit, von dem Moment an, da wir beide, Doktor
557 2726 1710 2797 Mülling und ich, Eduard am Bahnhof der kleinen Stadt er¬
544 2791 1708 2839 wartet hatten, bis zu dem Augenblick, da Eduard am Waldes¬
549 2825 1708 2885 rand tot hingesunken war, und es war mir offenbar, daß
554 2874 1719 2934 er seinen Bericht schon ein oder mehrere Male zum besten
550 2921 1710 2998 gegeben, seit wir uns am Tor seines Gasthofs voneinander
551 2969 1710 3034 getrennt hatten. Er sprach im übrigen, als hielte er ein
563 3018 1711 3090 Plädoyer für jemanden, der ein längst abgetanes, ver¬
559 3075 1711 3130 gessenes, schon an sich nicht bedeutungsvolles Vergehen allzu
551 3116 1716 3183 schwer gesühnt hatte, und dessen Andenken von jeder Schuld
2506 499 2813 580 An und Shntope
1724 534 2319 583 wiegenden Walzerrhhchnten, gunz
1721 573 2873 624 klang der holde, bekannte Wiener Ton an, bald sentimental, bald
1717 617 2878 668 gefühlsstark, doch immer bezwingend durch Herzlichkeit und ge¬
1722 660 2869 710 adelt durch die Kunst der Mitwiekenden, der Sängerin Mari.
1724 696 2884 748 Gerhardt, des brillanten Pianisten Otto Schulhoff und
1723 740 2873 792 des Orchesters Holzer. — Das löbliche Streben nach origineller
1723 789 2877 835 Gestaltung der Konzertprogramme, das im Funk gelegentlich zu
1724 825 2876 879 beobachten ist, muß durch die entgegengesetzte Tendenz ergänzt
1723 864 2874 919 werden. Es ist kein Nachgeben an den Publikumsgeschmack
1729 908 2873 964 sondern eine grundsätzlich richtige Entscheidung, wenn man sich
1722 954 2884 1007 eine Sängerin wie Lula Mysz=Gmeiner holt, um banal
1723 997 2882 1058 Gewordenes zu erneuern. Und wie versteht sie es! Wie bezwingt
1727 1141 2892 1217 freizusprechen sei. Agathen aber gelang es tatsächlich, ihn
1728 1194 2884 1256 nicht mit einer Silbe zu unterbrechen. Und erst als Mülling
1726 1251 2892 1309 geendet, wandte sie sich mit der Frage an ihn, ob schon
1736 1293 2881 1357 irgendwelche Verfügungen an Ort und Stelle getroffen wor¬
1731 1339 2894 1399 den seien. Und als Mülling erwiderte, daß der Leichnam
1738 1394 2896 1452 spätestens morgen früh von der Behörde freigegeben werden
1731 1432 2878 1495 dürfte, sagte sie: „Ich werde noch heute abend zu ihm fahren.“
1736 1475 2896 1543 Mülling riet ihr al der heutige Abendzug käme in der
1728 1530 2897 1599 kleinen Garnisonstadt erst nach Mitternacht an, sie aber sagte
1732 1580 2888 1638 nur: „Ich will ihn noch heute nacht sehen“, und es war uns
1731 1628 2901 1689 allen klar, daß sie sich noch heute nacht Eingang in die Toten¬
1736 1674 2886 1736 kammer verschaffen wollte. Nun trug sich Mülling an, sie zu
1732 1728 2889 1781 begleiten, es seien allerlei Dinge zu besorgen und anzu¬
1739 1772 2889 1834 ordnen, die unmöglich Agathe allein durchführen könne. Sie
1743 1826 2895 1879 wehrte mit einer Entschiedenheit ab, die jede Widerrede aus¬
1737 1870 2887 1935 schloß. „All das gehört mir zu“, sagte sie. „Erst wenn alles
1738 1912 2890 1972 vorüber ist, Herr Doktor Mülling, sprechen wir uns wieder.“
1743 1958 2903 2021 Ich war von Bewunderung und von Grauen zugleich erfüllt.
1747 2009 2896 2067 Sie richtete kein Wort an mich. Sie wimschte nun allein zu
1749 2054 2903 2115 sein, nur Aline sollte später wiederkommen, um ihr bei den
1737 2095 2893 2164 Reisevorbereitungen behilflich zu sein und Weisungen für die
1736 2147 2606 2232 Dauer ihrer Abwesenheit entgegenzunehmen.
1790 2215 2893 2274 Sie drückte uns allen die Hand. Mir nicht anders als Aline
1747 2263 2894 2318 und Mülling. Sie wich nicht einmal meinem Blick aus, als
1745 2315 1996 2377 wir schieden.
1791 2357 2847 2428 Sie reiste tatsächlich noch am gleichen Abend ab — allein
1741 2424 2896 2483 und brachte den Leichnam ihres Gatten am nächsten Morgen
1746 2466 2909 2523 nach Wien. Am Tage darauf fand das Begräbnis statt, an
1748 2516 2906 2574 dem natürlich auch ich teilnahm. Agathe war ### diesem Tag
1754 2573 2901 2639 für niemanden zu sehen. An den See kehrte sie niemals wie¬
1756 2618 1965 2682 der zurück.
1786 2650 2917 2728 Viele Jahre später begegneten wir einander wieder in
1748 2713 2913 2776 Gesellschaft. Sie hatte indes wieder geheiratet. Niemand,
1754 2775 2908 2827 der uns miteinander sprechen sah, hätte ahnen können,
1754 2820 2914 2877 daß ein seltsames, tiefes, gemeinsames Erlebnis uns verband.
1754 2863 2909 2921 Verband es uns wirklich? Ich selbst aber hätte jene sommer¬
1753 2913 2919 2971 stille, unheimliche, und doch so glückliche Stunde für einen
1762 2958 2912 3016 Traum halten können, den ich allein geträumt hatte; so klar,
1751 3014 2914 3086 so erinnerungslos, so unschuldsvoll tauchte ihr Blick in den
1757 3063 1919 3121 meinen.
2263 3096 2405 3182 Ende
1633 3771 3056 3885 Onterhalfungsbtatt d Voss #te Pc. g 4.41432
2921 586 3318 645 Lebensgläubigkeit trägt
2929 630 3309 684 mich, das Dasein des
2924 668 3316 728 Summen des Leidens
2937 714 3331 772 ür mich, dafür zu sor
2929 758 3328 812 zehnten, die es ihm ver
2928 798 3323 858 teilhaben mag an dem
2921 844 3330 888 und was Menschen er
2924 883 3329 944 Begriff der Kultur, de
2924 924 3327 982 geistigen Arbeit und zu
2920 970 3284 1027 ihren Kulturwerten
2924 1009 3329 1072 winnt Georg Hermann
2924 1054 3296 1114 die deutsche Kultur
2928 1098 3325 1153 Namen und Wrke in
2923 1146 3328 1198 erkennung für sie zu er
2929 1181 3336 1240 lichen Anspruch auf G
2935 1226 3323 1286 zu zeigen, daß dieser
2925 1270 3317 1320 deutschen Kultur aus
2928 1304 3335 1377 aus dem Glauben an
2931 1354 3170 1421 hervorwächst.
3074 1427 3333 1518 THEAT
3060 1518 3289 1580 Aufführungen
2978 1498 3055 1574 Die
2929 1525 3343 1623 Künstlertheater
2933 1599 3248 1659 verlängert worden.
2965 1630 3322 1693 Maria Koppenhs
2938 1674 3320 1727 des Staatstheate
2972 1714 3313 1771 Dr. Adolf Behne
2941 1746 3320 1813 Deutschen Museum ei
2930 1791 3296 1837 Jahrhunderten“ (von
2943 1821 3320 1873 Leibl). Die drei ersten
2943 1855 3325 1916 die beiden letzten durch
3191 1917 3330 2001 KON
2937 1987 3303 2066 Donnerstag, 7.
2997 2047 3344 2103 Quartett (Moze
2941 2085 3344 2153 Freitag, 8. Januc
3010 2127 3343 2174 der Staatskapelle #
3005 2162 3335 2217 Klavierabend Minit
2938 2180 3326 2256 Sonnabend, 9. I
3009 2238 3324 2285 abend Gertrud Bi
3006 2271 3333 2327 Klavierabend Poldi
3016 2310 3188 2364 Rosenthal).
2937 2338 3338 2410 Sonntag, 10. Jo
3010 2389 3195 2436 Ivogün.
3010 2412 3342 2466 Taube; Mitwirk
3002 2452 3331 2501 Klaß, S. Jablonow
3008 2490 3319 2555 vierkonzert A-dur;
2976 2532 3338 2593 Oper am Dienst
2969 2577 3313 2629 Cosi fan tutte“
2944 2605 3336 2656 und den Herren Rosy
2938 2643 3332 2695 lische Leitung: Klem;
2974 2683 3325 2737 Städtische Ope
2954 2717 3332 2765 Irene Eisinger, Arthur
2946 2755 3339 2822 Edwin Heyer. Dirigen
3078 2905 3258 3105 34
3156 3080 3342 3166 90 u
