3436 4224
322 95 1122 185 43. Der Sekundant
1292 100 1634 191 box 6/7
519 149 1121 216 u —   a en
395 620 1521 696 Die Staatliche Kunstbibllothek hat zur Zeit eine Aus¬
374 674 1211 727 stellung „Deutsche Volkstypen und Volkstrachten“
1207 671 1530 735 in sotografischen
367 713 1136 771 Aufnahmen von Hans Retzlaff veranstaltet.
395 755 1520 827 In der Galerie Weber beginnt Sonntag, 3. Januar, eine Aus¬
364 790 1386 855 stellung von Arbeiten des Berliner Malers Rudolf Riester.
399 838 1532 899 Der Verein Berliner Künstler beginnt das neue Jahr
359 871 1518 940 mit einer Ausstellung Münchner Kunst. Diese Veranstaltung wird
373 913 1454 958 in zwei aufeinanderfolgenden Abteilungen durchgeführt werden.
1458 928 1531 971 Das
363 959 1524 1009 gesamte Material wurde von den Münchner Professoren Bolgiano,
367 995 1529 1036 Wackerle und Schinnerer zusammengetragen. Die Eröffnung dieser
365 1021 1519 1071 in der Bellevuestraße 3 stattfindenden Ausstellung ist auf Mittwoch,
367 1053 1070 1100 6. Jannar, nachmittags 5 Uhr, festgesetzt.
1066 1064 1141 1100 —
1137 1054 1523 1110 Am gleichen Tage, um
370 1092 1519 1136 6 Uhr, wird in der Tiergartenstraße Zu eine Sonderausstellung von
368 1126 676 1171 Hauptwerken des
680 1128 1530 1177 Professors Heinrich Reifferscheid, anläßlich
380 1158 1523 1207 eines 60. Geburtstages, und eine Gedächtnisausstellung von graphischen
370 1194 1525 1253 Arbeiten des verstorbenen Professors Franz August Börner eröffnet.
450 1372 1438 1472 Der Sekundant
784 1485 1111 1574 Novelle von
560 1572 1328 1654 ARTHUR SCHNITZLER
852 1687 1519 1768 Copyright 1931 by Heinrich Schnitzler
409 1762 1528 1831 Ich war damals dreiundzwanzig Jahre alt, und es war
363 1823 1532 1871 mein siebentes Duell — nicht mein eigenes, aber das
358 1869 1526 1927 siebente, an dem ich als Sekundant teilnahm. Lächeln Sie
371 1924 1518 1983 meinetwegen. Ich weiß, es ist in unserer Zeit üblich ge¬
355 1963 1533 2023 worden, sich über derartige Veranstaltungen lustig zu machen.
364 2010 1522 2073 Man tut nicht recht daran, meine ich, und ich versichere Sie,
374 2055 1527 2116 das Leben war schöner, bot jedenfalls einen edleren Anblick
359 2110 1519 2165 damals — unter anderem gewiß auch darum, weil man es
372 2154 1533 2218 manchmal aufs Spiel setzen mußte für irgend etwas, das in
366 2215 1526 2263 einem höheren oder wenigstens anderen Sinn möglicherweise
376 2255 1533 2313 gar nicht vorhanden oder das wenigstens den Einsatz, nach
367 2302 1517 2356 heutigem Maß gemessen, eigentlich nicht wert war, für die
369 2351 1521 2402 Ehre zum Beispiel, oder für die Tugend einer geliebten Frau,
371 2407 1532 2456 oder den guten Ruf einer Schwester, und was dergleichen
362 2444 1534 2495 Nichtigkeiten mehr sind. Immerhin bleibt es zu bedenken,
366 2491 1527 2560 daß man im Laufe der letzten Jahrzehnte auch für viel
358 2543 1521 2605 Geringeres völlig nutzlos und auf Befehl oder Wunsch
366 2586 1529 2639 anderer Leute sein Leben zu opfern genötigt war. Im Zwei¬
364 2635 1522 2695 kampf hat doch immer das eigene Belieben mitzureden gehabt,
365 2690 1520 2744 auch dort, wo es sich scheinbar um einen Zwang, um eine
369 2723 1526 2785 Konvention oder um Snobismus handelte. Daß man über¬
357 2777 1531 2834 haupt mit der Möglichkeit oder gar der Unausweichlichkeit
372 2828 1531 2890 von Duellen innerhalb eines gewissen Kreises wenigstens
362 2871 1526 2927 rechnen mußte, das allein, glauben Sie mir, gab dem gesell¬
370 2925 1527 2984 schaftlichen Leben eine gewisse Würde oder wenigstens einen
370 2972 1533 3030 gewissen Stil. Und den Menschen dieser Kreise, auch den
374 3022 1533 3080 nichtigsten oder lächerlichsten, eine gewisse Haltung, ja den
372 3067 1533 3121 Schein einer immer vorhandenen Todesbereitschaft, wenn
371 3118 1525 3187 Ihnen dieses Wort auch in solchem Zusammenhang doch allzu
370 3159 876 3235 großartig erscheinen sollte.
413 3197 1524 3294 Aber ich schweife ab, noch ehe ich angefangen habe. Ich
373 3274 1527 3326 wollte Ihnen ja die Geschichte meines siebenten Duells er¬
374 3322 1524 3381 zählen und Sie lächeln wie vorher, weil ich wieder von
373 3370 1528 3426 meinem Duell spreche, obwohl ich doch, wie es nun einmal
370 3416 1525 3492 meine Bestimmung war, auch in diesem Fall nur Zeuge, aber
1568 602 2085 693 Deh Alberschweiter unwen
1571 652 2732 747 hatten, sie wurden unserm Churfürsten präsentiret, hernach
2764 667 3353 747 die Nerven reißen, müssen imme
2769 726 3343 790 drescherei als Mittel einspringen
1564 727 2725 791 auf dem Reichstag zu Speyer vom Römischen König
2774 772 3343 821 schließlich über Seele und Persto
1573 771 2720 858 Ferdinand und andern Fürsten als ein Wunder beschauet,
2767 811 3331 874 staffel ist scharf beobachtet, die
1568 827 2483 900 und von Henrich Vogther eigentlich abgemahlet.“
2770 852 3348 904 der Feind wird nicht verunglit
2765 902 3359 963 durch eine lyrische Szene zwisc
2768 944 3346 995 Franzosendirnchen unterbrochen,
1605 976 2720 1047 Rundfunk: Werkwochen. Wir hörten dem aufschluß¬
2769 992 3331 1035 Menschen sich finden über alle
1576 1016 2723 1083 reichen Gespräch mit einem Arbeitslosen zu, allerdings war es
2770 1032 3352 1091 von Dr. von Gordon faßte die
1579 1063 2731 1121 nicht irgendein typischer, sonbern einer, der sich durch zähe Arbeit
2770 1070 3359 1133 straff zusammen, im Vordergrun
1564 1104 2728 1161 an sich selber und mit der Gemeinschaft durchringen konnte zu
2777 1121 3355 1174 in allen Wandlungen der Stim
1560 1158 2725 1199 erträglicher geistiger Sitnation. Er widmet sih jetzt der Selbst¬
2771 1168 3360 1219 wurde mehrmals gerufen, man us
1570 1193 2729 1252 hilfe der Erwerbslosen (er bekämpft das Wort arbeislos), be¬
2768 1198 3356 1274 die gegen den Wahnsinn des Kri
1568 1343 2724 1416 nicht Duellant gewesen bin. Schon mit achtzehn Jahren, als
2771 1363 3360 1419 trieben die Vorsicht so weit,
1566 1401 2718 1458 Kavalleriefreiwilliger, war ich zum ersten Male Sekundant
2770 1407 3364 1473 zu nehmen, stiegen aber nat
1569 1445 2728 1508 in einer Ehrenaffäre zwischen einem Kameraden und einem
2783 1456 3365 1530 Städtchens aus, wo am näch
1570 1498 2730 1567 Attaché der französischen Gesandtschaft. Bald darauf wählte
2770 1502 3026 1573 finden sollte.
1561 1541 2725 1595 mich der berühmte Herrenreiter Vulkovicz zu seinem Se¬
2825 1550 3347 1612 Doktor Mülling war ein I
1560 1587 2730 1654 kundanten in dem Duell mit dem Fürsten Luginsfeld und
2767 1607 3361 1667 Freund Loibergers, fünfundd
1564 1641 2729 1694 auch weiterhin, trotzdem ich weder Adeliger noch Berufs¬
2771 1652 3353 1715 belangt, verdankte ich die Ehr
1570 1691 2725 1744 offizier, ja sogar jüdischer Abstammung war, wandte man
2771 1702 3351 1765 erwählt zu sein, außer meinen
1579 1732 2703 1792 ich ganz besonders in schwierigen Fällen, wenn man eine
2785 1744 3361 1816 Eignung dazu, dem Umstand,
1577 1777 2723 1845 Sekundanten bedurfte, mit besonderer Vorliebe an mich. Ich
2776 1792 3361 1848 gleichen Sommerfrische verbrac
1576 1834 2721 1891 will gar nicht leugnen, das ich es zuweilen ein wenig be¬
2778 1847 3362 1903 Villo ziemlich oft zu Gast war
1563 1872 2726 1938 dauerte, diese Dinge immer nur sozusagen als Episodist mit¬
2776 1888 3369 1952 er mir nie gewesen, aber das¬
1575 1931 2724 2000 zumachen. Recht gern wäre ich einmal selbst einem gefähr¬
2774 1942 3361 2011 genehme Menschen gingen aus
1576 1979 2723 2035 lichen Gegner gegenübergestanden und weiß nicht einmal,
2767 1981 3345 2051 Tennis gespielt, gemeinsame
1567 2029 2733 2095 was ich im Grunde vorgezogen hätte — zu siegen oder zu
2773 2041 3353 2091 wurden unternommen und er
1580 2062 2723 2142 fallen. Aber es kam niemals dazu, obzwar es wahrlich nicht
2765 2076 3347 2143 Jahre alt. Als Ursache des D
1567 2121 2725 2182 an Gelegenheiten fehlte und wie Sie sich wohl denken können,
2781 2131 3344 2189 angegeben worden zwischen
1568 2167 2731 2218 an meiner Bereitwilligkeit niemals der geringste Zweifel
2778 2180 3354 2245 Gegner, dem Ulanenrittmeisten
1572 2216 2726 2287 bestand. Vielleicht war übrigens das mit ein Grund, daß
2768 2228 3338 2288 kaum. Sonntags war er am
1573 2260 2729 2322 ich niemals eine Forderung erhielt, und daß in den Fällen,
2772 2270 3365 2335 seiner Garnison, offenhar n
1566 2301 2727 2366 wo ich mich zu fordern genötigt sah, die Angelegenheiten
2772 2331 3364 2385 wechsels, der als Vorwand für
1574 2360 2728 2412 stets ritterlich beigelegt wurden. Jedenfalls Sekundant war
2773 2372 3356 2442 im Jahr vorher hatte er den
1576 2412 2730 2480 ich mit Leib und Seele. Das Bewußtsein, gewissermaßen
2772 2419 3165 2486 Frau hier verbracht.
1570 2461 2727 2511 mitten in ein Schicksal oder besser an die Peripherie eines
2810 2451 3362 2530 Die Erledigung der Angeleg
1573 2504 2718 2568 Schicksals gestellt zu sein, hatte stets etwas Bewegendes, Auf¬
2766 2513 3362 2578 offenbar sehr eilig. Die Bes
1563 2553 2215 2615 rührendes, Großartiges für mich.
2780 2562 3361 2625 danten hatte schon am Sonntal
1620 2579 2727 2669 Dieses siebente Duell aber, von dem ich Ihnen heute er¬
2780 2613 3342 2675 jenem Wortwechsel, und zwar
1575 2653 2727 2717 zählen will, unterschied sich von allen meinen andern,
2771 2665 3355 2722 und ich waren von Loiberger
1581 2698 2727 2763 früheren und späteren dadurch, daß ich von der Peripherie
2779 2711 3345 2786 der gegnerischen Sekundanten
1566 2757 2731 2815 gleichsam in den Mittelpunkt rückte, daß ich aus der Episoden¬
2772 2754 3097 2819 sie waren schwer.
1574 2799 2728 2866 figur eine Hauptperson wurde, und daß bis zum heutigen
2810 2789 3351 2869 Also am Montag kamen 2
1565 2849 2719 2906 Tage kein Mensch von dieser sonderbaren Geschichte etwas
2779 2848 2973 2909 Stadt an.
1573 2893 2727 2950 erfahren hat. Auch Ihnen mit Ihrem ewigen Lächeln hätte
2814 2886 3366 2965 Wir besichtigten vor allel
1563 2940 2719 3006 ich nichts davon erzählt, aber da Sie ja in Wirklichkeit gar
2766 2933 3358 3014 Rendezvous=Platz für morgen
1571 2990 2727 3052 nicht existieren, so werde ich Ihnen auch weiterhin die Ehre
2777 2987 3373 3062 einer kleinen Spazierfahrt, die
1569 3041 2726 3087 erweisen zu Ihnen zu reden, junger Mann, der immerhin
2772 3040 3355 3099 ling von seinen Reisen, län
1579 3079 2214 3149 so viel Takt besitzt, zu schweigen.
2770 3086 3364 3156 studien, Studentenmensuren,
1605 3122 2717 3185 So ist es auch ziemlich gleichgültig, wie und wo ich anfange.
2770 3144 3362 3201 bauten, Meisterschaften im Ru#
1566 3174 2718 3237 Ich erzähle die Geschichte wie sie mir in den Sinn kommt
2763 3189 3357 3251 gemeinsamen Bekannten. Ich
1580 3234 2727 3293 und beginne bei dem Augenblick, der mir zuerst in den Sinn
2774 3241 3363 3303 letzten Staatsexamen. Mülling
1579 3274 2714 3339 kommt, also in dem, da ich in Gesellschaft des Doktor Mülling
2768 3284 3350 3348 Anwalt. Von dem, was für n
1580 3327 2718 3377 in den Zug stieg. Nämlich, um keinerlei Mißtrauen zu er¬
2769 3340 3358 3393 wie auf Verabredung kein A
1565 3372 2726 3426 regen, vor allem bei der jungen Gattin Eduards, verließen
2773 3381 3357 3451 Duells wußte Doktor Mülling
1563 3426 2724 3476 wir schon Montag vormittag den Villenort am See, ja, wir
2764 3433 3327 3499 anzuvertrauen für gut fand.
1855 3868 3281 3973 Onterhaltungs btatt d. Voss 448 Nr. 4 4. 4. 1413)
