3484 4256
7 2963 56 3018 or
5 3016 42 3066 11
4 2294 49 2355 01
7 2350 44 2391 n
1316 173 1667 275 box 6/7
349 177 1145 271 43. Der Sekundant
230 494 569 571 nsuis Hundsbubs
625 505 736 599 ldem.
204 552 586 639 ee. Rasch nahm er
660 580 1775 667 „Wo ist der Ertrunkene?“ fragte eine Stimme aus dem
240 610 582 679 nit dem Wasser
627 640 732 696 Boot.
665 676 1666 760 „Das geht Sie nichts an. Wo ist Ihr Passierschein?“
181 696 573 779 r aus der Seemitte
663 731 1780 818 „Mann sind Sie wahnsinng, wo einer am Ertrinken ist.
202 763 589 831 hm, einmal glaubte
620 789 1055 860 Platz da, wir fahren!“
195 808 574 880 ns, der erbost war.
665 820 1782 912 „Nicht ein Schritt!“ schrie Mertens, so wie er das als Un¬
195 853 579 924 nterbrechung haben
625 890 1081 971 teroffizier gelernt hatte.
189 904 589 974 machte er den Kahn
674 940 1774 1013 „Was, los, los“, sagte Mertens, „ich sehe ja gar nichts.“
655 999 1777 1073 Und nun stellte er sein Boot quer vor den Kanaleingang,
197 986 582 1092 ruhig in die Baden¬
626 1046 1467 1131 so daß das Motorboot nicht weiter konnte.
620 1193 1776 1281 Du kannst demn andern nie wieder gehören, du gehörst mir
204 1225 496 1327 dant
618 1267 749 1334 allein.“
652 1302 1788 1404 Noch immer hielt sie meinen Urm berührt, ja nun ergriff
630 1374 1789 1439 sie ihn, hielt ihn fest. Ja, sie bewegte ihn leise hin und her,
617 1431 1776 1486 ais hoffte sie mich damit aus einer unbegreiflichen Verstörung,
198 1417 391 1507 LER
620 1468 1788 1527 aus einem Wahn zu erwecken. Meine Augen aber blieben
637 1516 1788 1578 starr ich wußte, daß kaum Liebe in ihnen war, nur Wille,
202 1523 580 1602 y Heinrich Schnitzler
637 1565 1780 1624 Drohung beinahe. Und ich merkte, daß ihre Angst wuchs, und
216 1584 589 1660 h. Ich sagte nicht:
640 1609 1774 1678 so versuchte sie's nun mit einem scherzhaften Ton: „Kind'
208 1638 591 1712 nir. Ich sagte nicht:
628 1661 1789 1729 sagte sie, „hab ich nicht recht gehabt? Ich habe schon immer
202 1687 594 1754 . Nein, ich fragte:
634 1706 1786 1773 gewußt, warum ich dich Kind nenne. Soll ich nun vernünftig
202 1737 596 1798 keine andere Frage,
642 1754 1782 1817 sein für uns beide? Leicht ist es ja nicht. Nicht einmal für
209 1786 599 1859 ß kein anderes Wort
638 1803 1781 1866 mich allein. Aber wir müssen, wir müssen verständig sein.“
674 1845 1794 1937 „Warum müssen wir?“ fragte ich hartnäckig und haßte mich
187 1871 600 1963 te sie. „Wenn du
625 1926 795 1996 zugleich.
187 1933 588 1999 kankbar sein wie ich
666 1961 1791 2054 „Wir müssen“, sagte sie, und in immer steigender Angst war
203 1982 591 2053 aus einem wunder¬
211 2025 598 2093 e Wirklichkeit, eine
642 2022 1792 2092 sie gleich mit den stärtsten, den unwidersprechlichsten Argu¬
641 2074 1793 2137 menten zur Stelle: „Wir müssen vernünftig sein und dürfen
190 2077 603 2142 rug und Häßlichkeit
640 2126 1795 2199 uns nicht verraten, weil du verloren wärst, wenn er
186 2118 591 2199 d versuche niemals
645 2181 868 2243 ahnte...“
220 2218 603 2291 dein Mann ist tot,
671 2205 1795 2295 Ich lächelte. Ich konnte nicht anders. Aber ihre Ent¬
211 2272 597 2333 ahnst es nicht. Es
646 2282 1801 2346 gegnung, ihre Warnung, der Ver, 6, mir Angst vor dem
200 2323 605 2381 Häßlichkeit mehr, du
640 2327 1794 2390 Toten einzuflößen, wirkte auf mich nicht nur grauenhaft,
204 2370 594 2433 alles wurde plötzlich
652 2377 1796 2439 sondern wie mit einer unergründlichen Komik. Es lag
202 2414 597 2481 er Minute nicht für
647 2429 1798 2484 mir in diesem Augenblick gar nicht fern, irgend etwas
199 2463 603 2531 „Es ist kein Betrug.
640 2465 1803 2535 Teuflisches zu erwidern, der ganzen Unerträglichkeit, der
204 2514 597 2575 re es nur, wenn du
642 2516 1803 2591 Furchtbarkeit dieses Gesprächs durch ein vernichtende und
189 2558 598 2629 m Hause bliebst und
649 2563 1799 2635 zugleich erlösendes Wort ein Ende zu machen. Aber ich
189 2606 605 2674 par mir, als bekäme
654 2624 1799 2676 tat es nicht. Ich fühlte meine Ohnmacht grade in diesem
196 2655 599 2736 er mich, oder als be¬
658 2662 1799 2734 Augenblick, ich fühlte, daß der Tote stärker war als ich, und
651 2705 1799 2774 wie in verzweifelter Gegenwehr vermochte ich keine andere
207 2723 604 2818 und ich fühlte, daß
653 2758 1804 2822 Erwiderung zu formen, als das törichte Wort: „Und wenn
205 2797 605 2868 Sie berührte meinen
652 2803 1494 2893 das Schicksal am Ende für mich entschiede?“
199 2848 605 2908 Wir wollen doch ver¬
692 2864 1809 2933 Sie faßte mich an der Schulter. Angst war in ihren
185 2893 612 2968 vollen es wenigstens
647 2913 1803 2993 Augen. „Was sagst du da? Wo verirrst du dich hin? Wo
218 2941 613 3009 ich gehöre nicht dir,
655 2973 1109 3047 verirren wir uns hin?“
216 2991 606 3057 beide. Es war nur
681 3023 1812 3089 Und in diesem Augenblick fühlte ich, daß sie für ihn bangte,
190 3039 607 3120 nvergeßlich, ja, aber
655 3075 1798 3146 für ihn und nicht im geringsten für mich — daß er alles
655 3124 1802 3185 und daß ich nichts für sie war . ..“ Und in diesem Augen¬
182 3111 614 3202 es, was vor dieser
643 3164 1799 3240 blick hörten wir Schritte über den Gartenkies. Nur wenige
187 3188 611 3258 er hat alles geändert.
1845 607 2971 676 Philharmonisches Konzert unter Kleiber. Erich
1829 659 2965 708 Kleiber wurde — da ihm in der Staatsoper nur drei Konzert zur
1813 699 2973 748 Verfügung stehen — eingeladen, in der Philharmonie drei
1813 733 2978 793 weitere Konzerte mit llassischen Programmen mit dem Philharmonischen
1812 776 2210 836 Orchester zu dirigieren.
1846 898 2983 942 Im Grand Hotel St. Moritz fand am 27. und 28. Dezember ein internatio¬
1823 932 2986 975 nales Bridge=Turnier statt, unter großer Beteiligung einer internationalen Ge¬
1838 968 2979 1009 ellschaft, und zwar mit solch durchschlagendem Erfolg, daß bereits für die kom¬
1833 993 2972 1036 nende Woche ein zweites Turnier in Aussicht genommen worden ist. Damit hat
1835 1028 2981 1083 ich das Grand Hotel und sein Bridge=Room zum Treffpunkt der hier weilenden
1826 1065 2163 1118 Bridgespieler entwickelt.
1824 1167 2993 1254 Sekunden noch blieben mir. Es war nicht möglich, ihr in
1818 1235 2983 1308 diesen wenigen Sekunden zu berichten, was geschehen war
1825 1305 2989 1351 und überdies noch mich zu rechtfertigen, daß ich bisher ge¬
1832 1336 2986 1404 schwiegen. Vor einigen Minuten noch hätte sie verstanden,
1830 1398 2990 1458 hätte sie vielleicht verziehen. Ja, vielleicht hätte ich einen
1829 1428 2993 1493 wahrhaften, einen unvergänglichen Sieg über den Toten
1828 1476 2987 1545 davongetragen. Jetzt aber war ich der Gefallene, der Er¬
1833 1527 2998 1594 schlagene, ja, in dieser Sekunde empfand ich mich selbst gleich¬
1832 1577 3000 1645 sam wie ein Gespenst, und die Schritte draußen im Garten
1836 1624 2994 1684 — so sehr ich wußte, daß jeder andere im nächsten Augenblick
1822 1674 2995 1751 hier hereintreten könne, als grade er — kündigten für mich in
1841 1725 2992 1783 unbegreiflicher Weise das Nahen Loibergers an; wie er es in
1836 1766 3000 1829 meinem Traume getan, schritt er durch den Garten und über
1830 1814 2994 1877 die Stufen zur Terrasse herauf. Aber wer immer es sein
1834 1863 2996 1926 mochte, unmöglich war es, das, was auf dem Wege war,
1831 1919 3005 1984 herankommen zu lassen, ohne sie im allergeringsten vor¬
1837 1954 2995 2028 zubereiten. Doch nur das eine Wort drängte sich
1833 1998 2997 2066 auf meine Lippen: „Erschrick nicht.“ Und während ich
1836 2058 3003 2123 das Wort aussprach, war mir wahrhaftig nicht anders
1835 2102 2998 2175 zumute, als müßte im nächsten Augenblick ihr toter
1834 2155 2997 2219 Gatte eintreten. Zuerst sah sie mich mit einem unsicheren
1840 2193 3006 2261 Lächeln an, als wollte sie mir zu verstehen geben, daß ich
1837 2245 2998 2311 mich nicht zu sorgen brauche, und daß ihr niemand auch nur
1838 2293 2995 2356 im geringsten anmerken werde, was in der letzten Stunde
1844 2347 2994 2408 vorgefallen war. Aber gleich las sie offenbar in dem ver¬
1833 2388 2998 2461 zweifelten Ernst meines Blickes, daß meine Mahnung doch
1836 2447 2998 2497 etwas anderes bedeutet haben müßte als die kleinliche Be¬
1848 2484 3005 2546 sorgnis, sie könne sich etwa verraten. Sie hatte eben noch
1842 2540 3004 2613 Zeit zu fragen: „Was ist geschehen?“ Ich aber nicht mehr
1833 2587 2430 2642 die Möglichkeit, zu antworten.
1877 2627 2996 2698 Die Schritte hallten schon im benachbarten Raum. Agathe,
1842 2689 2999 2741 ohne sich nur nach mir umzuwenden, trat in den Salon, und
1837 2738 3001 2797 ich folgte ihr. Aline stand da in der Türe zwischen Salon
1838 2778 2998 2840 und Terrasse, streifte mich nur mit einem ratlos=verwunderten
1838 2826 2995 2891 Blick, faßte die Hände der erblassenden Freundin und, in
1842 2874 2999 2930 Tränen ausbrechend, schloß sie sie in die Arme. Agathens
1853 2929 2999 2988 Augen aber starrten vorbei an Aline mit so unerbittlicher
1843 2979 3008 3035 Frage in die meinen, als wollte sie die Antwort aus meiner
1849 3015 3000 3080 Stirn saugen; ich legte den Finger an meinen Mund und
1850 3060 3000 3127 spürte selbst, daß diese armselige Gebärde die Bitte an Agathe
1848 3113 3007 3182 bedeutete, eher mich als sich zu verraten. In ihrem Blick
1851 3163 3001 3237 aber war mehr, als ich je in einem Menschenblick gesehen:
1857 3728 3282 3937 Ooternattung eien d Vos Big Ne.  8100
