3484 4256
329 181 1156 270 43. Der Sekundant
1298 173 1672 278 box 6/7
590 649 1769 742 wesen, für Förderung und Sicherung des Tarifvertrags¬
2975 682 3371 779 Geliebte. Ihr Ge
1818 691 2955 771 Trotzdem ist die Episode des Volksbundes nicht vergeblich
588 723 1770 785 rechts. Daß er neben diesen Fragen des Arbeiterrechts für
2987 747 3375 826 Augen — den ein
1787 756 2952 824 gewesen. Aus den Kreisen, die sich damals mit Ernst
590 772 1765 829 die durch den gewerkschaftlichen Zusammenschluß bereits er¬
2970 805 3371 872 Oberlippe schatten
1781 814 2957 873 Francke zu gemeinsamer Arbeit fanden, sind die Männer ge¬
584 804 1801 883 starkten Arbeiterschichten auch die wirtschaftlich Schwächsten
2982 849 3366 918 aber nicht stehen, di
587 846 2969 926 nicht vergaß und sich für den Schutz der Heimarbeiter, der kommen, und die Parteien entstanden, die das deutsche Volk
587 904 3383 977 Jugendlichen, der Kinder mit aller Güte seines Herzens ein= nach dem äußeren und inneren Zusammenbrechen vor dem hat, und er erinner#
1791 950 3353 1010 Chaus gerettet haben. Auch die Demokratische Partei ge= Manchmal ge#e
597 964 1772 1020 setzte, ist selbstverständlich. Ebenso übernahm er während des
1777 992 3381 1065 hörte zu diesen Parteien, und Francke war ihr von Anfang Galerie, wo die K
584 1010 1763 1070 Krieges zu seinen vielen großen Arbeitsgebieten auch noch
1785 1056 2957 1118 an beigetreten. Und der vom Volksbund vertretene Ge¬
2985 1036 3373 1135 lange Zeit und seuf
584 1056 1760 1112 die Leitung des Arbeitsausschusses für Kriegerwitwen= und
1786 1099 2954 1164 danke, der auch das Lebenswerk Franckes beseelte: „Inter¬
582 1103 1771 1180 Waisenfürsorge und hat dort, unterstützt von der bekannten
1788 1238 2950 1320 empfand ich mein Hiersein, dieses Aug in Aug=Sitzen und
2984 1242 3376 1318 allen Seiten aus, o
2983 1308 3357 1377 vielleicht verraten
1788 1311 2963 1366 Sprechen mit Agathe, das leise Flattern der Fenstervorhänge,
679 1244 1671 1375 Der Sekundant
1783 1342 2951 1416 das schweigsame Erscheinen und Verschwinden des Dieners
2974 1362 3372 1424 sind ja lauter frem
998 1380 1351 1470 Novelle von
2979 1405 3373 1472 ein Indianer sitzt ar
1788 1408 2963 1466 keineswegs als traumhaft, sondern eher als eine andere,
2985 1455 3351 1521 Federnschmuck auf
1780 1465 2959 1512 geringere Art von Wirklichkeit. Aus dieser andern Wirk¬
768 1457 1581 1552 ARTHUE SCENITZLER
1789 1510 2957 1570 lichkeit schrillte auch das Pfeifen des kleinen Dampfers zu
2994 1506 3385 1574 Wie, sie ist uns na
1803 1558 2968 1618 uns her, in dieser Wirklichkeit wußte ich den See liegen
2994 1554 3309 1619 Also fort, fort.
1066 1571 1761 1656 Copyright 1931 by Heinrich Schnitzler
608 1579 878 1655 2. Fortsetzung
1789 1591 2961 1653 unten im Mittagsglanz, in diese andere war auch Aline
2988 1593 3379 1669 wendet sich nach m
620 1639 1768 1706 Ich erwiterte nichts, denn kein Wort wäre das rechte ge¬
1788 1652 2956 1704 wieder zurückgekehrt, und dort lag auch der Mann, den
2991 1652 3385 1705 wieder rast der Zu
590 1684 1769 1755 wesen. Allerlei blasse Erlebnisse der letzten Tage leuchteten in
1792 1695 2964 1754 ich heute morgens tot am Waldesrand hatte hinsinken sehen.
2976 1689 3391 1755 Fenster blickt irgen
1800 1741 2958 1796 Wirklicher als all das war, was zwischen Agathe und mir
587 1739 1759 1798 meiner Seele plötzlich auf. Es fiel mir ein, wie sie sich auf
2990 1746 3374 1807 Er klammert sich o
596 1786 1761 1851 jenem Ausflug neulich in meinen Arm gehängt hatte und
1789 1785 2968 1843 hin und her schwebte, war, nicht was ich sagte, doch der
2993 1788 3370 1861 Er hält ein Stück
594 1831 1763 1892 mit mir den Waldpfad hinuntergelaufen war, dann er¬
1799 1817 2964 1910 Ton ihrer Stimme, war ihr Blick, ihr Wunsch war unser
2984 1834 3382 1910 wiß. Ich stürze de
597 1879 1769 1941 innerte ich mich wieder, wie sie mir nachts im Garten mnit
1800 1888 2031 1954 Verlangen.
2998 1873 3365 1949 weiß nicht wohin —
596 1929 1761 1992 ihren schmalen Fingern durch die Haare gefahren war, und
2989 1930 3379 2000 Glück, daß Agathen
1822 1908 2977 1998 Das Mahl war zu Ende. Der Diener kam nicht wieder,
584 1979 1756 2041 jenes Grußwort klang mir zärtlich durch den Sinn: „Kind.“
2994 1979 3381 2052 ja ein großes englis
1780 1965 2143 2050 wir waren allein.
590 2023 1769 2086 Ich hatte all das nicht verstanden, zu verstehen nicht gewagt.
2995 2034 3379 2097 darin, sieht sich die
1817 2025 2965 2101 Agathe stand vom Tische auf, sie trat auf mich zu, nahm
600 2071 1765 2134 Denken Sie, wie jung ich war! Es war das erste Mal,
3001 2078 3367 2139 das den Spielsaal
1788 2082 2970 2143 meinen Kopf in beide Hände und küßte mich auf die Lippen.
585 2118 1767 2179 daß eine schöne, junge Frau, eine Frau, die ich für eine
3002 2120 3372 2190 unter den Spielern
1799 2136 2974 2198 Es war kein glühender Kuß, er war eher milde, mehr Güte
591 2168 1766 2227 liebende und geliebte Gattin hielt, mir das Geschenk ihres
2999 2177 3376 2236 ihr Mann dieses B
1790 2174 2965 2246 als Leidenschaft war in ihm, er war geschwisterlich und doch
579 2216 1765 2279 Herzens zu bieten schien. Wie hätte ich das erwarten dürfen?
2986 2219 3380 2285 uns geschehen? Wi
1800 2232 2816 2298 berauschend, er war Feierlichkeit und Wollust zugleich.
582 2262 1778 2330 Und wenn sie nun ihrer Freude über mein Kommen so un¬
1832 2253 2973 2343 Und später, von ihrem Arm umschlungen, glitt ich in
585 2311 1767 2370 verhahlen Ausdruck gab, so bedeutete das nichts anderes, als
1803 2324 2145 2387 tausend Träume.
3034 2320 3359 2393 Und mit einem
581 2360 1774 2427 daß sie mich für ungeduldig und für verliebt genug hielt, um
1832 2359 2962 2430 Wir lagen auf einen Wiesenhang hingestreckt; es war der
2989 2370 3383 2435 Zimmer, auf den
1703 2413 1772 2474 zu
596 2415 1699 2471 mit voller Ueberlegung die Abwesenheit ihres Gatten
1788 2406 2967 2482 zleiche, auf dem sie neulich erst an Eduards Seite gelegen
2989 2418 3383 2480 lich und zugleich do
592 2451 1702 2518 diesem unvermuteten und verwegenen Besuch zu benützen.
1787 2451 2959 2520 war. Ich wundere mich, daß sie so ruhig ist, ohne jede
2985 2472 3386 2537 bin, ich träume, da
1788 2515 2970 2570 Angst, irgend etwas Furchtbares ist ja geschehen — ich weiß
621 2512 1254 2577 „Es ist serviert, gnädige Frau.“
2984 2509 3368 2576 zu den flatternden
1796 2562 2964 2621 nicht was, denke auch nicht darüber nach, aber ich weiß, daß
635 2533 1772 2620 Eine leichte Bewegung Agathens. Ich wandte mich um.
2993 2570 3388 2636 langsame Schritte
1800 2603 2968 2665 wir fort müssen, so weit als möglich. Dann sitzen wir in
585 2613 1764 2666 Wir traten ins Nebenzimmer. Es war Agathens Boudoir,
2986 2614 3353 2687 daß man jetzt die
1785 2653 2960 2722 einem Eisenbahncoupé; das Fenster ist offen, die Vorhänge,
587 2658 1773 2718 das Fenster stand offen, weiße Gardinen schlossen uns gegen
2983 2659 3367 2725 fliehe. Ich bin au
1789 2708 2957 2763 nicht befestigt, fliegen hin und her, zerrissene Bilder wechseln¬
589 2705 1771 2778 draußen ab, Garten und Luft schimmerten mit unbestimmten
2997 2714 3340 2772 über die Stufen.
1795 2754 2970 2806 der Landschaften rasen vorbei, Wälder, Wiesen, Zäune, Felsen,
2985 2755 3345 2822 Ich sehe sie nicht.
583 2752 877 2826 Farben durch.
1802 2795 2967 2854 Kirchen, vereinzelte Bäume, unbegreiflich schnell und ohne
2983 2789 3384 2865 und daß es mir un
640 2779 1774 2869 Wir saßen einander gegenüber, Agathe und ich. Der
1790 2845 2969 2914 jeden Zusammenhang. Rasch genug, niemand kann uns nach,
2996 2844 3377 2914 stehe ich im Garte
596 2852 1761 2914 Diener, jetzt in dunkelblauem Lüstersakko mit Goldknöpfen,
2467 2876 2523 2929 700
1785 2898 2964 2946 nicht einmal die Leute, die im gleichen Zug fahren; es ist unfaß¬
2991 2900 3378 2965 licher Garten, es ist
599 2899 1771 2969 ging aus und ein und servierte. Es war mit erlesenem
1796 2945 2964 3001 bar, aber doch ist es so. Plötzlich höre ich ihren Namen
2988 2949 3386 3011 es ist genau der G#
597 2945 1772 3014 Geschmack edeckt. Ein einfaches Mahl, und als Getränk nichts
1798 2992 2960 3051 draußen rufen, ich weiß, es ist ein Telegraphenbote, der sie
2985 2991 3382 3062 zum Geburtstag ge
600 2994 1776 3059 als Champagner. Unser Tischgespräch war völlig harmlos
1799 3033 2964 3092 sucht. In mir ist nur die Angst, daß sie es hören könnte.
2988 3043 3379 3105 gar nicht gewußt, di
599 3044 1771 3111 und mußte es sein, dabei aber gänzlich ungezwungen, nicht
2998 3086 3361 3147 Auch kleine Vögel.
592 3091 1768 3159 nur von ihrer, sondern auch von meiner Seite. Doch wäh¬
1791 3090 2959 3200 gun, und der Sag rcs relter. Uer reiten a. die ruisen
605 3130 1763 3205 rend wir von den Alltäglichkeiten des Landlebens sprachen,
2983 3170 3395 3256 weil ich sie bemerk#
604 3166 1776 3249 von abgetanen un' geplanten Ausflügen, von der bevor¬
1854 3227 2966 3286 es wird wohl Monte Carlo sein. Wie kann ich nur
605 3213 1777 3305 stehenden sonntäglichen Regatta, der voraussichtlichen Teil¬
2980 3231 3381 3338 Lehergen derstnltg
1789 3265 2965 3336 zweifeln? Natürlich ist es Monte Carlo. Agathe sitzt am
599 3271 1775 3343 nahme und den Chancen Loibergers — obwohl ich keinen
2980 3317 3364 3384 daß er tot ist und
1792 3320 2961 3379 Spieltisch mitten unter anderen Leuten, sie ist schön, sie ist
600 3328 1769 3388 Augenblick vergaß, daß Eduard tot war, und daß ich nur
2976 3372 3387 3453 mantel an. Ich m
1779 3376 2954 3449 ganz ruhig, sie spielt, sie verliert, sie gewinnt, ich schaue nach
599 3373 1713 3465 hergekommen war, um es seiner Gattin zu berichten
1794 3831 3184 3912 Unterhaldugsblaft d.Von etg Nc-3 2.4.1422
