3436 4352
147 224 236 314 1
885 218 1324 309 box 35/1
234 238 727 333 Gedichte
2451 1195 2645 1275 Seite 5
1374 1208 1707 1288 DIE DONAU
457 1225 607 1303 No. 7
1667 1314 2694 1402 bolischen Beziehung das nüchterne Interesse des
424 1344 1523 1428 Weise, wie jemand das Vermögen schaffe oder er¬
1662 1380 2683 1432 Deutschen zur Begründung des Forums für aus¬
418 1411 949 1482 schaffe, gleichgültig sei.
1663 1415 2694 1484 reichend erachtet. Dann werden wir auch jenem
507 1435 1518 1508 Diese allgemeine Auffassung ist nun durch ein
1661 1460 2700 1513 idealen Ziele näher kommen, das die Reformatoren
418 1488 1518 1570 Urteil des Oberlandesgerichts Dresden durchbrochen
1674 1506 2699 1557 des Prozeßrechts mit in erster Linie im Auge haben:
1668 1539 2697 1602 Reduzierung aller Zuständigkeitsfragen auf das denk¬
421 1538 1520 1590 worden, welches das vorstehend geschilderte Manöver
1671 1569 2699 1632 barste Minimum und möglichster Ausschiuß aller
419 1574 1521 1652 ale ungeeignet erklärt, um darauf die Zuständigkeit
1673 1617 2701 1667 Abweisungen ab instantia. Die Bestimmung des
426 1625 1526 1704 des inländischen Gerichtes gegen einen Ausländer zu
1677 1654 2696 1718 § 505 Z. P. O. zeigt den richtigen Weg: nicht Ab¬
431 1677 691 1744 begründen.
1675 1684 2700 1748 weisung der Klage, sondern Verweisung der
518 1694 1522 1779 Aus dem interessanten Urteil sei nur folgender
2582 1733 2712 1788 und
1681 1735 2485 1796 Klage an das zuständige Gericht
416 1761 1362 1823 Passus zur Kenntnis unserer Leser gebracht:
1682 1761 2707 1838 zwar unanfechtbare Ueberweisung — wird — hoffent¬
1960 1811 2708 1876 die richterliche Reaktion auf eine be¬
1684 1821 1908 1878 lich bald!
565 1809 1517 1887 „Auch auf dem Gebiete des Zivilprozesses kann
1672 1857 2535 1935 gründete Zuständigkeitsbemängelung bilden.“
506 1870 1524 1921 die Aufgabe des Staates nur dahin gehen, dem ehr¬
513 1910 1525 1960 lichen und redlichen Geschäftsverkehr zu Hilfe zu
511 1936 1532 1992 kommen, und damit würde er in Widerstreit treten,
513 1982 1530 2046 wenn er einem Verhalten, wie es im vorliegenden
2099 1927 2233 2089 320
521 2025 1529 2075 Falle betätigt worden ist, Vorschub leisten wollte.
513 2058 1541 2118 Der Staat würde in einem solchen Falle nicht als
514 2099 1535 2152 Hüter der Gerechtigkeit, sondern als Handlanger der
524 2140 1537 2201 Ungerechtigkeit tätig werden. Wenn der Staat einen
521 2188 1546 2241 Rechtsbehelf an einen bestimmten Tatbestand knüpft,
1850 2189 2450 2286 Sprüche in Verseh
525 2211 1544 2275 so tut er dies, wenn er nicht seine Aufgabe als
523 2254 1536 2320 Hüter der Rechtsordnung in das Gegenteil verkehren
1852 2262 2463 2353 von Arthur Schnitzler.“
515 2299 1541 2368 will, immer nur unter der Voraussetzung, daß der,
518 2353 1537 2410 der den Rechtsbehelf in Anspruch nimmt, die dazu
1688 2329 2558 2429 Von Ferne zu Ferne grüßt übers Länd
521 2373 1542 2440 erforderlichen tatsächlichen Unterlagen nicht durch
1736 2398 2562 2472 ein Gipfel den andern, ewig verwahdt.
515 2414 1538 2465 eine dem Rechte zuwiderlaufende Handlung arglistig
512 2454 1544 2516 erschlichen hat. Dieser Satz brauchte in dem Ge¬
1686 2456 2603 2541 Schwer dunsten die Täler ihnen zu Fühen
526 2507 1541 2550 setze — hiel in § 23 Z. P. O. — nicht ausdrücklich
1681 2520 2584 2604 und ahnen nichts von der Höhen Grüßen.
525 2530 1552 2594 ausgesprochen zu werden, weil er sich als eine
526 2580 1542 2630 selbstverständliche Folge des Grundsatzes darstellt,
523 2620 1542 2678 daß der Staat als Träger der Rechtsordnung eben
520 2648 1541 2707 nur den lauteren und redlichen Geschäftsverkehr
1681 2665 2547 2761 Heb’ dich hinweg mit deinem Schelten
522 2702 1176 2763 schützen darf und schützen will.“
1689 2734 2443 2812 aus unsern Frühlingswanderreih'n!
538 2731 1540 2819 Das Urteil hat selbstverständlich in Fachkreisen
457 2788 1544 2857 ein allgemeines Echo erweckt und insbesondere ist
1699 2794 2601 2871 Wer nur den schönsten Baum läßt gelten,
458 2851 1541 2908 ein Aufsatz des Rechtsanwalts Breit in Dresden inso¬
1687 2854 2501 2942 dem kann im Walde wohl nicht sein.
451 2887 1547 2956 fern von allgemeinem Interesse, als er de lege ferenda,
451 2942 1542 2994 nachdem er das Urteil des Dresdner Oberlandes¬
456 2969 1552 3051 gerichts als besonders sympathisch und die bisherige
460 3015 1549 3088 Auffassung des Reichsgerichts als jeder Ueber¬
1696 2999 2588 3081 „Aus diesen Tiefen steigt gar übler Duft;
452 3070 1551 3128 zeugungskraft bar hingestellt hat, für die kommende
1697 3069 2602 3138 hier ist’s, wo aller Laster Quellen fließen.“
451 3110 1548 3165 Reform des Zivilprozeßrechts folgende interessante
1689 3142 2602 3214 Du irrst! Dies ist die dumpfe Rätselkluft,
450 3150 1564 3217 Gesichtspunkte hinsichtlich der Zuständigkeit gegen
1690 3184 2625 3274 draus in die Welt sich Tugenden ergießen.
449 3203 864 3273 Ausländer anführt:
595 3235 1550 3316 „Die künftige Prozeßordnung wird von dem Er¬
534 3296 1557 3348 fordernis des Vermögens gänzlich abzusehen haben.
542 3331 1561 3378 Der Ausländer, der im Inlande keinen Wohnsitz
1696 3337 2727 3424 Recht hattest du?.. Das will nicht viel bedeuten,
530 3373 1559 3426 hat, wird dort Recht nehmen müssen, wo ihn der
529 3405 1558 3482 Inländer belangt, auch wenn er nicht durch ein paar
1707 3398 2637 3468 nur was du wirktest, reicht in Ewigkeiten.
540 3447 1557 3514 Gummischuhe oder einen alten Oegenschirm sym¬
535 3498 1562 3542 bolisch repräsentiert wird. Inwieweit das Urteil im
543 3527 1576 3587 Inlande vollstreckt werden kann, ist eine Sache für
544 3567 1569 3627 sich. Es ist Pflicht des deutschen Gesetzgebers,
531 3604 1567 3653 das berechtigte Interesse des Deutschen, den Aus¬
1748 3608 2743 3683 Aus dem Julihefte der ausgezeichnet geleiteten Wiener
540 3644 1570 3702 länder vor sein Forum zu ziehen, zu schützen. Das
540 3670 2218 3752 ist aber nur dann möglich, wenn er statt einer sym- Kunstzeitschrift „Der Merker“.
