2920 4352
133 266 720 377 1. Gedichte
868 248 1323 340 box 35/1
2044 196 2114 257 —
1752 1721 2186 1797 RENDEZ-VOUS.
1482 1833 2180 1901 Sitze des Abends im Kaffeehaus,
1483 1901 2314 1962 Schau zum Fenster ins Dunkel hinaus.
1606 1956 2281 2019 Sitze da stumm für mich allein,
1600 2010 2447 2080 Rings um mich mag’s wohl lustiger sein.
1481 2079 2219 2143 Karte fliegt hin und Karte zurück,
1487 2126 2333 2208 Auf dem Billard roilt Kugel und Glück.
1601 2197 2324 2262 Bleib an meinem Fenster in Ruh,
1607 2246 2367 2314 Schau dem Treiben der Flocken zu.
1478 2310 2304 2377 Kreuzen sich drauß zwei stille Gassen,
1481 2366 2229 2441 Liegen beschneit da und verlassen.
1607 2425 2300 2495 Trübe flimmert das müde Licht,
1606 2494 2454 2543 Und der Schnee fällt langsam und dicht.
1491 2544 2215 2612 Träume beinah! Bin erst erwacht,
1486 2601 2330 2668 Als mein Mädchen durchs Fenster lacht.
1598 2671 2273 2730 Oh, wie eil ich da rasch hinaus!
1601 2723 2245 2794 Areviderci, mein Kaffeehaus!
