3296 4352
827 220 1276 321 box 35/1
78 242 775 351 1. Gedichte
608 1880 1263 1960 ORCHESTER DES LEBENS.
460 1984 1383 2072 Verklungen sind die holden Freudenlieder,
453 2059 1259 2127 Die vollen Jubeltöne sind verstummt;
450 2124 1314 2177 Eintönig hör ich nur, wie immer wieder
455 2177 1443 2235 Der trübe Baß des Lebens summt und brummt.
464 2346 1221 2413 Der sanften Flöte heitres Tirilieren,
463 2415 1353 2474 Die immer nur von Glück und Liebe sang,
453 2463 1363 2544 Der lustigen Geigen Finden und Verlieren,
459 2531 1342 2593 Des hellen Jugendmuts Trompetenklang, —
466 2695 1389 2776 Dahin, verhallt! Das ganze Spiel will enden,
474 2777 1263 2842 Da jeder Spieler seines Parts vergißt.
474 2832 1373 2906 Nur einer noch mit nimmermüden Händen
477 2884 1379 2972 Führt seinen Bogen: Trübsinn, der Bassist.
436 3371 474 3432 38
1930 156 2072 218 —
2215 1862 2498 1937 THERESE.
1809 1967 2642 2047 Die kühlen Morgenwinde wehen sacht,
1808 2048 2869 2105 Ich komm nach Hause von durchschwelgter Nacht.
1913 2095 2704 2160 Da find ich Pult und finde Bücherei,
1935 2151 2696 2227 Wie abends, da ich emsig saß dabei.
1802 2213 2757 2286 Noch glüht die Stirne mir vom Weingenuß,
1809 2273 2701 2341 Toch mir die Lippen von Theresens Kuß.
1922 2335 2802 2381 Noch fliegen meine Sinne weg von hier —
1925 2391 2737 2463 Wie war es üppig, war es süß bei dir!
1808 2447 2686 2505 Damastner Vorhang rollte schwer herab —
1812 2507 2710 2578 Wir Zwei, wie Kinder, tanzten auf und ab.
1939 2580 2843 2631 Wie schön das Bild in deinem Zimmer war,
1930 2623 2778 2695 Venus, die Schaumgeborne, stallt es dar.
1818 2685 2546 2755 Ob meinem Bette voll Melancholie
1816 2759 2752 2804 Hängt Rembrandts düstres Bild „Anatomie“.
1924 2814 2867 2865 Die Polster sind so kalt, mich fröstelt schier —
1926 2872 2856 2925 Wie hold und warm, Therese, war’s bei dir!
