3392 4352
840 253 1202 346 box 35/
233 259 300 327 6
229 270 673 361 dichte
287 1332 1173 1434 CASINOS IN OSTERREICH
396 1407 1071 1475 Paden Salzburg Semmering
301 1455 1159 1519 Rouleite — Baccara — Chemin de fer
307 1517 1159 1607 Osterreichische Casino A. G.
294 1556 1174 1643 Wien III, Schwarzenbergplatz 5a
784 1658 831 1738 7
301 1692 798 1792 „OBSERVER“
593 1735 1182 1812 österr. behördlich konzessioniertes
546 1785 1185 1844 Unternehmen für Zeitungs-Ausschnitte
548 1824 1182 1888 WienI, Wollzeile 11, Telephon R-23-0-43
319 1952 870 2084 Aeschmuit ue. Alt 19
326 2234 731 2326 vom: 24 F
336 2296 1423 2360 (Grillparzer=Gesellschaft.) Ein höchst erfolgreiches Debüt
261 2357 1417 2404 bedeutete die Vorlesung des Mitgliedes des Deutschen Volks¬
267 2403 1424 2460 theaters Karl Kyser in der Griilparzer=Gesell¬
266 2440 1418 2501 schaft aus Werken des Patrons dieser vornehmen Vereinigung
262 2492 1425 2545 und anderer österreichischer Dichter, mit erlesenem Geschmack
263 2524 1416 2574 gewählt und durchaus charakteristisch zum Vortrag gebracht. Die
263 2569 1431 2612 Perlen des Programms waren Grillparzers mächtiges „Vater
266 2612 1416 2662 unser“, seine feinsinnige Glosse über Raimund, tiefschürfende
270 2656 1419 2700 Selbstbetrachtungen und die ein künstlerisches Porträt ergebenden
259 2696 1438 2747 Beethoven=Erinnerungen, ferner nebst der hinterlassenen Parabel
265 2740 1436 2786 Arthur Schnitzlers herrliche Lyrik von Max Mell, Th. Csokor,
264 2775 1421 2826 Rudolf Jeremias Kreutz, Johannes Ilg und anderen, die durch¬
270 2817 1433 2863 wegs tiefste Ergriffenheit auslöste. Für die Gesellschaft und das
271 2860 1425 2905 beifallsfreudige Publikum sprach dem Künstler Staats= und Hof¬
264 2903 1424 2946 rat Professor Dr. Oswald Redlich, Präsident der Akademie
252 2950 1429 3015 der Wissenschaften, den Dank für die erhebende Darbietung aus.
1745 1058 2623 1150 CAIINOS IN OSTERREICH
1844 1123 2517 1195 Baden Salzburg Semmering
1752 1178 2620 1241 Roulette — Baccara — Chemin de fer
1757 1236 2611 1301 Osterreichische Casino A. G.
1748 1294 2621 1336 Wien III, Schwarzenbergplatz 5a
1760 1409 2264 1499 „OBSEBVER“
2015 1448 2625 1524 I. österr. behördlich konzessioniertes
1998 1501 2627 1558 Unternehmen für Zeitungs-Ausschnitte
2002 1541 2614 1602 Wien I, Wollzeile 11, Telephon R-23-0-43
1758 1722 2124 1791 Ausschnitt aus:
1971 1762 2420 1862 Neuse Wiener Ihen
2070 1843 2535 1954 2 5 FEB. 1936
1772 1951 1929 2013 vom:
1642 2050 2838 2103 * (Vorlesung Karl Kyser.) Im Rahmen der
1630 2096 2844 2168 Grillparzer=Gesellschaft las dieser Tage im Rittersaal des
1620 2135 2842 2209 niederösterreichischen Landhauses in der Herrengasse Karl
1624 2179 2841 2265 Kyser vom Deutschen Volkstheater Grillparzer und andre
1628 2220 2853 2287 österreichische Dichter Das Programm war ungemein reich¬
1629 2261 2846 2334 haltig. Zu den stärksten Eindrücken zählte vor allem Grill¬
2744 2312 2846 2355 an
1625 2311 2745 2383 parzers „Vater unser“ dann seine „Erinnerungen
1638 2345 2846 2418 Beethoven“. Kyser las sie mit ebenst großer Eindringlichkeit
1632 2398 2855 2461 wie mit vornehmer Zurückhaltung. Dann las Kyser Schnitzler
1632 2433 2856 2493 und Wildgans. Von Schnitzler lernte man eine unveröffent¬
1638 2474 2854 2549 lichte Ballade von zritkofer Größe und Gültigkeit kennen. Auf
1635 2516 2860 2588 einsame. Bergeshöhe begegnen dem Dichter himmlische Ge¬
1644 2558 2859 2626 statten, die ins Tal zu den Menschen gleiten. Es sind die Iheen.
1646 2599 2849 2667 Bald dringen von den Menschen Laute der Freude herauf,
1639 2644 2859 2707 die sich in Laute der Wut der Verzweiflung, des Hasses, in
1640 2702 2859 2754 wüsten Larm wandeln. Und dann (war es nach Stunden
1639 2735 2866 2815 Joder nach Jahrhunderten?) kehren die Gestalken wieder, zer¬
1645 2767 2852 2824 rissen innerlich zerbrochen. Sie waren von den Menschen mit
1657 2832 2863 2879 Jubel empfangen und als Führer begrüßt und gewählt worden.
1655 2858 2874 2916 Aber dann bildeten sich unter den Menschen feindliche
1652 2920 2859 2956 Gruppen, die Menschen nannten die Ideen nicht mehr „Ideen“,
1663 2946 2865 3007 sondern „Ueberzeugungen“, wüster Kampf begann. „Sie
1657 2976 2873 3054 schwingen,“ erzählen die Ideen dem Dichter, „die Feten unsrer
1665 3030 2865 3083 Gewänder, sie hauen sie sich gegenseitig um die Köpfe, das
1658 3075 2865 3134 ist ihnen genug. Wir aber steigen wieder empor zu Gott,
1662 3115 2871 3177 woher wir gekommen.“ Erschütternd wirken von Wildgans
1667 3150 2869 3217 „Die blinden Soldaten“ mit ihrer Klage: „Oh, wie schön war
1663 3190 2872 3252 die Welt, oh, wie schön war sie selbst noch in Kampf, Blut und
1669 3234 2864 3297 Brand“ denn man sah einst, man sah. Den Schluß des Abends
1667 3277 2880 3343 bildeten Verse lebender österreichischer Dichter. Man hörte
1669 3323 2881 3381 Max Mell Csokor, Henz, Zernatto, Helene Ehmann, Rudolf
1663 3376 2875 3426 List, Rudolf Jeramias Kreutz, Johannes Ilg, Wilhelm Franke,
1673 3413 2873 3465 und immer waren es starke Worte, große Gedanken. Kyser
1669 3444 2884 3507 hatte eine vortreffliche Auswahl getroffen und brachte jedes
1661 3492 2372 3570 Wort zur entsprechenden Geltung.
