3436 4448
139 337 1318 421 1. Panphlets offprints
185 1216 1520 1293 und vom Gymnasio academico gejagt. Da sich der Ratsherr und Welt¬
192 1268 1529 1356 fahrer Meinerts und der Feldobrist Zierenberg nach eines Viertelsäkulums
197 1323 1524 1413 Spanne wiedersehen, holen sie den Bauernsohn als einen Triumphator in
191 1371 1524 1460 ihre Mauern ein. Nun steigen des Zierenbergers Süchte vollends zu seinem
199 1418 1515 1501 Stern. Er will ein Volksführer werden, er träumt sich eine Krone und
197 1468 1527 1535 vertraut, wie der Friedländer, auf seine Sternenstunde. Das Leitmotiv
197 1518 1526 1591 klingt an: Der Mensch kann alles, der Mensch vermag alles. Wie Raketen
193 1575 1527 1631 schießen glänzende Namen durch die Erinnerung: Götz, Florian Geyer,
193 1621 1534 1696 Wallenstein.. Götz und Geyer und Wallenstein tragen die Gründe
203 1680 1539 1734 ihres Abfalls in der eigenen Brust. Der Zierenberger — und einer, der
192 1710 1536 1784 das Gras wachsen hört, möchte da schon stutzen — der Zierenberger hat des
199 1753 1539 1824 Grundes nicht genug in der Mannesbrust, sein Weib lockt um den Preis
205 1812 1542 1889 ihrer selbst, und es erscheint ungewiß, ob ihre Wünsche das Echo seines
199 1858 1541 1932 Ehrgeizes sind oder aber seine Ehrsucht ihr Echo. Aus seines Weibes
202 1907 1535 1975 Ehrgeiz ... Sie heißt Cordula und ist eine polnische Grafentochter. Sie
207 1962 1531 2033 verachtet den Plebejer, an den sie nach einem heimlichen Fehltritt ihrer
204 2006 1538 2094 Jugend losgeschlagen wurde, und sie haßt den Starken, der wider den
206 2050 1548 2124 Sadismus ihrer Natur ist. Dennoch will sie seinen Triumph: seine Stärke
210 2103 1540 2177 soll der Sockel ihrer Frauenmacht sein. Aber sie wiegt währenddem, als
216 2173 1449 2236 ihr Kind von ihm, Mordgedanken im Arm und harrt des Rächers.
280 2200 1530 2268 Der Rächer sind gleich zwei. Ein Feind und ein Freund. Der Feind
212 2251 1544 2336 ist Jobs Hamel, Syndikus von Danzig, eben der, um dessen Verstümmelung
215 2313 1535 2367 willen Andreas einst die Stadt fliehen mußte. Er giert danach, den Zieren¬
215 2352 1551 2420 berger zu sich heran und heraufzuziehen, um ihn aus sicherer Nähe desto
217 2396 1544 2469 tiefer zu stürzen. Der Freund ist Sebald Meinerts, eben der, um dessentwillen
213 2444 1551 2517 Cordula verschachert wurde. Er verfällt der Frau seines Freundes, wie
214 2503 1551 2574 sie einst ihm verfallen war. Meinerts ist, gleich Zierenberg, ein nordwärts
213 2539 1542 2607 versprengter Spätling der Renaissance. Der eine schreibt mit der Eisen¬
226 2592 1550 2664 faust, der andre mit Samthandschuhen. Der Patrizier ist Genießer, wo
223 2667 1558 2719 jener Eroberer ist. Der Eroberer hat das Weib und kann es nicht wahren,
217 2704 1182 2757 der Genießer nimmt es und kann es nicht behalten.
282 2731 1551 2811 Dies sind die Fundamente des historischen Dramas, die auf einen ver¬
215 2783 1550 2870 wickelten Bauplan schließen lassen. Fundamente aus Zuständen und Gestalten.
224 2834 1564 2922 Und es muß gesagt werden: wenn anders etwas an diesem Schauspiel zu
220 2876 1563 2946 loben ist, so sind es bis hierher seine Charaktere. Sie sind — in der
220 2927 1566 3000 Anlage — glaubhaft und deutlich distanziert. Aber gerade sie geben in sich
222 2978 1569 3069 Beweis, daß sie nicht aus einem dichterischen Erleben geboren wurden: sie
225 3030 1568 3110 arbeiten sich aus der Historie bis zum Typus heraus, um späterhin — es
234 3083 1557 3148 wird sich zeigen — mit dem Moment ihres Eigenseins anzufangen, un¬
231 3126 1559 3203 faßbar zu irrlichtern. Typen, nicht Individualitäten, sind in den Steck¬
230 3178 1564 3248 briefen festgelegt, die Halbe seinen verbrecherischen Geschöpfen mitgibt. Da
237 3232 1568 3300 heißt es von Zierenberg: mächtige, überragende Statur, die Augen grübelnd
243 3281 1569 3355 und bohrend, alles an ihm von Natur aus ungeschlacht und bäurisch, aber
241 3323 1571 3401 durch eine gewisse erworbene Haltung und Würde geadelt. Von Meinerts:
1471 321 1923 411 box 36/7
1698 1253 3040 1314 schöne, männliche Erscheinung, regelmäßig geschnittene Züge, in die ein
1711 1310 3034 1353 stürmisches Leben sich eingeschrieben, reich gekleidet, ein Hauch von welt¬
1712 1343 3044 1394 männischem Wesen umgibt ihn. Von Hamel: gelbe, eingefallene Wangen,
1698 1402 3046 1453 messerscharfes Profil, bucklige Gestalt. Sagen wir doch einfach: sell-made¬
1708 1438 3040 1495 man, Lebemann, Intrigant. Drei Typen. Cordula und Andreas: Simson
1700 1494 3046 1549 und Delilah, der biderbe deutsche Bär und die verschlagene polnische Katze.
1699 1536 3042 1583 Es muß wohl sein, daß Cordula als polnischer Frauentyp nicht eben selten
1706 1588 3043 1654 ist: ich finde ihn in der Frau Tiralla aus Clara Viebigs letztem Roman
1710 1625 3049 1690 Absolvo te“ wieder. Wenn es des Zierenbergers ans Allzumenschliche
1703 1695 3046 1747 gekettetes Uebermenschentum gilt, läutet Halbe die Sturmglocke großtönender
1711 1732 3045 1798 Worte: „Der Mensch kann alles, der Mensch vermag alles! . . . Also
1704 1779 3041 1840 Wille, Kraft, Ausdauer ohnmächtig gegen die Unvernunft der Kreatur!
1702 1841 3037 1891 Immer wieder an den Grenzen des Menschlichen! . .. Sieg oder Unter¬
1704 1892 3044 1939 gang! Mit einem Wort steh ich oder fall ich!“ Wenn es Cordulas falsches
1711 1933 3049 1999 Girren gilt, klingelt ein Schellenspiel billiger Redensarten, und die humane
1707 1985 3043 2039 Weltweisbeit von Sebald Meinerts illustriert des großen Preußenkönigs
1711 2039 3049 2087 Flötenblasen: „Lassen sich widerstreitende Ansichten ewig nur mit dem Richt¬
1712 2073 3045 2131 schwert replizieren!“ Jobs Hamel — ein rechter Stiefsohn der Natur,
1700 2123 3045 2180 wie es nur je der verwachsene Kanzler Ambrosius Volland in Hauffs
1709 2165 3046 2235 „Lichtenstein war — weiß alles, sieht alles, durchfreuzt alles, als der Enkel
1703 2228 3044 2280 einer unabsehbaren Flucht von Theaterintriganten und der Erbe ihrer
1704 2272 3045 2336 geheiligten Tradition: „Darum hab ich für jeden Zug, den er auf dem
1715 2322 2583 2380 Schachbrett tut, schon den Gegenzug ersonnen.“
1782 2359 3037 2422 Es ist überflüssig, die Nebenfiguren des Spiels — als da sind: Lorenz,
1709 2415 3044 2478 des Zierenbergers Lerse, oder Järtke, der Cordula masochistischer Widerpart
1776 2474 3039 2529 auf ihre individuelle oder tyvische Rote anzuschneiden. Vielleicht ver¬
1701 2510 3037 2577 langt das historische Drama eine gewisse Typisierung, die ihm Distanz und
1708 2563 3039 2623 Stil gibt. Und in jedem Fall hätte sich — wenn man schon dem „Wahren
1703 2607 3046 2655 Gesicht“ dieserhalb eigentliche dichterische Werte abspricht — immer noch
1717 2658 3045 2715 ein gutes Theaterstück auf den Fundamenten zimmern lassen. Sudermann,
1714 2706 3052 2763 der über der Technik das Dichten verlernt hat, beweist es. Aber Halbe ist
1717 2758 3052 2817 von je kein Techniker gewesen; mancher lernt es eben nie. Und sein Drama
1704 2800 3051 2846 ist so verzwickt angelegt, daß auch ein geschickterer Kombinator sich in die
1714 2857 3050 2924 Zwickmühlen dieses Spiels verrennen möchte. Es ist ein Verräterspiel.
1710 2903 3042 2971 Zierenberg verrät die Stadt Danzig um seines Weibes Cordula willen.
1705 2957 3048 3002 Sein Weib Cordula verrät ihn um seines Freundes Meinerts willen. Sein
1710 3001 3051 3058 Freund Meinerts verrät ihn um seines Weibes Cordula und die Vaterstadt
1704 3044 3048 3109 um seinetwillen. Hamel schließlich verrät alle drei um ihrer gemeinsamen
1718 3090 3042 3157 Vaterstadt willen. Die Parteien sind: Zierenberg — Cordula — Hamel.
1711 3158 3059 3207 Meinerts ist ihrer aller Freund und somit ihrer aller Feind und Anstoß des
1716 3203 3056 3257 Verderbens. Aus dieser Anlage war dramatisch zu folgern: Der Ueber¬
1717 3235 3056 3285 mensch Zierenberg ist aus Liebesleidenschaft von seiner Kraft Einsamkeit
1716 3285 3051 3347 abgekommen und legt sein Geschick in Weibeshände, die es triumphierend
1712 3335 3052 3420 zu Boden schleudern, daß es zerbricht. Solcher Tragödie ungeschriebener
2930 3441 3058 3518 393
