3392 4256
1452 124 1848 225 box 7/5
399 134 1316 212 Weihnachtseinkaeufe
156 141 1322 269 A . 2 en ee eereneereeeneneneeeneeee
1640 505 2040 599 reie 12801.
1357 443 2364 693 — an
2238 650 2419 717 Ausschnitt
1054 675 1218 783 —##
2249 712 2526 814 Nr. 61
1520 692 2166 823 „OBSERVER“
1121 800 2578 908 L. Esterr. behördl. conc. Bureau für Zeitungsberichte u. Personalnachrichten
1315 876 2418 976 Wien, IX/1. Türkenstrasse 17.
1541 957 2311 1056 Filiale in Bocapest: „Figyelö“ ——
1228 1030 2492 1135 Vertretungen in Berlin, Cnicage, London, Newyork, Paris, Stockholm.
1848 1135 2079 1237 Triee
1131 1162 1677 1264 Ausschnitt aus:
1142 1281 1659 1404 ven 6
1621 1648 2161 1747 Cageschronik.
1962 1734 2306 1838 Triest, 6. März.
1682 1825 2053 1922 Jung=Wien.
1407 1902 2344 1968 Jostrag, gehalten im Schiller=Vereine am 5.
1408 1962 2345 2025 Närz 1900 voni Recitator Marcell Salzer
1770 1990 1978 2058 aus Wien.
1484 2020 2341 2120 Für die Deutschen Triests, denen es natur¬
1404 2096 2336 2148 gemäß schwer fällt, den literarischen Bewegungen
1395 2140 2339 2203 unseres Volkes zu folgen, ist es umse werthvoller,
1400 2187 2332 2241 von berufener Seite über das berichtet zu werden,
1400 2237 2332 2289 was in einem literarischen Brennpunkte unter
1396 2283 2341 2351 der jüngeren Dichtergeneration vorgeht und nach
1394 2331 2342 2393 Ausdruck ringt. Einen solchen Bericht gab in
1390 2377 2343 2445 außerordentlich gelungener und fesselnder Weise
1388 2432 2333 2472 der rühmlichst bekannte Recitator Marcell Sal¬
1390 2473 2326 2552 zer in einem Vortrage, den er gestern Abends
1395 2526 2287 2578 für die Mitglieder des Schiller=Vereines hielt.
1480 2564 2333 2637 Was man unter „Jung=Wien“ versteht, ist
1385 2614 2337 2686 eine Gruppe von Dichtern, die in der letzten Zeit
2354 2608 2558 2691 inclusive
1285 2628 1382 2698 50 2
1192 2629 1273 2704 Für
1387 2666 2326 2731 auf dem Boden der Kaiserstadt erwachsen ist und
2366 2681 2528 2732 Porto.
1265 2686 1350 2737 100
2357 2717 2539 2771 Zahlbar
1386 2712 2339 2777 deren Mittelpunkt der vielseitige Hermann Bahr,
1263 2721 1366 2769 200
1258 2765 1356 2812 500
1382 2766 2577 2835 der „problematische Dichter“, wie er sich selbst Fim Voraus.
1205 2805 1366 2881 „ 1000
1381 2814 2325 2885 einmal genannt hat, bildet. In den Werken Aller
2327 2822 2633 2886 hnitte ist das
1386 2858 2631 2909 spiegelt sich die Herkunft von der sinnlich heiteren, ch steht es den
1187 2893 1339 2954 Abonne
1392 2909 2474 2985 lebenslustigen Kaiserstadt wieder, wenn uuch bei ändern
1185 2942 1370 3007 Abonnent
1392 2952 2329 3003 einzelnen die Lebenslust von einer starken Dosis
1378 2989 2339 3067 von Melancholie durchsetzt ist. Charakteristisch ist
1381 3047 2338 3113 ferner für Alle die Vertiefung in die Ereignisse
1382 3096 2334 3155 des täglichen Lebens, die auch den unscheinbarsten
1382 3138 2334 3202 Vorgängen einen poetischen Zauber abzugewinnen
1381 3194 2326 3259 weiß, die treffliche Kleinmalerei, die echt Wieng,
1378 3235 2321 3304 rische Sprache mit ihrem lebensvollen Ausdruß
1374 3279 2324 3353 und der oft wirksamen dialektischen Färbung; dige
1386 3327 2327 3411 Gemisch von eleganter und salopper Form, die
1379 3374 2058 3445 Humor, der unter Thränen lächelt.
1468 3418 2316 3487 Wenn die einzelnen Vortragsstücke das all¬
1382 3478 2324 3534 gemeine Interesse des Publicums erregten, dürfen
1376 3517 2330 3567 wir nicht verschweigen, daß ein nicht unbedeuten¬
1384 3563 2323 3641 der Theil des Verdienstes auch dem trefflichen
1371 3599 2321 3686 Recitator zufällt Marcell Salzer ist
1362 3687 2316 3760 ein Meister der Vortragskunst nicht os da¬
1360 3729 2318 3801 durch, daß er alle äußeren Mittel derelben be¬
1350 3792 2309 3856 herrscht und sie mit edlem Maße ohne Auf¬
1354 3839 2308 3909 dringlichkeit und Effecthascherei anwendet, sondern
1348 3887 2302 3934 auch dadurch, daß er die Seele der Dichtungen
1353 3936 2312 3997 wiederzugeben versteht, daß er in die innersten
1355 3968 2307 4045 Intuitionen derselben eindringt und die eigene
1347 4025 2320 4092 Wärme der Ueberzeugung von der Schönheit der¬
1354 4068 1999 4132 selben auf die Zuhörer überträgt.
