3392 4256
1446 162 1867 275 box 7/5
161 191 1331 270 4.2. Weihnachtseinkaeufe
394 226 1354 315 Reimhacheschandeufe
1570 915 1642 993 0
374 985 2923 1034 Ein amerikanischer Berichterstatter, der an mehrere hundertjährige Verkauf übernommen hat und die einen Wert von 1 0 Kronen
263 965 3257 1076 Männer die Fraze richtete, was man tun müsse, um recht alt zu haben, veruntreut hat. Lausch wurde am 26. d. M.i nem Hotel Theaterkartenbureau VII.,
262 1062 3073 1114 werden, erhielt gon dem einen die Antwort: „Legen Sie sich frühzeitig im 1. Bezirk ausgeforscht und verhaftet. Er gestand, Erlös aus 38540 Serie.
2723 1084 2780 1129 *
1593 1094 1769 1158 Werienernershamneen
503 1099 658 1171 etten
709 1100 1002 1167 ETLETFETT
371 1120 2777 1214 Gabriele: Oh, Sie sind doch gewohnt, Puppen zu seine Gaben an unser unglückliches Wien gibt und h, des bin
2763 1109 3278 1249 Karnevalsfe
1509 1190 2765 1261 ich sicher, noch weiter geben wird. Da finden Sie as Berlin,
249 1197 542 1291 überzahlen!
1499 1220 2785 1321 das siets das Herz auf dem rechten Fleck hat, und an das Sie
2846 1214 3288 1310 Fröhlicher Maskensch
367 1236 1005 1317 Anatol: Gnädige Frau —
383 1299 3280 1366 Gabriele: Und da waltet doch sicher auch wieder das nie glauben wollen. Ich habe die kleinen Leute, die selbst nichts Sekt, wie lange ist es her
257 1337 3282 1411 geheimnisvolle Gesetz unserer Zeit: je schlechter alles wird, desto hatten, in den Annahmestellen gesehen, wo sie ihre Päckchen und freude entspringenden Fest##
1513 1387 3279 1465 Paketchen hintrugen, damit die Kinder in Wien erregten. Sind die Zeiten
254 1376 1529 1471 teurer bezahlen wir es. Darum tragen auch die Läden bei uns
1529 1446 3268 1503 etwas zu essen hätten. Ich habe gesehen, wie in schafts= und Künstlerfeste
269 1447 1521 1511 längst keine offenen Preisangaben mehr: sie wollen, daß der
1510 1486 2766 1539 den Pausen der Theaterstücke, in den Versammtungen, in den
2761 1483 3278 1547 vorüber? Nein, sie wurh
252 1484 1515 1568 Käufer nicht schon draußen von blassem Schrecken erfaßt wird.
1525 1530 2758 1608 Kaffeehäusern gesammelt wurde. Die braunen Zwanzig=Mark¬
2748 1533 3284 1593 erwachen jetzt aber aus ihr
263 1540 1526 1613 Lieber Melancholiker, im Laden Ihres Lebens ist eider zu viel
1512 1556 2757 1640 Scheine flogen auf die Teller! Gerade die Armen gaben am
2757 1568 3290 1657 zunächst wohltätigen Zweck
269 1575 1536 1664 Ersatzware, und Sie sind von jeher gewohnt gewesen, alles hundert¬
1496 1608 2782 1686 meisten. Berlin will die Tränen Wiens
2864 1611 3285 1692 Wieder werden die
261 1641 678 1721 fach zu überzahlen.
1493 1675 2767 1744 strocknen, nachdem es so lange von der
2755 1652 3288 1748 „Schöne Maske, ich kenne
380 1661 1419 1745 Anatol: Es ist so schwer, das Echte zu finden!
378 1729 3283 1789 Gabriele: Weil Sie es nie gesucht haben. Gehen Sies Lebenslust, den Melodien Wiens ge-geistreiche und geistlose
2759 1765 3291 1837 Kostüm und Maskier#
263 1768 2763 1833 einmal einmal auf die Straße hinaus! Unten, wo die Straßen=strunken hat. Das Verbrechen, das die ganze Welt an
1502 1819 3282 1886 Wien begeht, will Berlin wieder gut machen, das ist schöner als Frauen je nach Tempe
261 1831 562 1912 händler sind —
376 1863 3288 1927 Anatol: Da soll ich kaufen? Eiwa die „laufende der ganze Weihnachtsluxus und Weihnachtsplunder von einstl in die rosigen Ohren geflüt
253 1913 3285 1984 Maus“? Oder den Hampelmann zu fünf Groschen, oder die Als ob die beiden Städte sich über Berge und Länder weg die jugendfrische, selbst Greise
263 1960 3284 2029 „strampelnde Grete“, dieses süße Geschöpf, von dem alle unsere Hand reichten und zueinander sprächen: „Wir haben früher zu-Maskentreiben seine fröhli
1506 2008 3286 2076 sammen Glück und Ruhm geteilt — jetzt tragen wir auch unser geblieben, verändert jed
270 2025 1016 2104 Charaktertänzerinnen lernen könnten?
1529 2055 2762 2119 Unglück zusammen!“ Sehen Sie, sein Herz entdeckt zu haben, wo
2765 2041 3293 2119 Redouten des heurigen #
380 2058 1523 2137 Gabriele: Etwas Lebensfreude und etwas Einsicht
1527 2095 3259 2163 man früher nur an den kalten Verstand glaubte, das ist das der Zeit — zentralisiert,
267 2123 1519 2193 sollen Sie sich kaufen. Die Kreise, die „die laufende Maus“
1528 2157 2394 2227 Schönste, was Weihnachten bringen kann —!
2765 2126 3283 2227 I., Rothgasse 9, Eing
264 2165 1531 2235 glücklich macht, sind mir im allgemeinen sympathischer als die, die
1619 2172 3268 2250 Anatol: Gnädige Frau, Sie sagen das so schön — prächtigen „Olympia
271 2224 1542 2295 Ihre aufgeputzten Wachspuppen kaufen? Sehen Sie sich ein Berlin
1523 2231 3262 2311 aber die richtige Adresse zu finden für dieses Herz, das ist ja glanzvolle Auferstehung si
270 2266 1526 2335 an, das Sie nie zu beachten pflegen, das jetzt in der Zeit der
2768 2282 3293 2364 eine überaus glückliche War
1520 2293 1924 2383 gerade die Aufgabe!
263 2312 1531 2391 großen Not und der Teuerung wieder zutage kommt —! Die Zeit der
1629 2308 2773 2402 Gabriele: Ich sage sie Ihnen ja. Machen Sie Glück¬
2759 2337 3273 2402 „Olympia“, früher
267 2355 1545 2434 Komödien und prunkhaften Masken ist vorbei, mein Freund! Die
1525 2378 2785 2456 liche unter denen, die Not leiden! Uebrigens ist Ihr Herz ja die
2761 2381 3279 2463 Wiens, mit seinen elega
265 2410 1528 2474 Leute lernen wieder die Freude am Einfachen und Bescheidenen.
1519 2436 2764 2504 Adressenvertauschung gewöhnt. Es wäre doch gut, wenn es ein¬
2748 2436 3243 2497 den reizenden Annexen (
272 2460 1524 2523 Ich habe die Menschen zwischen den aufgestellten Weihnachts¬
1532 2488 2195 2566 mal an die richtige Adresse käme.
2768 2486 3244 2557 kleinen Zimmern usw.)
270 2505 1526 2570 bäumen gehen sehen, die wie grüne Alleen in den Großstadtstraßen
2753 2528 3274 2601 solche Gesellschaftsfeste. D
1616 2505 2681 2596 Anatol: Wollen Sie mir nicht suchen helfen —?
262 2564 1544 2617 stehen. Ich habe ihre Augen glänzen sehen, und sie freuten sich
2760 2574 3270 2643 zugunsten der Rettungsgese
1632 2579 2772 2644 Gabriele: Ich danke! Das meinige ist schon unter¬
267 2601 1538 2669 wieder an allen Kleinigkeiten. Sie freuten sich an den kleinen
2767 2613 3289 2698 Samstag den 3. Janus
1517 2628 2766 2700 gebracht, und ich fürchte Umzugsschwierigkeiten. Doch, da kommt
261 2644 1532 2736 Lichtern, daß sie nur sechs Groschen kosteten, an den bescheidenen
2743 2675 3280 2739 [Rabensteiner inne
1525 2682 2544 2758 der Fahrstuhl wieder; fahren Sie mit abwärts —?
263 2669 1550 2767 runden Pfefferkuchen, an den schmalen Schokoladetafeln. Keiner
2760 2724 3270 2793 [Wacek. In der Bar
1629 2731 2435 2807 Anatol: Nein, ich muß noch suchen.
260 2737 1531 2812 dachte in diesem Augenblick an die Wucherpreise! Denn die
2764 2758 3281 2832 prächtige, intim reizende
1626 2759 2766 2868 Gabriele: So leben Sie wohl, leich sinniger Melan¬
263 2781 1549 2863 Freude des Gebens, das Glück, zu schenken — die kann uns
2746 2826 3282 2883 Pianisten am Flügel,
1517 2825 1706 2915 choliker!
273 2844 739 2919 kein Wucherer nehmen.
2748 2859 3284 2932 [Schrammel  Qu
389 2863 1536 2981 Anatol: Sollen wir also zu Spitzwegschen Idealen
1613 2886 2756 2977 Anatol: Leben Sie wohl, und Dank für die Lehre,
2750 2907 3275 2991 Untekhaltung sorgen wird.
263 2931 576 3028 zurückkehren?
1513 2927 1970 3021 wohltätige Mondäne!
2758 2960 3291 3025 gehaltenen „Olympia
374 2958 1529 3045 Gabriele: Zu Spitzweg nicht gerade. Aber zu Moritz
1628 2962 2760 3056 Sietrennen sich beide. Von unten und oben stürzen neue Menschen¬
2757 3012 3282 3089 Friedenskarneval, sie sind
1527 3037 2768 3105 massen aus den Fahrstühlen. Massen, die nicht ihre Herzen, sondern
261 3044 1528 3102 v. Schwind oder zu Ludwig Richter! Zur Einkehr bei uns selbst.
2765 3055 3033 3143 Gesellschaft.
275 3085 2471 3164 Und dann sehen Sie sich einmal dieses andere Berlin an, das jetzt Zwirn, Pfefferkuchen und billige Spielpuppen suchen.
