3392 4256
210 190 443 287 4.2
451 175 1373 255 Neihnachtseinkaeufe
439 224 1394 302 # 4   anI..  —. I. K dn In 1n e uen uen a 4. 1
496 614 1363 711 kenntnis dürfte sich noch auf andre Dinge als
501 696 1370 761 auf Gänse beziehen. Die Preise sind in diesem
498 735 1371 818 Jahre derartig, daß einem die Haut schaudert!
503 797 1367 868 Und doch will man seine Lieben gern mit
503 839 930 912 irgendetwas erfreuen.
565 899 1360 949 Anatol: Gerade deshalb! Unsere Senti¬
501 943 1368 1000 mentalität ist immer das beste Geschäft — für
508 990 779 1056 die anderen.
566 1038 1367 1116 Gabriele: Sehen Sie nur diesen Stoff da,
510 1095 1377 1155 von dem ich vor dem Kriege das Meter für
506 1140 1377 1215 Mark 2·40 kaufte! Heute kostet er 36 Mark das
505 1201 1054 1275 Meter. Was sagen Sie dazur
559 1252 1373 1324 Anatol: Ich sage, daß das Weihnachtsfest
508 1318 1377 1368 ein organisierter Raubzug der Wucherer und
508 1351 1368 1411 Schieber ist, die uns schon seit drei Jahren aus¬
499 1396 1379 1465 plündern! Unter der Losung „Gemüt und
501 1463 1381 1526 Prozente“ nehmen sie uns das Zehnfache der
512 1504 872 1567 Friedenspreise ab.
565 1541 1384 1619 Gabriele: Und hier, sehen Sie nur die
507 1592 1374 1655 Spielwaren! Meinem Jungen wollte ich diesen
503 1649 1376 1719 kleinen Elefanten mit der roten Schabracke
515 1697 1379 1770 — er sieht so hübsch aus — kaufen. — Wissen
512 1758 1374 1813 Sie, was man mir als Preis nannte? — 22 Mark.
558 1802 1385 1859 Anztol: Aber die Spielwaren sind sonst
514 1859 1390 1915 hübsch. Sehen Sie nur, die Teddybären dort
511 1897 1381 1966 in tausend Abarten! Und die kleinen fahrbaren
513 1945 1375 2003 Schaukeln — allerdings kostet jede sechs Mark!
513 2000 1389 2065 Und die niedlich ausgestatteten Küchen —
508 2045 1377 2111 kaum so teuer wie wirkliche Küchenmöbel.
520 2098 1382 2162 Aber das ist was für die Jungen und Mädel!
511 2140 1373 2215 Sehen Sie nur, wie sie mit roten Backen davor¬
526 2194 689 2250 stehen!
567 2234 1382 2304 Gabriele: Nur die Bleisoldaten sind selten
507 2298 731 2370 geworden.
570 2332 1391 2411 Anatol: Ja — deren Zeit ist vorbei! Es
518 2401 1385 2475 wird segar in den Zeitungen gegen sie ge¬
521 2445 1392 2521 schrieben. Wunderlich in einem Lande, wo die
519 2507 1383 2571 Jungen sonst mit nichts lieber spielen als mit
523 2550 783 2615 Bleisoldaten!
576 2587 1382 2671 Gabriele: Es hat seine Gründe. Aber Sie,
524 2667 1382 2717 wollten Sie nicht auch etwas kaufen? Was
522 2711 1380 2769 würde Ihrer Charlottenburgerin gut passen?
521 2753 1383 2816 Etwa der Teddybär dort mit dem blauen Hals¬
526 2802 1389 2871 band Oder jene Astrachanstola? — Das liebt
515 2852 1208 2931 man doch sicher in Charlottenburg.
588 2909 1395 2967 Anatol: Gnädige Frau — das irt nur —
586 2964 1396 3032 Gabriele: Vielleicht auch eine imitierte
534 3016 1395 3067 Korallenketter Sehen Sie nur, schön rosa —
523 3068 1387 3136 beinahe Venedig, Markusplatz. So helfen Sie
532 3103 749 3188 mir doch!
585 3171 1387 3239 Anatol: Also, gnädige Frau -— ich wieder¬
529 3211 1387 3292 hole Ihnen, es gibt keine Charlottenburgerin.
588 3281 1387 3344 Gabriele: Sie kann ja auch aus Lichten¬
527 3308 779 3386 berg sein!
597 3353 1388 3426 Anatel: Wenn ich jemand zu W ihnachten
529 3413 1394 3479 etwas schenkte, so würde ich einer gewissen
529 3463 1396 3535 Dame etwas schenken, die früher immer ein
532 3512 1408 3569 Lächeln für mich hatte — ein verzeihendes
533 3564 1398 3623 Lächeln, das alles wieder gutmachte, was ihre
530 3607 1408 3679 Worte Bitters hatten! Weiß man denn je bei
532 3667 1400 3733 den Frauen, wann man ihren Worten und wann
541 3720 1220 3772 man ihrem Lächeln glauben soll?!
596 3762 1396 3829 Gabriele (nach einer Pause): Und was
542 3808 1261 3882 würden Sie dieser Dame schenken —.
531 3914 1404 3986 Puppe schenken — wenn es nicht zu grausam
536 3964 1184 4028 wäre. — Bloß zur Abschreckung!
1513 167 1905 268 box 7/5
1418 502 2207 597 WIBNBR w o f. H E
2967 520 3120 601 Helt 2
1432 615 3187 708 Gabriele: Was ist das, eine Lotte-Pritzel- Masken ist vorbei, mein Freund! Die Leute.
2255 700 3128 748 lernen wieder die Freude am Einfachen und
1382 691 1557 760 Puppe?
2256 736 3118 795 Bescheidenen. Ich habe die Menschen zwischen
1427 729 2231 812 Anatol: Wie, Sie kennen diese seltsame
2262 794 3115 857 den aufgestellten Weihnachtsbäumen gehen
1387 804 2238 869 Wachspuppen nicht, von denen Berlin so ent¬
2258 842 3122 899 sehen. Ich habe ihre Augen glänzen sehen, und
1385 854 2236 915 zückt ist? Gehen Sie ein paar Schritte von hier
2255 894 3126 961 sie freuten sich wieder an allen Kleinigkeiten.
1383 902 2236 958 drüben nach dem Modesalon von Friedmann
2248 942 3123 992 Keiner dachte in diesem Augenblick an die
1380 946 2243 1012 und Weber, dort können Sie sie sehen. Dort
2255 989 3122 1044 Wucherpreise! Denn die Freude des Gebens,
1387 1005 2238 1062 stehen sie sorgsam in Glasschreinen. Künstler
2256 1043 3123 1112 — die kann uns kein Wucherer nehmen.
1394 1040 2250 1107 und Modewaren und Zeichner gehen hin und
1387 1093 2245 1170 suchen ihre Anregungen dort. — Die haben
2305 1088 3124 1159 Anatol: Sollen wir also zu Spitzwegschen
2254 1141 2698 1217 Idealen zurück kehren?
1378 1142 2250 1211 etwas seltsam Suggestives, diese kleinen
1384 1190 2244 1252 Frauengestalten, die von Spitzen, Juwelen und
2309 1213 3115 1267 Gabriele: Zu Spitzweg nicht gerade. Aber
1395 1239 2238 1313 Seide überrieselt sind, die ihre ganz dünnen,
2247 1254 3118 1314 zu Moritz v. Schwind oder zu Ludwig Richter!
1388 1296 2240 1361 blutlosen Glieder ohne Saft und ohne Kraft
2265 1302 3127 1367 Zur Einkehr bei uns selbst. Und dann sehen
1380 1337 2238 1391 mit übertriebenen Grimassen und wilden Ver¬
2251 1349 3133 1409 Sie sich einmal dieses andere Berlin an, das
1395 1388 2236 1461 drehungen in die Luft strecken. Sie sind ganz
2261 1398 3128 1467 jetzt seine Gaben an unser unglückliches Wien
1394 1441 2239 1503 Geist, ganz Geste, ganz Ironie, die ihre Ver¬
2259 1447 3115 1519 gibt und auch, des bin ich sicher, noch weiter
1380 1493 2238 1555 zweiflung hinter übertriebenem Schönheits¬
2259 1499 3130 1562 geben wird. Da finden Sie das Berlin, das stets
1389 1550 2243 1596 streben verstecken. Sie kommen mir vor wie
2254 1554 3130 1618 das Herz auf dem rechten Fleck hat, und an
1399 1581 2253 1640 eine Verkörperung dieses unglücklichen Berlin
2257 1589 3119 1660 das Sie nie glauben wollen. Ich habe die kleinen
1391 1637 2240 1699 von heute, das keinen Saft und keine Kraft
1394 1687 2242 1738 mehr hat, das sich amüsieren will, ohne sich
2259 1702 3123 1763 nahmestellen gesehen, we sie ihre Päckchen
1390 1725 2257 1800 über irgend etwas zu freuen, das schreit, tanzt,
2260 1743 3124 1814 und Paketchen hintrugen, damit die Kinder
1393 1786 2249 1843 seine Glieder verrenkt, sich mit übertriebenen
2267 1798 3130 1855 in Wien etwas zu essen hätten. Ich habe ge¬
1393 1833 2247 1902 Toiletten behängt und doch nur eine hilflose
2268 1845 3126 1904 sehen, wie in den Pausen der Theaterstücke,
1399 1886 1694 1949 Marionette ist.
2266 1907 3133 1955 in den Versammlungen, in den Kaffeehäusern
1446 1926 2248 2005 Gabriele: Und so eine Puppe wollen Sie
2262 1941 3127 2006 gesammelt wurde. Die braunen Zwanzig-Mark¬
1389 1982 1716 2050 mir schenken?!
2271 1991 3133 2063 Scheine flogen auf die Teller! Gerade die
1452 2024 2252 2090 Anatol: Ich täte es, wenn ich es wagen
2266 2038 3126 2096 Armen gaben am meisten. Berlin will die
1401 2078 2257 2133 dürfte. Aus Furcht vielleicht, aus Furcht vor
2266 2091 3135 2147 Tränen Wiens trocknen, nachdem es so lange
1394 2123 2252 2195 der Zukunft. Denn seit einiger Zeit ähneln
2267 2143 3125 2200 von der Lebenslust, den Melodien Wiens ge¬
1397 2171 2251 2245 alle Frauen hier diesen Lotte-Fritzel-Puppen!
2269 2181 3133 2251 trunken hat. Das Verbrechen, das die ganze
1397 2228 2253 2299 Aber auch da hält mich die heilsame Furcht
2274 2226 3136 2300 Welt an Wien begeht, will Berlin wieder gut
1404 2280 2258 2337 des Portemonnaies ab. Diese kleinen Puppen
2269 2291 3131 2350 machen, das ist schöner als der ganze Weih¬
1399 2329 2255 2403 kosten nämlich zwölf- bis vierzehnhundert
2263 2325 3138 2412 nachtsplunder von einst! Als ob die beiden
1391 2376 1740 2445 Mark das Stück.
2274 2379 3134 2448 Städte sich über Berge und Länder weg die
1460 2404 2261 2493 Gabriele: Oh, Sie sind doch gewohnt,
2266 2420 3140 2487 Hand reichten und zueinänder sprächen: „Wir
1393 2473 1840 2542 Puppen zu überzahlen!
2270 2482 3132 2559 haben früher zusammen Glück und Ruhm
1458 2523 1991 2594 Anatol: Gnädige Frau —
2278 2535 3127 2598 geteilt — jetzt tragen wir auch unser Unglück
2269 2582 3129 2649 zusammen!“ Sehen Sie, sein Herz entdeckt
1453 2565 2252 2648 Gabriele: Und da waltet doch sicher auch
2273 2638 3133 2686 zu haben, wo man früher nur an den kalten
1398 2634 2261 2703 wieder das geheininisveile Gesetz unserer Zeit:
1409 2681 2258 2740 je schlechter alles wird, desto teurer bezahlen
2275 2678 3142 2746 Verstand glaubte, das ist das Schönste, was
2275 2730 2874 2807 Weihnachten bringen kann —
1407 2739 2263 2795 wir es. Darum tragen auch die Läden bei uns
2324 2783 3132 2833 Anatol: Gnädige Frau, Sie sagen das so
1404 2771 2264 2843 längst keine offenen Preisangaben mehr: sie
2268 2838 3135 2899 schön — aber die richtige Adresse zu finden
1404 2830 2260 2889 wollen, daß der Käufer nicht schon draußen
2275 2876 3139 2954 für dieses Herz, das ist ja gerade die Aufgabe!
1410 2874 2264 2933 von blassem Schrecken erfaßt wird. Lieber
1398 2921 2270 2992 Melancholiker, im Laden Ihres Lebens ist leider
2330 2921 3143 3008 Gabriele: Ich sage sie Ihnen ja. Machen
1408 2987 2259 3048 zu viel Ersatzware, und Sie sind von jeher ge¬
2285 2985 3143 3054 Sie Glückliche unter denen, die Not leiden!
1401 3027 2255 3084 wöhnt gewesen, alles hundertfach zu überzahlen.
2275 3039 3123 3101 Ubrigens ist Ihr Herz ja die Adressenvertau¬
1466 3079 2267 3154 Anatol: Es ist so schwer, das Echte zu
2276 3094 3138 3146 schung gewöhnt. Es wäre doch gut, wenn es
1410 3131 1562 3190 finden!
2286 3137 2999 3204 einmal an die richtige Adresse käme.
1475 3154 2266 3239 Gabriele: Weil Sie es nie gesucht haben.
2331 3191 3148 3254 Anatol: Wollen Sie mir nicht suchen
1406 3227 2264 3296 Gehen Sie einmal auf die Straße hinaus! Unten,
2279 3236 2525 3306 helfen —?
1409 3280 1994 3346 wo die Straßenhändler sind —
2324 3278 3131 3359 Gabriele: Ich danke! Das meinige ist
1457 3313 2263 3389 Anatol: Da soll ich kaufen? Etwa die
2281 3340 3143 3407 schon untergebracht, und ich fürchte Umzugs¬
1406 3367 2270 3438 „laufende Maus“? Oder den Hauptmann zu
2284 3389 3145 3449 schwierigkeiten. Doch, da kommt der Fahrstuhl
1416 3414 2259 3474 fünf Groschen, oder die „strampelnde Grete“,
2292 3436 2955 3511 wieder, fahren Sie mit abwärts —?
1415 3466 2261 3541 dieses süße Geschöpf, von dem alle unsere
2337 3493 3073 3558 Anatol: Nein, ich muß noch suchen.
1406 3523 2110 3584 Charaktertänzerinnen lernen könnten?
2336 3552 3142 3617 Gabriele: So leben Sie wohl, leichtsinniger
1467 3561 2265 3634 Gabriele: Etwas Lebensfreude und etwas
2290 3596 2598 3678 Melancholiker!
1414 3615 2274 3675 Einsicht sollen Sie sich kaufen. Die Kreise,
2334 3637 3150 3725 Anatol: Leben Sie wohl, und Dank für die
1413 3669 2277 3724 die die „laufende Maus“ glücklich macht, sind
2284 3699 2821 3779 Lehre, wohltätige Mondäne!
1412 3723 2281 3776 mir im allgemeinen sympathischer als die, die
2343 3761 3153 3830 Sie trennen sich beide. Von unten und oben
1404 3777 2267 3837 Ihre aufgeputzten Wachspuppen kaufen. Sehen
2295 3809 3151 3868 stürzen neue Menschenmassen aus den Fahr¬
1421 3806 2271 3882 Sie sich ein Berlin an, das Sie nie zu beachten
2290 3863 3148 3927 stühlen. Massen, die nicht ihre Herzen, sondern
1411 3859 2267 3932 pflegen, das jetzt in der Zeit der großen Not
2293 3915 3153 3984 Zwirn, Pfefferkuchen und billige Spielpuppen
1411 3912 2276 3985 und der Teuerung wieder zutage kommt —!
2296 3965 2456 4025 suchen.
1414 3965 2275 4029 Die Zeit der Komödien und prunkhaften
