3392 4256
2866 352 3074 434 Seite 27
1537 363 2007 442 MODERNE WELT
457 371 746 447 Heft 3. 1018
2111 470 3119 541 und der Ansturm der Fahrgäste machen
503 477 1455 558 Frau Gabriele: Zwei Menschen, die
2102 536 3115 594 dem Gespräch ein rasches Ende. Anatol
429 550 1452 596 sich eimal gut waren und sich immer
2100 580 3119 650 hilft Frau Gabriele beim Einsteigen und
429 583 1452 656 so vieles zu sagen hatten ... Damals
2101 633 3126 694 grüßt elegisch. Eine Weile blickt er dem
429 633 1453 692 haben wir immer nur über Liebe und
2109 676 3124 742 im winterlichen Nebel verschwindenden
442 682 1460 745 Untreue gesprochen ... Und heute nur
1599 668 1994 797 A
1846 709 2051 794 S
2119 729 3115 786 Wagen nach, dann zuckt er die Ach¬
432 730 1441 797 über Bezugsscheine und Emmentaler—
2114 768 3135 830 seln . .. Er tritt unter eine Straßenlaterne,
438 785 1453 859 Anatol, Anatol, wie haben Sie sich ver¬
2111 820 3126 881 setzt den Zwicker auf, zieht seine Ein¬
1636 778 1741 914 *
442 834 696 897 ändert.
2112 872 3123 937 kaufsliste hervor und liest sorgenvoll:
510 869 1470 960 Anatol (entschuldigend): Mein Gott, der
2117 921 3135 984 Bluse, Hausschuhe, vier Meter Damentuch
443 917 707 995 Weltkrieg
2119 968 2490 1034 doppelbreit
513 952 1465 1045 Frau Gabriele: Schen gut. Ihr Männer
2217 1004 3128 1097 Während der Vorhang langsam fällt,
437 1025 1272 1095 habt immer so nichtige Ausreden.
2103 1061 2720 1136 steigen die Preise rapid.)
506 1015 1770 1154 Das Herannahen des Straßenbahnwagens imnd#
981 1246 2586 1352 DIE ERSCHWERTE SCHÖONHEITSPFLEGE.
1859 1348 3146 1437 Nun aber, da die Zeit immer größer wurde und wir
504 1365 1771 1452 Man sollte es nicht für möglich halten, aber wirklich,
1782 1420 3143 1496 immer weniger — verlor auch unsere Haut eine nette
439 1452 1779 1502 man bekam ein ganzes Liter Schlagobers nebst einem Viertel¬
1799 1497 3141 1560 Fettschicht nach der anderen. Die heißeste Sehnsucht und
435 1501 1772 1567 kilogramm Butter verschrieben, außer sieben Mahlzeiten im
1793 1555 3125 1625 der feurigste Verehrer kann uns kein Schlagobers ver¬
454 1551 1780 1609 Tag, mußte sich abends mit chemisch reinem Oliven¬
2486 1602 3128 1669 schaffen. Man beschloß,
434 1614 1079 1688 öl zur Gänze einreiben
2496 1655 3140 1739 das Spieglein ungefragt zu
438 1670 1090 1750 (die Assoziation mit Salat
2489 1721 3138 1802 lassen. Es geht eine Weile;
440 1726 1091 1809 war peinlich daran) und
2505 1784 3138 1860 man schaut über sich hin¬
448 1793 1079 1861 schließlich badete man täg¬
2502 1831 3146 1915 weg auf den Hut, die
441 1853 1089 1924 lich in Kleie. Eigentlich
2494 1897 3130 1972 Haare, nimmt quasi keine
444 1915 1091 1980 war man enttäuscht über
2490 1956 3140 2035 Notiz von sich. — Es gibt
450 1968 1091 2051 diese Naturaliabehandlung,
2509 2013 3133 2083 aber „Freundinnen“ Sie
448 2027 1101 2109 die der alte gute Haus¬
2512 2070 3135 2146 sagen dir wohlwollend:
448 2090 1103 2159 doktor verordnete, den
2504 2129 3148 2204 „Mein Gott, du fangst ja
450 2145 1095 2217 an seinen Patientinnen
2493 2189 3137 2268 an, so alt auszusehen, als
459 2203 1094 2267 der „Teint“ am meisten
2498 2242 3142 2331 du bist“, und verzweifelt
460 2266 1105 2343 interessierte. Er legte Wert
2488 2309 3132 2381 gehst du in den Schön¬
452 2321 1101 2403 auf ein gutes Aussehen
2502 2364 3131 2439 heitssalon. Dort siehst du
460 2383 1096 2454 und ärgerte sich, wenn
1464 2395 1558 2474 220
2505 2428 3143 2501 die schöne Chefin, die
461 2448 1098 2517 man mit einer trockenen
2497 2487 3145 2564 geduldig deine Klagen
454 2501 1091 2574 und schlecht genährten
2500 2547 3128 2620 anhört und psychologisch¬
452 2559 1095 2638 Haut herumlief. Allerdings
2502 2603 3130 2679 scharfsinnig die Kur da¬
453 2616 1109 2701 sehr raffiniert waren seine
1603 2652 1680 2734 1
2509 2659 3137 2730 mit beginnt, daß sie deine
454 2677 1100 2756 Ratschläge nicht: „Borax
1569 2665 1679 2792 4
1403 2718 1607 2820 Sr.
2511 2722 3150 2803 Haut „gar nicht so schlecht“
453 2736 1046 2817 ins Waschwasser, Fett —
2508 2784 3150 2852 findet. Vor Freude strömt
455 2800 1105 2883 innen und außen —, größ¬
2517 2840 3145 2919 das Blut in deine Wan¬
457 2857 1113 2926 te Sauberkeit, niemals
1534 2825 1688 2929 *
2518 2898 3167 2983 gen und ernährt sie gleich
1591 2902 1705 2979 *.
2129 2887 2205 2980 84
464 2914 1095 2992 ohne gründlichste Reini¬
2132 2957 2257 3006 Ars 210
2522 2956 2826 3032 ein bißchen.
2130 2984 2234 3023 40571 00
467 2971 1108 3053 gung der Poren abends
2188 3006 2286 3055 1
2577 3015 3156 3103 Da du aber noch lange
461 3030 1106 3113 ins Bett und früh ins
2513 3075 3140 3152 auf die Behandlung war¬
459 3100 1105 3174 Bett.“ Letzteres betonte er
2512 3135 3148 3216 ten mußt, machst du der
464 3154 1100 3220 sehr, und man bekam die
2515 3185 3157 3270 schönen Chefin Kompli¬
465 3217 1104 3289 Uberzeugung, daß es ganz
2522 3248 3155 3322 mente in der Hoffnung,
465 3261 1097 3351 leicht wäre, herrlich aus¬
2513 3301 3146 3386 ihr eine besonders ver¬
466 3339 1109 3418 zuschauen, wenn man nur
2524 3365 3156 3451 trauliche Auskunft zu
2260 3390 2345 3455 35
469 3387 1110 3461 das alles befolgen würde.
2166 3429 2435 3512 W
2520 3424 3160 3507 entlocken: „Was machen
478 3441 1106 3514 Und tat man das? Keine
2527 3479 3156 3560 Sie, daß Ihre Haut so
460 3502 1119 3578 Spur. Des Schlagobers war
1824 3511 3162 3618 wohlgenährt, so straff, so warm getönt aussieht, was, daß
470 3572 1828 3617 man am dritten Tage satt, es wurde uns übel, wenn wir
1822 3620 3159 3678 die Wimpern lang und dicht sind, usf. — die fetten
475 3603 1768 3694 es von weitem sahen, und was die Butter anbelangte —
1821 3676 3159 3728 Hauternährungscremes sind doch absolut fettfrei, oder
471 3698 1813 3746 um Gottes willen — wir waren für trockene, resche Butter.
1835 3731 3165 3799 nicht?“ Und nun heißt es allgemein, nicht nur in diesem
468 3728 1817 3804 teigkipfel und wollten nichts darauf geschmiert. Und zeit¬
1833 3794 3150 3866 Salon: „Bei uns nicht. Wir haben noch gute Cremes.“
469 3787 1824 3866 lich ins Bett? Wir wurden ja erst abends munter. Der
1821 3839 3163 3925 „Aber es ist doch verboten, Fette zu verwenden“ so
477 3870 1809 3926 gute alte Doktor hatte ein Gefrett mit uns. — Das war
1825 3914 3165 3969 wie früher — wo es am billigsten war, Schweine¬
465 3903 1808 3975 damals tief, tief im Frieden, im äußeren und inneren,
1819 3966 3168 4029 fett und Ole als Unterlage jeder Schönheitssalbe zu
464 3974 1395 4065 und wir wußten nicht, was wir hatten.
2909 4023 3047 4091 IV*
