<?xml version="1.0" encoding="UTF-8" standalone="yes"?>
<PcGts xmlns="http://schema.primaresearch.org/PAGE/gts/pagecontent/2013-07-15" xmlns:xsi="http://www.w3.org/2001/XMLSchema-instance" xsi:schemaLocation="http://schema.primaresearch.org/PAGE/gts/pagecontent/2013-07-15 http://schema.primaresearch.org/PAGE/gts/pagecontent/2013-07-15/pagecontent.xsd">
    <Metadata>
        <Creator>prov=University of Rostock/Institute of Mathematics/CITlab/Gundram Leifert/gundram.leifert@uni-rostock.de:name=ONB_Newseye_GT_M1+(htr_id=10810)::::v=2.4.2
prov=University of Rostock/Institute of Mathematics/CITlab/Tobias Gruening/tobias.gruening@uni-rostock.de:name=de.uros.citlab.module.baseline2polygon.B2PSeamMultiOriented:v=2.4.2
prov=University of Rostock/Institute of Mathematics/CITlab/Tobias Gruening/tobias.gruening@uni-rostock.de:name=/mnt/transkribus/LA/DEA/URO/LA_news_onb_att.pb:de.uros.citlab.segmentation.CITlab_LA_ML:v=2.4.2
Transkribus</Creator>
        <Created>2019-10-07T11:55:38.898+02:00</Created>
        <LastChange>2019-10-08T19:04:52.231+02:00</LastChange>
        <TranskribusMetadata docId="224000" pageId="9504748" pageNr="3" tsid="16607199" status="IN_PROGRESS" userId="40391" imgUrl="https://files.transkribus.eu/Get?id=ZQOKUOJPPNZTFTYVKNWJYBDT&amp;fileType=view" xmlUrl="https://files.transkribus.eu/Get?id=SLDVWYWIPQNSQGOLNIFFVYYB" imageId="6194962"/>
    </Metadata>
    <Page imageFilename="224000_0003.jpeg" imageWidth="3392" imageHeight="4256">
        <ReadingOrder>
            <OrderedGroup id="ro_1711444619724" caption="Regions reading order">
                <RegionRefIndexed index="0" regionRef="r1"/>
            </OrderedGroup>
        </ReadingOrder>
        <TextRegion orientation="0.0" id="r1" custom="readingOrder {index:0;}">
            <Coords points="126,239 126,3313 2825,3313 2825,239"/>
            <TextLine id="r1l1" custom="readingOrder {index:0;}">
                <Coords points="1485,258 1592,291 1645,280 1702,296 1805,295 1905,278 1904,208 1861,198 1731,199 1695,230 1608,211 1568,218 1551,201 1511,222 1485,218"/>
                <Baseline points="1501,269 1526,266 1552,264 1578,263 1603,262 1629,262 1655,262 1681,262 1706,263 1732,263 1758,263 1784,263 1809,263 1835,262 1861,261 1887,259"/>
                <TextEquiv>
                    <Unicode>box 7/5</Unicode>
                </TextEquiv>
            </TextLine>
            <TextLine id="r1l2" custom="readingOrder {index:1;}">
                <Coords points="206,302 1232,276 1230,209 205,246"/>
                <Baseline points="222,288 271,288 321,287 371,287 420,286 470,285 520,284 569,283 619,282 669,281 719,279 768,278 818,277 868,276 917,275 967,274 1017,273 1066,272 1116,272 1166,272 1216,272"/>
                <TextEquiv>
                    <Unicode>4. 2. Neihnachtseinkael</Unicode>
                </TextEquiv>
            </TextLine>
            <TextLine id="r1l3" custom="readingOrder {index:2;}">
                <Coords points="433,338 1029,303 1252,326 1498,284 1498,254 1324,224 1178,267 432,275"/>
                <Baseline points="450,305 501,305 553,305 604,305 656,304 708,304 759,303 811,303 862,302 914,301 966,300 1017,299 1069,298 1120,297 1172,296 1224,294 1275,292 1327,291 1378,289 1430,287 1482,285"/>
                <TextEquiv>
                    <Unicode>Seinnachtschhnasdte</Unicode>
                </TextEquiv>
            </TextLine>
            <TextLine id="r1l4" custom="readingOrder {index:3;}">
                <Coords points="2616,1752 2656,1764 2672,1753 2686,1766 2712,1745 2726,1751 2752,1743 2783,1765 2803,1764 2816,1750 2823,1757 2842,1752 2840,1689 2772,1669 2713,1691 2682,1673 2613,1685"/>
                <Baseline points="2631,1740 2658,1739 2686,1738 2714,1736 2741,1736 2769,1735 2797,1733 2825,1731"/>
                <TextEquiv>
                    <Unicode>Nr. 3</Unicode>
                </TextEquiv>
            </TextLine>
            <TextLine id="r1l5" custom="readingOrder {index:4;}">
                <Coords points="829,1882 2818,1858 2817,1805 829,1832"/>
                <Baseline points="847,1884 944,1882 1042,1880 1140,1878 1238,1876 1335,1875 1433,1875 1531,1874 1629,1873 1726,1873 1824,1873 1922,1872 2020,1872 2117,1871 2215,1871 2313,1870 2411,1869 2508,1867 2606,1866 2704,1864 2802,1861"/>
                <TextEquiv>
                    <Unicode>stisch und neuartig gebärden wie sie wollen, mag die lit wir nur selten den Herzenston durchzittern hören, kann</Unicode>
                </TextEquiv>
            </TextLine>
            <TextLine id="r1l6" custom="readingOrder {index:5;}">
                <Coords points="112,1898 805,1892 841,1875 841,1835 111,1831"/>
                <Baseline points="127,1886 161,1886 196,1887 231,1887 266,1887 301,1887 336,1887 370,1887 405,1886 440,1886 475,1886 510,1885 545,1885 580,1884 614,1884 649,1884 684,1883 719,1883 754,1882 789,1882 824,1882"/>
                <TextEquiv>
                    <Unicode>uch Anzengruber ist über unsere Bühne</Unicode>
                </TextEquiv>
            </TextLine>
            <TextLine id="r1l7" custom="readingOrder {index:6;}">
                <Coords points="1803,1923 2803,1927 2802,1870 2755,1864 1803,1873"/>
                <Baseline points="1819,1917 1867,1917 1915,1916 1963,1916 2012,1916 2060,1916 2108,1915 2157,1915 2205,1915 2253,1914 2302,1914 2350,1913 2398,1913 2446,1912 2495,1911 2543,1910 2591,1909 2640,1908 2688,1907 2736,1905 2785,1903"/>
                <TextEquiv>
                    <Unicode>ich mir kaum einen besseren Vermittler denken als Emil</Unicode>
                </TextEquiv>
            </TextLine>
            <TextLine id="r1l8" custom="readingOrder {index:7;}">
                <Coords points="832,1929 1781,1928 1818,1881 831,1883"/>
                <Baseline points="849,1926 896,1925 944,1925 991,1925 1039,1924 1087,1924 1134,1923 1182,1922 1229,1922 1277,1921 1325,1920 1372,1919 1420,1919 1467,1918 1515,1918 1563,1917 1610,1917 1658,1917 1705,1916 1753,1916 1801,1917"/>
                <TextEquiv>
                    <Unicode>terarische Physiognomie des einen der des andern noch</Unicode>
                </TextEquiv>
            </TextLine>
            <TextLine id="r1l9" custom="readingOrder {index:8;}">
                <Coords points="126,1945 808,1937 835,1930 835,1880 125,1901"/>
                <Baseline points="143,1928 176,1929 210,1930 244,1931 278,1931 312,1931 346,1932 379,1931 413,1931 447,1931 481,1931 515,1930 549,1930 583,1929 616,1929 650,1928 684,1928 718,1927 752,1927 786,1926 820,1926"/>
                <TextEquiv>
                    <Unicode>man auch diesen gewaltigen Dramatiker</Unicode>
                </TextEquiv>
            </TextLine>
            <TextLine id="r1l10" custom="readingOrder {index:9;}">
                <Coords points="1801,1962 2770,1970 2810,1959 2809,1896 1800,1925"/>
                <Baseline points="1817,1958 1865,1958 1914,1958 1963,1958 2012,1958 2060,1959 2109,1959 2158,1959 2207,1959 2255,1959 2304,1959 2353,1959 2402,1959 2450,1958 2499,1957 2548,1956 2597,1954 2645,1953 2694,1950 2743,1948 2792,1945"/>
                <TextEquiv>
                    <Unicode>Milau mit seinem klaren, ruhigen, beherrschenden, präg¬</Unicode>
                </TextEquiv>
            </TextLine>
            <TextLine id="r1l11" custom="readingOrder {index:10;}">
                <Coords points="839,1977 1775,1972 1811,1925 838,1927"/>
                <Baseline points="855,1968 904,1969 953,1969 1003,1969 1052,1969 1102,1968 1151,1968 1200,1968 1250,1967 1299,1967 1349,1966 1398,1965 1448,1965 1497,1964 1546,1964 1596,1963 1645,1962 1695,1962 1744,1961 1794,1961"/>
                <TextEquiv>
                    <Unicode>so unähnlich sein, es ist Wiener Sonne, die auf sie alle</Unicode>
                </TextEquiv>
            </TextLine>
            <TextLine id="r1l12" custom="readingOrder {index:11;}">
                <Coords points="123,1992 809,1982 832,1978 832,1928 122,1932"/>
                <Baseline points="139,1973 172,1974 206,1974 240,1975 274,1975 308,1976 342,1976 376,1976 410,1976 444,1976 478,1976 511,1976 545,1975 579,1975 613,1974 647,1974 681,1973 715,1973 749,1972 783,1971 817,1970"/>
                <TextEquiv>
                    <Unicode>nicht aus seinen besten Werken kennt.</Unicode>
                </TextEquiv>
            </TextLine>
            <TextLine id="r1l13" custom="readingOrder {index:12;}">
                <Coords points="1814,2009 2800,2010 2800,1960 1814,1966"/>
                <Baseline points="1829,2001 1876,2002 1924,2002 1972,2002 2019,2002 2067,2003 2115,2003 2162,2003 2210,2002 2258,2002 2306,2002 2353,2001 2401,2001 2449,2000 2496,1999 2544,1999 2592,1997 2639,1996 2687,1995 2735,1994 2783,1992"/>
                <TextEquiv>
                    <Unicode>nanten Ton. Aber wenn wir hier immer auf festem,</Unicode>
                </TextEquiv>
            </TextLine>
            <TextLine id="r1l14" custom="readingOrder {index:13;}">
                <Coords points="836,2023 1815,2034 1815,1950 836,1960"/>
                <Baseline points="851,2013 898,2012 945,2012 993,2012 1040,2012 1088,2012 1135,2012 1182,2012 1230,2013 1277,2013 1325,2013 1372,2012 1419,2012 1467,2012 1514,2011 1562,2011 1609,2010 1656,2008 1704,2007 1751,2005 1799,2003"/>
                <TextEquiv>
                    <Unicode>scheint und die hat gar ein mildes, verklärendes, versöh¬</Unicode>
                </TextEquiv>
            </TextLine>
            <TextLine id="r1l15" custom="readingOrder {index:14;}">
                <Coords points="137,2019 347,2035 441,2015 587,2042 621,2015 837,2028 837,1975 137,1979"/>
                <Baseline points="154,2019 187,2018 220,2017 254,2017 287,2017 320,2017 354,2017 387,2017 420,2017 454,2017 487,2018 520,2018 554,2018 587,2018 620,2018 654,2018 687,2018 720,2018 754,2017 787,2016 821,2015"/>
                <TextEquiv>
                    <Unicode>wie sein Freund Rosegger, unter den</Unicode>
                </TextEquiv>
            </TextLine>
            <TextLine id="r1l16" custom="readingOrder {index:15;}">
                <Coords points="1813,2055 2679,2056 2802,2041 2802,1995 1812,2005"/>
                <Baseline points="1829,2046 1876,2046 1924,2045 1972,2045 2020,2045 2068,2045 2116,2044 2164,2044 2212,2044 2260,2043 2308,2043 2355,2043 2403,2042 2451,2041 2499,2040 2547,2039 2595,2038 2643,2037 2691,2035 2739,2033 2787,2031"/>
                <TextEquiv>
                    <Unicode>sicherem Boden wandeln, so schwankt und wankt bei den</Unicode>
                </TextEquiv>
            </TextLine>
            <TextLine id="r1l17" custom="readingOrder {index:16;}">
                <Coords points="830,2071 1440,2063 1516,2050 1516,2013 830,2021"/>
                <Baseline points="847,2055 879,2053 912,2053 944,2052 977,2052 1010,2052 1042,2052 1075,2052 1107,2052 1140,2053 1173,2053 1205,2054 1238,2054 1270,2055 1303,2055 1336,2055 1368,2055 1401,2054 1433,2054 1466,2053 1499,2052"/>
                <TextEquiv>
                    <Unicode>nendes Licht, das Licht der Schönheit.</Unicode>
                </TextEquiv>
            </TextLine>
            <TextLine id="r1l18" custom="readingOrder {index:17;}">
                <Coords points="113,2072 836,2075 836,2028 779,2018 290,2034 113,2002"/>
                <Baseline points="131,2062 165,2061 200,2061 234,2061 269,2061 303,2061 338,2061 372,2061 407,2062 441,2062 476,2062 510,2062 545,2062 579,2062 614,2061 648,2061 683,2060 717,2059 752,2058 786,2057 821,2055"/>
                <TextEquiv>
                    <Unicode>Dichtern am meisten im stande, beim</Unicode>
                </TextEquiv>
            </TextLine>
            <TextLine id="r1l19" custom="readingOrder {index:18;}">
                <Coords points="1817,2099 2773,2098 2799,2094 2798,2028 1816,2056"/>
                <Baseline points="1833,2093 1880,2092 1928,2090 1975,2089 2023,2089 2070,2088 2118,2087 2165,2087 2213,2086 2260,2086 2308,2086 2355,2085 2403,2085 2450,2084 2498,2084 2545,2083 2593,2082 2640,2080 2688,2079 2735,2077 2783,2075"/>
                <TextEquiv>
                    <Unicode>jungen, nervösen Wienern alles. Darin besteht eben</Unicode>
                </TextEquiv>
            </TextLine>
            <TextLine id="r1l20" custom="readingOrder {index:19;}">
                <Coords points="890,2102 1756,2105 1816,2077 1816,2044 890,2062"/>
                <Baseline points="906,2096 950,2097 995,2097 1039,2097 1084,2097 1129,2097 1173,2097 1218,2097 1263,2096 1307,2096 1352,2095 1397,2095 1441,2094 1486,2094 1531,2093 1575,2093 1620,2092 1665,2092 1709,2091 1754,2091 1799,2091"/>
                <TextEquiv>
                    <Unicode>Ein bekannter Wiener Feuilletonist behauptete ein¬</Unicode>
                </TextEquiv>
            </TextLine>
            <TextLine id="r1l21" custom="readingOrder {index:20;}">
                <Coords points="124,2119 464,2109 484,2126 567,2103 710,2123 760,2096 843,2113 843,2060 124,2069"/>
                <Baseline points="142,2106 176,2105 210,2104 244,2103 278,2103 313,2103 347,2103 381,2103 415,2103 449,2103 484,2104 518,2104 552,2105 586,2105 620,2105 655,2105 689,2105 723,2105 757,2104 791,2104 826,2103"/>
                <TextEquiv>
                    <Unicode>ikum verwandte Saiten mitklingen zu</Unicode>
                </TextEquiv>
            </TextLine>
            <TextLine id="r1l22" custom="readingOrder {index:21;}">
                <Coords points="1817,2141 2803,2123 2802,2070 1817,2095"/>
                <Baseline points="1833,2133 1880,2133 1928,2132 1976,2132 2023,2131 2071,2131 2119,2131 2166,2131 2214,2131 2262,2130 2310,2130 2357,2130 2405,2130 2453,2129 2500,2128 2548,2127 2596,2126 2643,2125 2691,2123 2739,2121 2787,2119"/>
                <TextEquiv>
                    <Unicode>ihre große Kunst, daß sie das Huschen von Licht und</Unicode>
                </TextEquiv>
            </TextLine>
            <TextLine id="r1l23" custom="readingOrder {index:22;}">
                <Coords points="836,2152 1579,2160 1809,2141 1809,2091 949,2115 836,2092"/>
                <Baseline points="853,2145 900,2144 947,2143 994,2143 1041,2142 1088,2142 1135,2142 1182,2142 1229,2142 1276,2142 1323,2142 1370,2141 1417,2141 1464,2141 1511,2141 1558,2140 1605,2139 1652,2138 1699,2137 1746,2136 1793,2134"/>
                <TextEquiv>
                    <Unicode>mal, wenn das Publikum der berüchtigtesten Wiener</Unicode>
                </TextEquiv>
            </TextLine>
            <TextLine id="r1l24" custom="readingOrder {index:23;}">
                <Coords points="123,2158 690,2168 836,2150 836,2110 123,2121"/>
                <Baseline points="139,2150 174,2150 210,2149 246,2149 281,2149 317,2149 353,2148 389,2148 424,2148 460,2148 496,2148 532,2148 567,2148 603,2148 639,2148 675,2147 710,2146 746,2146 782,2145 818,2144"/>
                <TextEquiv>
                    <Unicode>ntürmen sich als Hintergrund dieser</Unicode>
                </TextEquiv>
            </TextLine>
            <TextLine id="r1l25" custom="readingOrder {index:24;}">
                <Coords points="1808,2174 2721,2184 2800,2124 1808,2144"/>
                <Baseline points="1823,2176 1871,2176 1919,2175 1967,2175 2015,2175 2063,2175 2111,2175 2159,2174 2207,2174 2255,2174 2304,2174 2352,2174 2400,2173 2448,2173 2496,2172 2544,2171 2592,2170 2640,2169 2688,2167 2736,2166 2785,2163"/>
                <TextEquiv>
                    <Unicode>Schatten der Stimmung festzuhalten ver##hen und</Unicode>
                </TextEquiv>
            </TextLine>
            <TextLine id="r1l26" custom="readingOrder {index:25;}">
                <Coords points="834,2203 1816,2202 1815,2126 833,2153"/>
                <Baseline points="849,2190 896,2189 944,2189 991,2188 1039,2188 1086,2187 1134,2187 1181,2187 1229,2187 1276,2187 1324,2187 1371,2186 1419,2186 1466,2186 1514,2185 1561,2184 1609,2183 1656,2182 1704,2180 1751,2178 1799,2175"/>
                <TextEquiv>
                    <Unicode>Verbrecherspelunken zu tanzen anfange, sehe es edel und</Unicode>
                </TextEquiv>
            </TextLine>
            <TextLine id="r1l27" custom="readingOrder {index:26;}">
                <Coords points="122,2205 485,2213 522,2190 555,2216 839,2219 838,2149 122,2158"/>
                <Baseline points="140,2194 174,2193 208,2193 242,2192 276,2192 310,2192 344,2192 378,2193 412,2193 446,2193 480,2193 514,2193 548,2193 582,2193 616,2193 650,2193 684,2192 718,2191 752,2190 786,2189 821,2187"/>
                <TextEquiv>
                    <Unicode>ichtes, starkes Gefühl und ein reiches</Unicode>
                </TextEquiv>
            </TextLine>
            <TextLine id="r1l28" custom="readingOrder {index:27;}">
                <Coords points="1809,2239 2675,2233 2798,2204 2777,2155 2308,2188 1808,2176"/>
                <Baseline points="1826,2223 1873,2222 1921,2221 1969,2220 2016,2219 2064,2218 2112,2218 2159,2217 2207,2217 2255,2216 2303,2216 2350,2215 2398,2214 2446,2214 2493,2213 2541,2212 2589,2211 2636,2211 2684,2210 2732,2208 2780,2207"/>
                <TextEquiv>
                    <Unicode>darin besteht die Eigenart Marcell Salzers, daß er</Unicode>
                </TextEquiv>
            </TextLine>
            <TextLine id="r1l29" custom="readingOrder {index:28;}">
                <Coords points="836,2242 1762,2238 1805,2234 1805,2184 835,2192"/>
                <Baseline points="853,2235 899,2234 946,2233 993,2232 1040,2232 1087,2231 1133,2231 1180,2230 1227,2230 1274,2229 1321,2229 1367,2229 1414,2228 1461,2228 1508,2227 1555,2227 1601,2226 1648,2225 1695,2224 1742,2223 1789,2222"/>
                <TextEquiv>
                    <Unicode>anmutig aus, trotz aller inneren Rohheit. Darum giebt</Unicode>
                </TextEquiv>
            </TextLine>
            <TextLine id="r1l30" custom="readingOrder {index:29;}">
                <Coords points="116,2249 426,2249 426,2203 276,2192 236,2202 116,2199"/>
                <Baseline points="133,2238 158,2238 183,2237 208,2237 233,2237 258,2237 283,2237 308,2238 333,2238 358,2238 383,2238 409,2237"/>
                <TextEquiv>
                    <Unicode>en ihren Kern.</Unicode>
                </TextEquiv>
            </TextLine>
            <TextLine id="r1l31" custom="readingOrder {index:30;}">
                <Coords points="1808,2280 2807,2260 2780,2204 1807,2226"/>
                <Baseline points="1825,2268 1873,2267 1921,2266 1969,2265 2018,2264 2066,2263 2114,2262 2162,2261 2211,2261 2259,2260 2307,2259 2355,2258 2404,2257 2452,2256 2500,2255 2548,2254 2597,2253 2645,2252 2693,2250 2741,2249 2790,2248"/>
                <TextEquiv>
                    <Unicode>gleichsam ein zartes, bei der leisesten Bewegung mit¬</Unicode>
                </TextEquiv>
            </TextLine>
            <TextLine id="r1l32" custom="readingOrder {index:31;}">
                <Coords points="840,2289 1646,2289 1809,2274 1809,2234 839,2242"/>
                <Baseline points="855,2278 901,2277 948,2276 995,2275 1042,2275 1089,2274 1136,2274 1183,2274 1230,2274 1277,2273 1324,2273 1370,2273 1417,2272 1464,2272 1511,2271 1558,2271 1605,2270 1652,2268 1699,2267 1746,2265 1793,2263"/>
                <TextEquiv>
                    <Unicode>es keinen österreichischen Naturalismus im norddeutschen</Unicode>
                </TextEquiv>
            </TextLine>
            <TextLine id="r1l33" custom="readingOrder {index:32;}">
                <Coords points="128,2295 841,2295 840,2218 127,2245"/>
                <Baseline points="143,2282 177,2282 211,2282 245,2283 279,2283 313,2283 347,2284 381,2284 415,2284 449,2284 483,2285 517,2284 551,2284 585,2284 619,2284 653,2283 687,2282 721,2281 755,2279 789,2278 823,2276"/>
                <TextEquiv>
                    <Unicode>irkel Hottingen, der den Zürchern</Unicode>
                </TextEquiv>
            </TextLine>
            <TextLine id="r1l34" custom="readingOrder {index:33;}">
                <Coords points="1815,2317 2698,2311 2804,2299 2804,2269 1814,2277"/>
                <Baseline points="1831,2310 1878,2309 1926,2308 1974,2307 2022,2306 2069,2306 2117,2305 2165,2304 2213,2304 2260,2303 2308,2303 2356,2302 2404,2302 2451,2301 2499,2300 2547,2300 2595,2299 2642,2298 2690,2297 2738,2296 2786,2295"/>
                <TextEquiv>
                    <Unicode>schwingendes Instrument, jede seelische Berührung in</Unicode>
                </TextEquiv>
            </TextLine>
            <TextLine id="r1l35" custom="readingOrder {index:34;}">
                <Coords points="831,2343 1814,2323 1813,2259 831,2283"/>
                <Baseline points="847,2324 894,2322 942,2321 989,2320 1037,2319 1084,2319 1132,2319 1179,2319 1227,2319 1274,2319 1322,2319 1369,2319 1417,2319 1464,2318 1512,2318 1559,2317 1607,2316 1654,2314 1702,2312 1749,2310 1797,2307"/>
                <TextEquiv>
                    <Unicode>Sinne, wird es nie einen geben. Im tiefsten Grunde</Unicode>
                </TextEquiv>
            </TextLine>
            <TextLine id="r1l36" custom="readingOrder {index:35;}">
                <Coords points="122,2335 835,2337 835,2283 122,2295"/>
                <Baseline points="138,2329 172,2328 206,2327 240,2326 274,2326 308,2325 342,2325 376,2326 410,2326 444,2326 478,2326 512,2327 546,2327 580,2327 614,2327 648,2327 682,2327 716,2326 750,2325 784,2324 818,2323"/>
                <TextEquiv>
                    <Unicode>nRosegger lebendig und leibhaftig her¬</Unicode>
                </TextEquiv>
            </TextLine>
            <TextLine id="r1l37" custom="readingOrder {index:36;}">
                <Coords points="1805,2360 2811,2351 2810,2314 2714,2299 1804,2310"/>
                <Baseline points="1823,2353 1871,2352 1920,2351 1968,2351 2017,2350 2065,2349 2114,2348 2162,2348 2211,2347 2259,2347 2308,2346 2357,2346 2405,2345 2454,2345 2502,2344 2551,2343 2599,2343 2648,2342 2696,2342 2745,2341 2794,2340"/>
                <TextEquiv>
                    <Unicode>Töne übersetzt. Dabei ist dieser „kleine Wiener mit den</Unicode>
                </TextEquiv>
            </TextLine>
            <TextLine id="r1l38" custom="readingOrder {index:37;}">
                <Coords points="831,2377 1807,2352 1786,2319 1440,2304 830,2323"/>
                <Baseline points="849,2369 896,2367 943,2366 990,2365 1037,2364 1084,2363 1131,2362 1178,2362 1225,2361 1272,2361 1320,2361 1367,2360 1414,2360 1461,2359 1508,2358 1555,2358 1602,2357 1649,2356 1696,2355 1743,2353 1791,2351"/>
                <TextEquiv>
                    <Unicode>werden dem Schweizer die meisten Erzeugnisse des nord¬</Unicode>
                </TextEquiv>
            </TextLine>
            <TextLine id="r1l39" custom="readingOrder {index:38;}">
                <Coords points="124,2378 834,2378 833,2321 637,2342 554,2319 447,2347 327,2324 124,2338"/>
                <Baseline points="140,2370 173,2370 207,2370 241,2371 275,2371 309,2371 342,2372 376,2372 410,2372 444,2372 478,2372 511,2372 545,2372 579,2372 613,2372 646,2371 680,2370 714,2369 748,2368 782,2366 816,2364"/>
                <TextEquiv>
                    <Unicode>nun übernommen, Vermittler einer gan</Unicode>
                </TextEquiv>
            </TextLine>
            <TextLine id="r1l40" custom="readingOrder {index:39;}">
                <Coords points="1816,2407 2659,2398 2795,2379 2795,2342 2505,2360 2381,2329 1816,2364"/>
                <Baseline points="1833,2399 1880,2398 1927,2397 1974,2396 2022,2396 2069,2395 2116,2394 2164,2394 2211,2393 2258,2393 2306,2392 2353,2392 2400,2391 2447,2391 2495,2390 2542,2389 2589,2388 2637,2386 2684,2385 2731,2384 2779,2381"/>
                <TextEquiv>
                    <Unicode>geistsprühenden Augen“ ein feiner Kenne der modernen</Unicode>
                </TextEquiv>
            </TextLine>
            <TextLine id="r1l41" custom="readingOrder {index:40;}">
                <Coords points="842,2429 1811,2417 1810,2350 841,2372"/>
                <Baseline points="858,2412 904,2411 951,2410 998,2410 1045,2409 1092,2408 1139,2407 1185,2407 1232,2406 1279,2406 1326,2405 1373,2405 1420,2404 1467,2404 1513,2403 1560,2403 1607,2402 1654,2402 1701,2401 1748,2401 1795,2400"/>
                <TextEquiv>
                    <Unicode>deutschen Naturalismus unverständlich sein, weil sie auf</Unicode>
                </TextEquiv>
            </TextLine>
            <TextLine id="r1l42" custom="readingOrder {index:41;}">
                <Coords points="118,2421 728,2427 837,2413 837,2367 118,2375"/>
                <Baseline points="133,2418 167,2417 201,2415 236,2415 270,2414 305,2414 339,2414 373,2414 408,2415 442,2415 477,2415 511,2415 545,2415 580,2415 614,2415 649,2415 683,2414 717,2413 752,2412 786,2410 821,2408"/>
                <TextEquiv>
                    <Unicode>gen und reizvollen Bekanntschaft zu wer¬</Unicode>
                </TextEquiv>
            </TextLine>
            <TextLine id="r1l43" custom="readingOrder {index:42;}">
                <Coords points="1814,2448 2660,2440 2799,2421 2799,2394 1813,2411"/>
                <Baseline points="1829,2441 1876,2441 1924,2441 1972,2441 2020,2441 2067,2440 2115,2440 2163,2439 2211,2438 2258,2437 2306,2436 2354,2435 2402,2434 2449,2433 2497,2431 2545,2430 2593,2428 2640,2427 2688,2425 2736,2424 2784,2422"/>
                <TextEquiv>
                    <Unicode>Litteratur; die eleganten kleinen einleitenden Charakteri¬</Unicode>
                </TextEquiv>
            </TextLine>
            <TextLine id="r1l44" custom="readingOrder {index:43;}">
                <Coords points="837,2456 1770,2459 1816,2445 1816,2401 836,2416"/>
                <Baseline points="853,2457 900,2456 947,2455 994,2455 1042,2454 1089,2453 1136,2452 1184,2452 1231,2451 1278,2450 1326,2449 1373,2449 1420,2448 1467,2447 1515,2446 1562,2446 1609,2445 1657,2445 1704,2444 1751,2443 1799,2443"/>
                <TextEquiv>
                    <Unicode>einer hier unfaßbaren Schroffheit der Standesunterschiede</Unicode>
                </TextEquiv>
            </TextLine>
            <TextLine id="r1l45" custom="readingOrder {index:44;}">
                <Coords points="119,2465 836,2457 835,2411 119,2431"/>
                <Baseline points="135,2457 169,2458 203,2458 237,2458 271,2459 306,2459 340,2459 374,2459 408,2460 442,2460 477,2460 511,2460 545,2459 579,2459 613,2459 648,2458 682,2457 716,2456 750,2455 784,2454 819,2452"/>
                <TextEquiv>
                    <Unicode>Wien“, die Elite der modernen Wie¬</Unicode>
                </TextEquiv>
            </TextLine>
            <TextLine id="r1l46" custom="readingOrder {index:45;}">
                <Coords points="1819,2499 2802,2473 2801,2424 1819,2446"/>
                <Baseline points="1835,2487 1882,2487 1930,2486 1977,2485 2025,2485 2072,2484 2120,2483 2167,2483 2215,2482 2262,2481 2310,2480 2358,2479 2405,2479 2453,2478 2500,2477 2548,2476 2595,2475 2643,2475 2690,2474 2738,2473 2786,2472"/>
                <TextEquiv>
                    <Unicode>stiken, die er vorausschickt, sind Meisterwerke des Stils,</Unicode>
                </TextEquiv>
            </TextLine>
            <TextLine id="r1l47" custom="readingOrder {index:46;}">
                <Coords points="834,2499 1720,2501 1806,2486 1806,2449 833,2462"/>
                <Baseline points="849,2501 896,2500 943,2500 990,2499 1037,2499 1084,2498 1131,2497 1178,2497 1225,2496 1272,2496 1320,2495 1367,2494 1414,2494 1461,2493 1508,2492 1555,2491 1602,2490 1649,2489 1696,2487 1743,2486 1791,2484"/>
                <TextEquiv>
                    <Unicode>beruhen. Das tritt in Oesterreich, wie im Süden über¬</Unicode>
                </TextEquiv>
            </TextLine>
            <TextLine id="r1l48" custom="readingOrder {index:47;}">
                <Coords points="117,2514 764,2512 840,2505 840,2462 117,2464"/>
                <Baseline points="133,2501 167,2502 202,2503 236,2504 271,2504 305,2504 340,2504 374,2504 409,2504 443,2504 478,2503 512,2503 547,2502 581,2502 616,2501 650,2500 685,2500 719,2499 754,2499 788,2498 823,2497"/>
                <TextEquiv>
                    <Unicode>uns vorgeführt werden und Marcell</Unicode>
                </TextEquiv>
            </TextLine>
            <TextLine id="r1l49" custom="readingOrder {index:48;}">
                <Coords points="1811,2539 2684,2541 2803,2523 2802,2473 1810,2492"/>
                <Baseline points="1828,2532 1875,2531 1923,2531 1971,2530 2019,2530 2067,2529 2115,2528 2163,2528 2211,2527 2259,2526 2307,2525 2354,2525 2402,2524 2450,2523 2498,2522 2546,2521 2594,2520 2642,2519 2690,2519 2738,2517 2786,2516"/>
                <TextEquiv>
                    <Unicode>anregend und belehrend zugleich. Und mit geschickten</Unicode>
                </TextEquiv>
            </TextLine>
            <TextLine id="r1l50" custom="readingOrder {index:49;}">
                <Coords points="836,2554 1686,2547 1815,2535 1815,2492 835,2508"/>
                <Baseline points="853,2543 900,2543 947,2542 994,2542 1042,2542 1089,2542 1136,2541 1184,2541 1231,2540 1278,2540 1326,2539 1373,2539 1420,2538 1467,2537 1515,2537 1562,2536 1609,2535 1657,2534 1704,2533 1751,2531 1799,2529"/>
                <TextEquiv>
                    <Unicode>haupt, viel mehr zurück, das allgemein menschliche viel</Unicode>
                </TextEquiv>
            </TextLine>
            <TextLine id="r1l51" custom="readingOrder {index:50;}">
                <Coords points="125,2561 838,2558 837,2501 124,2511"/>
                <Baseline points="141,2550 175,2549 209,2549 243,2548 277,2548 311,2548 345,2548 379,2548 413,2548 447,2548 481,2548 515,2548 549,2548 583,2548 617,2548 651,2547 685,2546 719,2545 753,2544 787,2542 821,2540"/>
                <TextEquiv>
                    <Unicode>geistvoller Feuilletonist und congenialer</Unicode>
                </TextEquiv>
            </TextLine>
            <TextLine id="r1l52" custom="readingOrder {index:51;}">
                <Coords points="1815,2581 2811,2568 2810,2522 2757,2519 1815,2541"/>
                <Baseline points="1833,2576 1881,2575 1929,2575 1977,2574 2025,2573 2073,2573 2121,2572 2170,2571 2218,2571 2266,2570 2314,2569 2362,2568 2410,2567 2458,2566 2507,2565 2555,2564 2603,2563 2651,2561 2699,2560 2747,2558 2796,2557"/>
                <TextEquiv>
                    <Unicode>Händen versteht er es, durch kleine Streichungen alles</Unicode>
                </TextEquiv>
            </TextLine>
            <TextLine id="r1l53" custom="readingOrder {index:52;}">
                <Coords points="838,2595 1811,2579 1810,2533 838,2548"/>
                <Baseline points="855,2587 902,2586 949,2585 996,2585 1043,2584 1090,2583 1137,2583 1184,2583 1231,2582 1278,2582 1325,2582 1372,2581 1419,2581 1466,2580 1513,2580 1560,2579 1607,2578 1654,2577 1701,2576 1748,2574 1795,2572"/>
                <TextEquiv>
                    <Unicode>mehr hervor. „Menschen, Menschen san mer alle“ heißts</Unicode>
                </TextEquiv>
            </TextLine>
            <TextLine id="r1l54" custom="readingOrder {index:53;}">
                <Coords points="119,2605 515,2587 841,2606 841,2556 118,2555"/>
                <Baseline points="135,2590 169,2591 204,2591 238,2591 273,2592 307,2592 342,2592 376,2592 411,2592 445,2592 480,2592 514,2592 549,2592 583,2592 618,2592 652,2591 687,2591 721,2590 756,2589 790,2588 825,2587"/>
                <TextEquiv>
                    <Unicode>er Person, wird am nächsten Montag</Unicode>
                </TextEquiv>
            </TextLine>
            <TextLine id="r1l55" custom="readingOrder {index:54;}">
                <Coords points="1820,2621 2723,2622 2799,2594 2799,2561 1820,2578"/>
                <Baseline points="1838,2619 1885,2618 1932,2617 1979,2616 2027,2615 2074,2615 2121,2614 2169,2614 2216,2613 2263,2613 2311,2613 2358,2612 2405,2612 2452,2611 2500,2610 2547,2609 2594,2607 2642,2605 2689,2603 2736,2602 2784,2599"/>
                <TextEquiv>
                    <Unicode>Anstößige aus seinen Texten zu entfernen, wobei der ge¬</Unicode>
                </TextEquiv>
            </TextLine>
            <TextLine id="r1l56" custom="readingOrder {index:55;}">
                <Coords points="846,2637 1786,2634 1819,2620 1819,2570 846,2590"/>
                <Baseline points="863,2630 909,2629 956,2628 1003,2627 1050,2627 1097,2626 1144,2626 1191,2626 1238,2626 1285,2625 1332,2625 1378,2625 1425,2625 1472,2625 1519,2624 1566,2624 1613,2622 1660,2622 1707,2620 1754,2618 1801,2616"/>
                <TextEquiv>
                    <Unicode>in einem beliebten Wiener Gassenhauer, und die Durch¬</Unicode>
                </TextEquiv>
            </TextLine>
            <TextLine id="r1l57" custom="readingOrder {index:56;}">
                <Coords points="131,2645 840,2648 840,2585 444,2600 317,2574 237,2611 130,2598"/>
                <Baseline points="146,2636 181,2635 217,2635 253,2635 288,2635 324,2635 360,2635 396,2635 431,2636 467,2636 503,2636 539,2636 574,2636 610,2636 646,2635 682,2635 717,2634 753,2633 789,2631 825,2629"/>
                <TextEquiv>
                    <Unicode>jener anmutvollen Kraft, die man ihm</Unicode>
                </TextEquiv>
            </TextLine>
            <TextLine id="r1l58" custom="readingOrder {index:57;}">
                <Coords points="1814,2675 2796,2656 2795,2599 1813,2622"/>
                <Baseline points="1830,2664 1877,2662 1925,2661 1972,2660 2020,2659 2067,2659 2115,2658 2162,2658 2210,2657 2257,2657 2305,2657 2352,2656 2400,2656 2447,2655 2495,2654 2542,2653 2590,2651 2637,2650 2685,2648 2732,2646 2780,2643"/>
                <TextEquiv>
                    <Unicode>schmackvolle Mann sich wohl hütet, seinen Dichtern in</Unicode>
                </TextEquiv>
            </TextLine>
            <TextLine id="r1l59" custom="readingOrder {index:58;}">
                <Coords points="844,2688 1813,2682 1812,2622 843,2642"/>
                <Baseline points="859,2677 905,2677 952,2676 999,2676 1046,2675 1093,2675 1139,2674 1186,2674 1233,2673 1280,2673 1327,2672 1373,2671 1420,2670 1467,2669 1514,2669 1561,2668 1607,2667 1654,2665 1701,2664 1748,2662 1795,2661"/>
                <TextEquiv>
                    <Unicode>führung eines gleichmütigen, oft nur zu nachsichtigen</Unicode>
                </TextEquiv>
            </TextLine>
            <TextLine id="r1l60" custom="readingOrder {index:59;}">
                <Coords points="114,2695 464,2674 840,2693 840,2636 114,2651"/>
                <Baseline points="131,2678 165,2678 200,2678 234,2678 269,2678 303,2678 338,2678 372,2678 407,2678 441,2678 476,2678 511,2678 545,2677 580,2677 614,2677 649,2677 683,2677 718,2677 752,2677 787,2676 822,2676"/>
                <TextEquiv>
                    <Unicode>Fühmt, in das neue Wien entrücken, in</Unicode>
                </TextEquiv>
            </TextLine>
            <TextLine id="r1l61" custom="readingOrder {index:60;}">
                <Coords points="1816,2709 2739,2725 2812,2691 2811,2651 1815,2676"/>
                <Baseline points="1832,2705 1880,2704 1928,2704 1976,2703 2024,2703 2073,2702 2121,2702 2169,2701 2217,2701 2265,2700 2314,2700 2362,2699 2410,2699 2458,2698 2506,2698 2555,2697 2603,2696 2651,2695 2699,2694 2747,2693 2796,2692"/>
                <TextEquiv>
                    <Unicode>irgend etwas Wesentlichem, in ihrer Eigenart, Abbruch</Unicode>
                </TextEquiv>
            </TextLine>
            <TextLine id="r1l62" custom="readingOrder {index:61;}">
                <Coords points="840,2740 1585,2706 1816,2729 1815,2666 839,2683"/>
                <Baseline points="855,2724 902,2723 949,2722 996,2721 1043,2720 1090,2719 1137,2719 1184,2718 1231,2717 1278,2716 1326,2715 1373,2715 1420,2714 1467,2713 1514,2712 1561,2711 1608,2710 1655,2709 1702,2708 1749,2707 1797,2707"/>
                <TextEquiv>
                    <Unicode>Humanitätsprinzips läßt den Oesterreicher milde und</Unicode>
                </TextEquiv>
            </TextLine>
            <TextLine id="r1l63" custom="readingOrder {index:62;}">
                <Coords points="125,2748 814,2747 838,2744 837,2671 124,2684"/>
                <Baseline points="142,2724 175,2724 209,2725 243,2725 277,2726 311,2726 345,2726 379,2727 413,2727 447,2727 481,2727 514,2727 548,2726 582,2726 616,2726 650,2725 684,2724 718,2723 752,2722 786,2720 820,2719"/>
                <TextEquiv>
                    <Unicode>nann Bahrs, Arthur Schnitzlers, Peter</Unicode>
                </TextEquiv>
            </TextLine>
            <TextLine id="r1l64" custom="readingOrder {index:63;}">
                <Coords points="1811,2768 1831,2771 1844,2764 1854,2770 1897,2757 2004,2752 2003,2709 1983,2709 1967,2719 1947,2706 1907,2706 1870,2717 1840,2714 1834,2721 1810,2718"/>
                <Baseline points="1828,2750 1854,2747 1881,2745 1908,2744 1934,2744 1961,2746 1988,2748"/>
                <TextEquiv>
                    <Unicode>zu thun.</Unicode>
                </TextEquiv>
            </TextLine>
            <TextLine id="r1l65" custom="readingOrder {index:64;}">
                <Coords points="831,2782 1807,2757 1806,2707 830,2713"/>
                <Baseline points="847,2769 894,2767 941,2766 988,2765 1035,2764 1083,2763 1130,2762 1177,2761 1224,2760 1271,2760 1319,2759 1366,2758 1413,2757 1460,2756 1507,2755 1555,2755 1602,2754 1649,2752 1696,2751 1743,2750 1791,2748"/>
                <TextEquiv>
                    <Unicode>versönlich auch im Verkommensten das rührend Mensch¬</Unicode>
                </TextEquiv>
            </TextLine>
            <TextLine id="r1l66" custom="readingOrder {index:65;}">
                <Coords points="1871,2804 2690,2793 2816,2774 2816,2740 2566,2742 2519,2712 2386,2745 2259,2717 2196,2748 2146,2719 1870,2761"/>
                <Baseline points="1886,2788 1931,2790 1977,2791 2022,2792 2068,2793 2114,2794 2159,2794 2205,2794 2251,2793 2296,2793 2342,2792 2388,2791 2433,2790 2479,2788 2525,2786 2570,2785 2616,2783 2662,2780 2707,2778 2753,2775 2799,2773"/>
                <TextEquiv>
                    <Unicode>Salzer stellt J. J. David an die Spitze seines</Unicode>
                </TextEquiv>
            </TextLine>
            <TextLine id="r1l67" custom="readingOrder {index:66;}">
                <Coords points="844,2817 1743,2814 1819,2793 1819,2746 843,2767"/>
                <Baseline points="861,2810 908,2809 955,2809 1002,2808 1049,2807 1096,2807 1143,2806 1190,2805 1237,2804 1284,2804 1332,2803 1379,2802 1426,2801 1473,2800 1520,2799 1567,2798 1614,2798 1661,2796 1708,2795 1755,2794 1803,2793"/>
                <TextEquiv>
                    <Unicode>liche entdecken. Wern das nun im allgemeinen ein Fehler</Unicode>
                </TextEquiv>
            </TextLine>
            <TextLine id="r1l68" custom="readingOrder {index:67;}">
                <Coords points="121,2817 851,2816 850,2746 827,2743 700,2767 484,2753 447,2783 350,2748 121,2780"/>
                <Baseline points="137,2809 171,2810 206,2811 241,2812 276,2812 311,2813 346,2813 381,2813 416,2813 451,2813 486,2812 520,2812 555,2811 590,2810 625,2809 660,2808 695,2807 730,2806 765,2805 800,2804 835,2803"/>
                <TextEquiv>
                    <Unicode>litterarische Wien, wie verschieden ist es</Unicode>
                </TextEquiv>
            </TextLine>
            <TextLine id="r1l69" custom="readingOrder {index:68;}">
                <Coords points="1817,2842 2557,2851 2770,2828 2816,2774 1817,2795"/>
                <Baseline points="1834,2838 1882,2837 1930,2837 1978,2836 2027,2836 2075,2836 2123,2835 2172,2835 2220,2835 2268,2834 2317,2834 2365,2833 2413,2833 2461,2832 2510,2831 2558,2830 2606,2829 2655,2827 2703,2825 2751,2823 2800,2821"/>
                <TextEquiv>
                    <Unicode>Programms, einen schwermütigen Romantiker, der noch</Unicode>
                </TextEquiv>
            </TextLine>
            <TextLine id="r1l70" custom="readingOrder {index:69;}">
                <Coords points="840,2855 1823,2840 1822,2793 840,2815"/>
                <Baseline points="857,2854 904,2853 951,2851 999,2849 1046,2848 1094,2847 1141,2846 1188,2846 1236,2845 1283,2845 1331,2844 1378,2844 1425,2844 1473,2844 1520,2843 1568,2843 1615,2843 1662,2842 1710,2841 1757,2841 1805,2840"/>
                <TextEquiv>
                    <Unicode>sein mag, dem Dichter steht es wohl an. Ist es doch</Unicode>
                </TextEquiv>
            </TextLine>
            <TextLine id="r1l71" custom="readingOrder {index:70;}">
                <Coords points="121,2864 801,2867 844,2853 844,2816 121,2818"/>
                <Baseline points="136,2856 170,2856 205,2856 239,2857 274,2857 309,2858 343,2858 378,2859 412,2859 447,2859 482,2859 516,2860 551,2859 585,2859 620,2858 655,2857 689,2856 724,2855 758,2853 793,2850 828,2848"/>
                <TextEquiv>
                    <Unicode>alten! Was haben diese müden, aufgereg¬</Unicode>
                </TextEquiv>
            </TextLine>
            <TextLine id="r1l72" custom="readingOrder {index:71;}">
                <Coords points="1816,2891 2788,2860 2787,2824 2694,2822 1815,2848"/>
                <Baseline points="1832,2882 1881,2881 1930,2881 1980,2881 2029,2881 2079,2880 2128,2880 2177,2880 2227,2880 2276,2880 2326,2880 2375,2879 2425,2878 2474,2877 2523,2876 2573,2874 2622,2872 2672,2870 2721,2867 2771,2863"/>
                <TextEquiv>
                    <Unicode>der ältern Periode angehört und hier kaum „aufremden“</Unicode>
                </TextEquiv>
            </TextLine>
            <TextLine id="r1l73" custom="readingOrder {index:72;}">
                <Coords points="839,2914 1809,2895 1808,2848 1668,2843 839,2861"/>
                <Baseline points="855,2897 901,2896 948,2894 995,2894 1042,2893 1089,2892 1136,2891 1183,2891 1230,2891 1277,2890 1324,2890 1370,2890 1417,2890 1464,2890 1511,2890 1558,2889 1605,2889 1652,2888 1699,2887 1746,2887 1793,2885"/>
                <TextEquiv>
                    <Unicode>das schönste Wort, das Gottfried Keller ausgesprochen:</Unicode>
                </TextEquiv>
            </TextLine>
            <TextLine id="r1l74" custom="readingOrder {index:73;}">
                <Coords points="117,2914 847,2904 846,2851 117,2860"/>
                <Baseline points="133,2901 167,2901 202,2902 237,2902 272,2902 307,2903 342,2903 377,2903 412,2902 447,2902 482,2902 516,2901 551,2901 586,2900 621,2899 656,2898 691,2897 726,2896 761,2895 796,2893 831,2892"/>
                <TextEquiv>
                    <Unicode>ichelnden und empfindungsschaukelnden</Unicode>
                </TextEquiv>
            </TextLine>
            <TextLine id="r1l75" custom="readingOrder {index:74;}">
                <Coords points="1813,2932 2806,2913 2805,2867 2772,2861 1813,2892"/>
                <Baseline points="1831,2927 1881,2926 1931,2925 1982,2925 2032,2925 2083,2924 2133,2924 2184,2924 2234,2924 2285,2923 2335,2923 2386,2922 2436,2921 2487,2920 2537,2919 2588,2916 2638,2914 2689,2911 2739,2908 2790,2904"/>
                <TextEquiv>
                    <Unicode>wird, trotz seiner ausgesprochenen Individualität. An¬</Unicode>
                </TextEquiv>
            </TextLine>
            <TextLine id="r1l76" custom="readingOrder {index:75;}">
                <Coords points="833,2956 996,2934 1685,2960 1812,2945 1811,2895 832,2909"/>
                <Baseline points="849,2942 896,2940 943,2938 990,2937 1038,2936 1085,2935 1132,2935 1180,2934 1227,2934 1274,2934 1322,2934 1369,2934 1416,2933 1463,2933 1511,2933 1558,2932 1605,2932 1653,2931 1700,2929 1747,2928 1795,2926"/>
                <TextEquiv>
                    <Unicode>„Selbst der Unhold ist mit einem goldenen Bändchen</Unicode>
                </TextEquiv>
            </TextLine>
            <TextLine id="r1l77" custom="readingOrder {index:76;}">
                <Coords points="123,2957 809,2951 849,2940 848,2887 122,2907"/>
                <Baseline points="139,2945 173,2946 208,2946 242,2947 277,2947 312,2947 346,2947 381,2947 415,2947 450,2947 485,2947 519,2947 554,2946 588,2945 623,2945 658,2943 692,2942 727,2941 761,2938 796,2937 831,2934"/>
                <TextEquiv>
                    <Unicode>illparzer, mit Bauernfeld, mit Anzeugru¬</Unicode>
                </TextEquiv>
            </TextLine>
            <TextLine id="r1l78" custom="readingOrder {index:77;}">
                <Coords points="1824,2976 2647,2949 2804,2980 2837,2976 2836,2903 1823,2932"/>
                <Baseline points="1841,2972 1890,2971 1939,2970 1988,2969 2037,2968 2086,2967 2135,2967 2184,2966 2233,2965 2282,2965 2331,2964 2380,2963 2429,2963 2478,2962 2527,2961 2576,2961 2625,2959 2674,2958 2723,2957 2772,2956 2821,2954"/>
                <TextEquiv>
                    <Unicode>ders dürfte es mit Peter Altenberg und Her¬</Unicode>
                </TextEquiv>
            </TextLine>
            <TextLine id="r1l79" custom="readingOrder {index:78;}">
                <Coords points="836,3005 926,2988 1282,2991 1352,2970 1352,2937 836,2949"/>
                <Baseline points="854,2984 879,2982 904,2981 929,2979 955,2979 980,2978 1005,2978 1031,2978 1056,2978 1081,2979 1107,2979 1132,2979 1157,2980 1183,2980 1208,2980 1233,2980 1259,2980 1284,2979 1309,2978 1335,2977"/>
                <TextEquiv>
                    <Unicode>an die Menschheit gefesselt.“</Unicode>
                </TextEquiv>
            </TextLine>
            <TextLine id="r1l80" custom="readingOrder {index:79;}">
                <Coords points="114,3011 414,2987 817,2999 850,2988 850,2955 114,2964"/>
                <Baseline points="131,2988 166,2988 201,2988 236,2989 271,2989 306,2989 341,2989 376,2990 411,2990 446,2990 482,2990 517,2989 552,2989 587,2989 622,2989 657,2988 692,2988 727,2987 762,2986 797,2986 833,2984"/>
                <TextEquiv>
                    <Unicode>Suchen sie uns nicht, der eine auf diese,</Unicode>
                </TextEquiv>
            </TextLine>
            <TextLine id="r1l81" custom="readingOrder {index:80;}">
                <Coords points="1825,3018 2544,3020 2814,2988 2813,2948 1824,2975"/>
                <Baseline points="1841,3015 1888,3014 1936,3014 1984,3013 2032,3013 2080,3012 2127,3011 2175,3011 2223,3010 2271,3009 2319,3008 2366,3008 2414,3006 2462,3005 2510,3004 2558,3003 2605,3001 2653,3000 2701,2998 2749,2996 2797,2994"/>
                <TextEquiv>
                    <Unicode>mann Bahr gehen. Dieser der Schöpfer der Wiener</Unicode>
                </TextEquiv>
            </TextLine>
            <TextLine id="r1l82" custom="readingOrder {index:81;}">
                <Coords points="889,3025 1792,3032 1815,2972 1524,2952 1445,2993 1378,2963 1282,2991 889,2992"/>
                <Baseline points="905,3023 949,3025 994,3026 1038,3026 1083,3026 1128,3027 1172,3027 1217,3027 1262,3026 1306,3026 1351,3026 1396,3025 1440,3024 1485,3023 1530,3022 1574,3022 1619,3020 1664,3019 1708,3018 1753,3017 1798,3015"/>
                <TextEquiv>
                    <Unicode>So haben wir denn auch von „Jung Wien“ das</Unicode>
                </TextEquiv>
            </TextLine>
            <TextLine id="r1l83" custom="readingOrder {index:82;}">
                <Coords points="124,3050 783,3048 846,3034 846,2987 123,2993"/>
                <Baseline points="141,3035 175,3035 210,3035 244,3034 279,3034 313,3034 348,3035 382,3035 417,3034 451,3034 486,3034 520,3034 555,3034 589,3033 624,3032 658,3031 693,3030 727,3029 762,3027 796,3025 831,3023"/>
                <TextEquiv>
                    <Unicode>jene Weise den modernen Menschen dar¬</Unicode>
                </TextEquiv>
            </TextLine>
            <TextLine id="r1l84" custom="readingOrder {index:83;}">
                <Coords points="1815,3060 2812,3057 2810,2991 1815,3023"/>
                <Baseline points="1833,3058 1881,3057 1929,3056 1977,3055 2025,3054 2073,3054 2121,3053 2169,3052 2217,3052 2265,3051 2313,3050 2361,3049 2409,3048 2457,3048 2505,3046 2553,3045 2601,3044 2649,3043 2697,3041 2745,3039 2793,3037"/>
                <TextEquiv>
                    <Unicode>sublimierten „Litteratenlitteratur“, der das Flackern und</Unicode>
                </TextEquiv>
            </TextLine>
            <TextLine id="r1l85" custom="readingOrder {index:84;}">
                <Coords points="843,3082 1719,3065 1822,3090 1821,3020 1019,3043 842,3005"/>
                <Baseline points="859,3068 906,3069 953,3070 1000,3070 1048,3070 1095,3071 1142,3071 1189,3070 1237,3070 1284,3069 1331,3069 1378,3068 1426,3067 1473,3066 1520,3065 1567,3064 1615,3063 1662,3062 1709,3061 1756,3060 1804,3059"/>
                <TextEquiv>
                    <Unicode>Schönste zu hoffen, besonders, da es bei uns einen In¬</Unicode>
                </TextEquiv>
            </TextLine>
            <TextLine id="r1l86" custom="readingOrder {index:85;}">
                <Coords points="118,3090 804,3083 837,3079 837,3032 117,3050"/>
                <Baseline points="133,3077 167,3078 201,3078 236,3079 270,3080 305,3080 339,3080 373,3080 408,3080 442,3080 477,3080 511,3079 545,3079 580,3078 614,3077 649,3076 683,3075 717,3074 752,3072 786,3071 821,3069"/>
                <TextEquiv>
                    <Unicode>altmodischer Ideale, der eine, indem er</Unicode>
                </TextEquiv>
            </TextLine>
            <TextLine id="r1l87" custom="readingOrder {index:86;}">
                <Coords points="1821,3111 2763,3097 2806,3093 2805,3040 1820,3065"/>
                <Baseline points="1837,3102 1884,3101 1932,3100 1980,3099 2027,3099 2075,3098 2123,3098 2170,3098 2218,3097 2266,3097 2314,3096 2361,3096 2409,3095 2457,3094 2504,3093 2552,3091 2600,3090 2647,3088 2695,3086 2743,3082 2791,3080"/>
                <TextEquiv>
                    <Unicode>Flimmern des Innern impressionistisch festzuhalten ver¬</Unicode>
                </TextEquiv>
            </TextLine>
            <TextLine id="r1l88" custom="readingOrder {index:87;}">
                <Coords points="841,3131 1781,3120 1807,3117 1807,3067 841,3075"/>
                <Baseline points="857,3114 903,3114 950,3114 997,3114 1043,3114 1090,3114 1137,3114 1183,3114 1230,3114 1277,3114 1324,3113 1370,3113 1417,3113 1464,3112 1510,3111 1557,3111 1604,3110 1650,3109 1697,3108 1744,3107 1791,3105"/>
                <TextEquiv>
                    <Unicode>terpreten findet, wie Marcell Salzer. In Bezug</Unicode>
                </TextEquiv>
            </TextLine>
            <TextLine id="r1l89" custom="readingOrder {index:88;}">
                <Coords points="109,3124 455,3118 698,3142 838,3121 838,3078 108,3094"/>
                <Baseline points="126,3122 160,3122 195,3122 230,3122 265,3122 300,3122 334,3122 369,3121 404,3121 439,3121 474,3121 508,3121 543,3120 578,3120 613,3120 648,3119 682,3119 717,3118 752,3117 787,3117 822,3116"/>
                <TextEquiv>
                    <Unicode>Die Brust greift und uns seine geheimsten</Unicode>
                </TextEquiv>
            </TextLine>
            <TextLine id="r1l90" custom="readingOrder {index:89;}">
                <Coords points="1827,3152 2769,3141 2822,3117 2821,3074 2559,3109 2089,3087 2026,3118 1826,3112"/>
                <Baseline points="1842,3147 1890,3146 1938,3145 1986,3143 2034,3143 2083,3142 2131,3141 2179,3140 2227,3140 2275,3139 2324,3138 2372,3138 2420,3137 2468,3136 2516,3135 2565,3134 2613,3133 2661,3132 2709,3130 2757,3129 2806,3128"/>
                <TextEquiv>
                    <Unicode>sucht, jener ein feiner vornehmer Zeichner, der bei den</Unicode>
                </TextEquiv>
            </TextLine>
            <TextLine id="r1l91" custom="readingOrder {index:90;}">
                <Coords points="844,3175 1774,3161 1820,3144 1820,3091 844,3128"/>
                <Baseline points="861,3158 908,3157 955,3156 1002,3156 1049,3155 1097,3155 1144,3155 1191,3154 1238,3154 1285,3154 1333,3154 1380,3154 1427,3154 1474,3154 1521,3153 1569,3153 1616,3152 1663,3151 1710,3150 1757,3149 1805,3147"/>
                <TextEquiv>
                    <Unicode>auf Recitatienen ist man ja in Zürich verwöhnt; für die</Unicode>
                </TextEquiv>
            </TextLine>
            <TextLine id="r1l92" custom="readingOrder {index:91;}">
                <Coords points="121,3174 564,3162 617,3185 817,3171 847,3161 847,3124 120,3128"/>
                <Baseline points="136,3169 170,3167 205,3166 239,3165 274,3165 309,3165 343,3165 378,3165 413,3165 447,3165 482,3165 517,3165 551,3166 586,3166 621,3166 655,3166 690,3165 725,3164 759,3163 794,3162 829,3161"/>
                <TextEquiv>
                    <Unicode>ngen mitmachen läst, der andere, indem</Unicode>
                </TextEquiv>
            </TextLine>
            <TextLine id="r1l93" custom="readingOrder {index:92;}">
                <Coords points="1819,3203 2808,3182 2807,3136 2717,3131 1818,3156"/>
                <Baseline points="1834,3192 1884,3190 1934,3189 1985,3187 2035,3186 2086,3185 2136,3184 2187,3182 2237,3182 2288,3181 2338,3180 2389,3179 2439,3178 2490,3178 2540,3177 2591,3176 2641,3176 2692,3175 2742,3175 2793,3175"/>
                <TextEquiv>
                    <Unicode>Japanern und Franzosen in die Schule gegangen ist;</Unicode>
                </TextEquiv>
            </TextLine>
            <TextLine id="r1l94" custom="readingOrder {index:93;}">
                <Coords points="846,3214 1819,3206 1818,3146 1675,3139 846,3174"/>
                <Baseline points="862,3210 911,3207 960,3205 1010,3203 1059,3202 1109,3200 1158,3199 1207,3197 1257,3197 1306,3196 1356,3195 1405,3194 1455,3194 1504,3193 1553,3193 1603,3193 1652,3192 1702,3192 1751,3192 1801,3191"/>
                <TextEquiv>
                    <Unicode>plastische, formende, bildende Poesie unserer großen</Unicode>
                </TextEquiv>
            </TextLine>
            <TextLine id="r1l95" custom="readingOrder {index:94;}">
                <Coords points="109,3211 458,3231 838,3211 838,3167 109,3161"/>
                <Baseline points="127,3209 161,3208 196,3207 231,3206 266,3206 301,3206 335,3206 370,3206 405,3207 440,3207 475,3207 509,3208 544,3208 579,3208 614,3209 649,3208 683,3208 718,3207 753,3206 788,3205 823,3203"/>
                <TextEquiv>
                    <Unicode>as modernes Großstadtleben zu Tage för¬</Unicode>
                </TextEquiv>
            </TextLine>
            <TextLine id="r1l96" custom="readingOrder {index:95;}">
                <Coords points="1820,3239 2730,3239 2829,3217 2828,3167 1819,3202"/>
                <Baseline points="1838,3238 1886,3237 1935,3237 1983,3236 2032,3236 2081,3235 2129,3234 2178,3233 2227,3233 2275,3231 2324,3230 2373,3229 2421,3228 2470,3227 2519,3226 2567,3224 2616,3223 2665,3221 2713,3220 2762,3218 2811,3217"/>
                <TextEquiv>
                    <Unicode>aber solche fremde Einflüsse haben in Wien von jeher</Unicode>
                </TextEquiv>
            </TextLine>
            <TextLine id="r1l97" custom="readingOrder {index:96;}">
                <Coords points="844,3257 1830,3246 1829,3180 843,3210"/>
                <Baseline points="860,3254 907,3253 955,3252 1002,3251 1050,3250 1098,3250 1145,3248 1193,3248 1240,3246 1288,3246 1336,3245 1383,3244 1431,3243 1478,3242 1526,3241 1574,3241 1621,3240 1669,3239 1716,3239 1764,3238 1812,3238"/>
                <TextEquiv>
                    <Unicode>schweizerischen Epiker, in deren Lyrik selbst die Empfin¬</Unicode>
                </TextEquiv>
            </TextLine>
            <TextLine id="r1l98" custom="readingOrder {index:97;}">
                <Coords points="113,3265 726,3268 833,3255 833,3208 466,3228 113,3215"/>
                <Baseline points="131,3253 165,3252 199,3252 233,3252 268,3252 302,3252 336,3252 371,3253 405,3253 439,3254 474,3254 508,3254 542,3255 576,3255 611,3255 645,3254 679,3254 714,3253 748,3251 782,3250 817,3248"/>
                <TextEquiv>
                    <Unicode>ugen führt? Doch gemach, ein Gemein¬</Unicode>
                </TextEquiv>
            </TextLine>
            <TextLine id="r1l99" custom="readingOrder {index:98;}">
                <Coords points="135,3326 2830,3266 134,3260"/>
                <Baseline points="150,3303 283,3302 416,3301 549,3300 682,3298 816,3297 949,3295 1082,3293 1215,3291 1348,3290 1482,3288 1615,3286 1748,3284 1881,3282 2014,3280 2147,3278 2281,3276 2414,3274 2547,3272 2680,3270 2814,3268"/>
                <TextEquiv>
                    <Unicode>ben! Mögen sich die Jungen so reali= dung sich in keuscher Scham in der Tiefe verbirgt, sodaß! eine spezifisch wienerische Umformung erhalten und so</Unicode>
                </TextEquiv>
            </TextLine>
            <TextEquiv>
                <Unicode>box 7/5
4. 2. Neihnachtseinkael
Seinnachtschhnasdte
Nr. 3
stisch und neuartig gebärden wie sie wollen, mag die lit wir nur selten den Herzenston durchzittern hören, kann
uch Anzengruber ist über unsere Bühne
ich mir kaum einen besseren Vermittler denken als Emil
terarische Physiognomie des einen der des andern noch
man auch diesen gewaltigen Dramatiker
Milau mit seinem klaren, ruhigen, beherrschenden, präg¬
so unähnlich sein, es ist Wiener Sonne, die auf sie alle
nicht aus seinen besten Werken kennt.
nanten Ton. Aber wenn wir hier immer auf festem,
scheint und die hat gar ein mildes, verklärendes, versöh¬
wie sein Freund Rosegger, unter den
sicherem Boden wandeln, so schwankt und wankt bei den
nendes Licht, das Licht der Schönheit.
Dichtern am meisten im stande, beim
jungen, nervösen Wienern alles. Darin besteht eben
Ein bekannter Wiener Feuilletonist behauptete ein¬
ikum verwandte Saiten mitklingen zu
ihre große Kunst, daß sie das Huschen von Licht und
mal, wenn das Publikum der berüchtigtesten Wiener
ntürmen sich als Hintergrund dieser
Schatten der Stimmung festzuhalten ver##hen und
Verbrecherspelunken zu tanzen anfange, sehe es edel und
ichtes, starkes Gefühl und ein reiches
darin besteht die Eigenart Marcell Salzers, daß er
anmutig aus, trotz aller inneren Rohheit. Darum giebt
en ihren Kern.
gleichsam ein zartes, bei der leisesten Bewegung mit¬
es keinen österreichischen Naturalismus im norddeutschen
irkel Hottingen, der den Zürchern
schwingendes Instrument, jede seelische Berührung in
Sinne, wird es nie einen geben. Im tiefsten Grunde
nRosegger lebendig und leibhaftig her¬
Töne übersetzt. Dabei ist dieser „kleine Wiener mit den
werden dem Schweizer die meisten Erzeugnisse des nord¬
nun übernommen, Vermittler einer gan
geistsprühenden Augen“ ein feiner Kenne der modernen
deutschen Naturalismus unverständlich sein, weil sie auf
gen und reizvollen Bekanntschaft zu wer¬
Litteratur; die eleganten kleinen einleitenden Charakteri¬
einer hier unfaßbaren Schroffheit der Standesunterschiede
Wien“, die Elite der modernen Wie¬
stiken, die er vorausschickt, sind Meisterwerke des Stils,
beruhen. Das tritt in Oesterreich, wie im Süden über¬
uns vorgeführt werden und Marcell
anregend und belehrend zugleich. Und mit geschickten
haupt, viel mehr zurück, das allgemein menschliche viel
geistvoller Feuilletonist und congenialer
Händen versteht er es, durch kleine Streichungen alles
mehr hervor. „Menschen, Menschen san mer alle“ heißts
er Person, wird am nächsten Montag
Anstößige aus seinen Texten zu entfernen, wobei der ge¬
in einem beliebten Wiener Gassenhauer, und die Durch¬
jener anmutvollen Kraft, die man ihm
schmackvolle Mann sich wohl hütet, seinen Dichtern in
führung eines gleichmütigen, oft nur zu nachsichtigen
Fühmt, in das neue Wien entrücken, in
irgend etwas Wesentlichem, in ihrer Eigenart, Abbruch
Humanitätsprinzips läßt den Oesterreicher milde und
nann Bahrs, Arthur Schnitzlers, Peter
zu thun.
versönlich auch im Verkommensten das rührend Mensch¬
Salzer stellt J. J. David an die Spitze seines
liche entdecken. Wern das nun im allgemeinen ein Fehler
litterarische Wien, wie verschieden ist es
Programms, einen schwermütigen Romantiker, der noch
sein mag, dem Dichter steht es wohl an. Ist es doch
alten! Was haben diese müden, aufgereg¬
der ältern Periode angehört und hier kaum „aufremden“
das schönste Wort, das Gottfried Keller ausgesprochen:
ichelnden und empfindungsschaukelnden
wird, trotz seiner ausgesprochenen Individualität. An¬
„Selbst der Unhold ist mit einem goldenen Bändchen
illparzer, mit Bauernfeld, mit Anzeugru¬
ders dürfte es mit Peter Altenberg und Her¬
an die Menschheit gefesselt.“
Suchen sie uns nicht, der eine auf diese,
mann Bahr gehen. Dieser der Schöpfer der Wiener
So haben wir denn auch von „Jung Wien“ das
jene Weise den modernen Menschen dar¬
sublimierten „Litteratenlitteratur“, der das Flackern und
Schönste zu hoffen, besonders, da es bei uns einen In¬
altmodischer Ideale, der eine, indem er
Flimmern des Innern impressionistisch festzuhalten ver¬
terpreten findet, wie Marcell Salzer. In Bezug
Die Brust greift und uns seine geheimsten
sucht, jener ein feiner vornehmer Zeichner, der bei den
auf Recitatienen ist man ja in Zürich verwöhnt; für die
ngen mitmachen läst, der andere, indem
Japanern und Franzosen in die Schule gegangen ist;
plastische, formende, bildende Poesie unserer großen
as modernes Großstadtleben zu Tage för¬
aber solche fremde Einflüsse haben in Wien von jeher
schweizerischen Epiker, in deren Lyrik selbst die Empfin¬
ugen führt? Doch gemach, ein Gemein¬
ben! Mögen sich die Jungen so reali= dung sich in keuscher Scham in der Tiefe verbirgt, sodaß! eine spezifisch wienerische Umformung erhalten und so</Unicode>
            </TextEquiv>
        </TextRegion>
    </Page>
</PcGts>
