3392 4256
458 186 928 265 Denksteine
212 177 1498 310 4.3. pennsserne box 7/6
1896 1113 2054 1184 —
635 1118 1841 1183 scheint uns die Adlesse für diese depiacirten Beileidovezeu¬
622 1147 3228 1221 gungen eine verfehlte zu sein, denn die wirklichen Stojalowski, äußert sich über seinen Sturz im „WienieesWoten, E.
623 1178 3330 1271 Schmerzenskinder, welche dieser Antheilnahme sehr bedürftig Polski“, wie folgt: „Graf Badeni ist gestürzt und hat sich, [Landtag wird
620 1251 3333 1325 sind, befinden sich im Umkreise des deutschen Parteiquartiers wie die Blätter melden, nach Nizza begeben. Wir wundernswerden. Das be
3055 1301 3337 1371 * Konfiskatio
629 1314 2971 1378 und nennen sich verschämt: „Deutschfreundliche Israeliten“.uns nicht, daß er sich nach Ruhe sehnt. Unsere Partei hat
1793 1349 3334 1413 den Grafen Badeni stets nach Wien hingewünscht und ihm vom Lande zahlreich
622 1361 1791 1461 uin ie schit hersuge, ie ien Genster sand 1en
1794 1408 3335 1468 dort unabwendbaren Sturz prophezeit. Heute, wo unsere Blattes vom Montag
1804 1460 3332 1517 Vorhersage sich erfüllt hat, wollen wir schweigen und den wir nochmals, daß
616 1457 1806 1511 thes wegen aufbewahrt und ihm in die Flamme nachspringen
1793 1494 3341 1558 gestürzten Riesen nicht verhöhnen. Sein Sturz kann jedoch ordnung der Staats
628 1506 1794 1583 will, das Weib zur Buhlerin stempelt. Herr und Frl. Tä¬
3067 1545 3329 1603 * Die Saat
628 1544 1422 1621 borsky waren in dem Stückchen thätig.
1787 1540 2966 1605 unmöglich jenen der slavischen Sache nach sich ziehen. Uns
1798 1571 3336 1652 befreit die Abwesenheit Badeni's von dem Vorwurfe, daßgen verzweifelte Sc
733 1590 1805 1653 Das russische Stück, das den viersprachigen Abend be¬
629 1639 3339 1700 schloß, war eine herzlich altartige Posse, die sehr erheiternd wir ihm dienen wollten, als wir der slavischen Sache dien=weit über die Stadtn
621 1687 3334 1747 wirkte. Wie leicht sich's der Autor mit der Exposition ge=ten. Diese werden wir auch ohne Badeni vertheidigen. Stetss sie verkündeten, war
636 1730 3329 1798 macht hat, sieht man daraus, daß einem in der Vorgeschichte werden wir auch für die Wahrheit und das Recht eintreten. und schrecklichen Ver
627 1785 3340 1826 des Stücks vieles räthselhaft bliebe, wenn nicht — auf dem Deshalb werden wir nie die Partei der parlamentarischen einzig und allein des
1803 1830 3330 1887 Buschklepper ergreifen und die Gewaltthaten und verbreche= ihrem Volksthum fei
634 1827 1820 1894 Theaterzettel stünde: „X und Y, junge Männer in geachteter
1806 1873 3337 1937 rischen Mittel nie gutheißen, mit deren Hilfe man den Gra= Schauernachrichten sch
636 1874 1805 1937 Stellung, die unlängst in einem Dilettantenvereine mit den
2949 1920 3338 1993 möglich, Deutscher
1795 1920 2965 1984 fen Badeni gestürzt hat. Er wäre früher oder später sicher
626 1924 1815 1976 Damen bekannt geworben sind.“ Diese beiden jungen Herren
635 1978 1808 2029 sollen in der Falle einer mit den Damen probirten Liebes¬
1801 1975 3339 2032 gefallen, wer aber behufs Beschleunigung seines Sturzes land hinaus hallten
635 2023 2964 2084 seene gefangen werden. Es gelingt über Erwarten gut, bei das Banditenthum in das Parlament eingeführt hat, der
2945 2019 3327 2079 armen, unschuldigen
636 2063 3322 2133 dem „Hamlet“ probirenden Shakespeare=Enthusiasten nicht nur hat es verunehrt und sich der Abgeordnetenwürde unfähig wurden eifrig gelesen
628 2122 2959 2170 zu seiner, sonden auch zu unserer eigenen Ueberraschung. gezeigt. Der Polenklub hält sich bis jetzt gut; gebe Gott,
2951 2112 3303 2179 Nordböhmen entrüf
633 2160 2958 2234 Am meisten Heiteekeit weckte Fr. Heß als fürsorgliche Mutter, daß er ausharre und nie vergesse, daß die Obstruktions¬
2941 2164 3119 2232 welche d
636 2212 1808 2273 Es wurde in die em Stücke viel an absichtlich falscher Dekla¬
1799 2203 2563 2284 deutschen die Polen geschlagen haben!“
2945 2218 3049 2271 verit
629 2266 1812 2323 mation geleistet, Ifr. Heß ist jedoch die erste und war auch
2932 2258 2994 2323 1
628 2305 1814 2364 gestern die einzige Schauspielerin, die ich falsch (natürlich
631 2334 1817 2413 mit Absicht falsch) deklamiren hörte, ohne daß sie übertrieben!
2081 2337 2687 2474 Ausland.
639 2404 1819 2454 hätte; es wird gewöhnlich viel zu derb aufgetragen, man
637 2450 1820 2507 vergißt, daß auch der Dilettant so deklamirt, daß er seinen
2422 2438 2932 2537 Prag, 21. Dezember
641 2495 1821 2556 naiven Zuschauern nicht ohne weiters lächerlich wird, diese
1901 2486 2950 2563 Die Vorgänge in China fesseln die allgemeine Auf¬
640 2527 1806 2605 Mäßigung ist also nicht genug zu schätzen. Wenn sich
1812 2556 2967 2620 merksamkeit in hohem Grade und man frägt sich, ob die
634 2578 1813 2645 Frau Heß nicht bei raschem Sprechen immer wieder ver¬
1801 2610 2960 2667 Schritte Deutschlands und Rußlands nicht ernste Folgen nach
639 2633 1808 2719 sprechen wollte, so wüßten wir nicht, was an ihr auszu¬
1807 2643 3010 2720 sich ziehen werden. Daß die Sache so harmlos wäre, wie de
636 2679 925 2750 setzen wäre.
2952 2694 3045 2750 auch
1803 2708 2956 2765 einige als gut unterrichtet geltende Blätter behaupten, leuchtet
751 2700 1807 2794 Es ist merkwürdig, wie behaglich man sich bereits in
2959 2739 3092 2797 Erwäg
1811 2751 2963 2808 nicht recht ein und es ist die Frage, ob nicht auch andere
633 2760 1813 2838 dem primitiven Musentempel mit seiner anspruchslosen Be¬
2959 2781 3227 2845 rüstung zu gief
1794 2792 2970 2866 Mächte mit ihren Forderungen auftreten. Das Erscheinen
2962 2829 3333 2889 tikel, welchen die bei
640 2818 2956 2916 leuchtung und ganz unheimlich einfachen Ventilation fühlt, des ussischen Geschwaders in Port Arthur wird von der
627 2865 1806 2929 der uns am ersten Abend abschreckend vorkam. Wir werden
2954 2872 3326 2935 rale „Reichenberger
1798 2889 2961 2969 Petersburger Presse als etwas Selbstverständliches hin¬
641 2919 1828 3002 nächstens sehr gerührt und viele nicht auf lange Abschied
2949 2926 3326 2983 blatt“ in ihrer letzt
1791 2945 1993 3032 gestellt.
629 2955 844 3040 nehmen.
2952 2967 3328 3034 Prager Hochschulen
1918 2960 2917 3041 „Diese Meldung — sagt das „Novoje Vremja“-
1490 3002 3336 3103 Ar . .. ti. kann doch niemanden überraschen. Seit der Zeit des letzten den heutigen Stand
