3392 4256
1075 172 1514 281 box 7/6
508 186 963 260 Denksteine
238 196 1001 303 4. 3   nenenene e
870 643 1272 712 Telefon 12801.
409 726 1741 815 Alex. Weigl's Unternehmen für Zeitungs-Ausschnitte
1415 792 1618 858 Ausschnit:
1447 846 1743 953 Nr. 82
741 804 1391 955 „OBSERVER“
466 852 663 965 403
352 939 1732 1057 I. österr. behördl. cont. Bureau für Zeitungsberichte u. Personalnachrich
536 1008 1623 1118 Wien, IX1 Türkenstrasse 17.
756 1097 1406 1195 Filiale in Budapest: „Figyeló“
360 1167 1750 1274 Vertretungen in Berlin, Chicago, Genf, London, Newyork, Paris, Rom, Stockht
353 1301 886 1401 Ausschnitt aus:
368 1443 945 1558 K 0)0
630 1710 1430 1814 Theater, Kunst und Kiterstur.
602 1799 1547 1878 (Kainz=Abend.) So oft Josef Kainz eine Vor¬
517 1834 1545 1917 lesung ankündigt, ist der Saal gesteckt voll; das Publikum
518 1889 1538 1955 freut sich immer, diesen außerordentlichen Künstker un¬
515 1942 1539 2010 geschminkt vor sich sehen zu können, ohne die Hilfsmittel
523 1987 1545 2056 der Bühne, nur auf die Gabe des Redens gestellt, und
518 2030 1550 2100 feine ungemeine Meisterschaft in der Behandlung des
505 2067 1534 2147 gesprochenen Wortes kommt auch vielleicht wirklich nie so
503 2126 1549 2187 deutlich zum Bewußtsein des Zuhörers, wie wenn Kainz
509 2176 1544 2248 neben dem kleinen Tischchen sitzt und nicht vorträgt,
508 2217 1537 2276 sondern liest, das Buch fest in der Hand, die
516 2260 1741 2361 Augen kaum von den Blättern erhebend. Man spürt, daß ] inclus
422 2273 514 2326 Für
1619 2315 1730 2361 Port
506 2293 1563 2371 er nicht auswendig gelernt hat, und doch diese völlige .
1605 2355 1730 2403 Zahll
509 2350 1568 2432 Freiheit des Ausdruckes; so sicher ist er des Instruments, —
518 2395 1733 2482 das ihm die Sprache ist, daß er wie instinktiv gleich den —] 1n 70
502 2440 1736 2523 Inhalt gibt, wenn er nur den Noten zu folgen scheint — sehnitte is
504 2499 1716 2563 indem er die äußere Form bietet, hat man auch schon den ich steht
399 2535 1687 2615 Abon Sinn miterhalten. Das vermag nur Einer, der die ändern.
394 2573 1535 2658 Abon Technik so beherrscht, daß sie ihm zu etwas ganz
496 2626 1741 2707 Nebensächlichem geworden ist. Mit einem farbenreichen g enthaltei
1531 2680 1728 2731 er Mor
399 2691 1727 2761 luha Stück aus Max Burckhard's „Tannhäufer“= Wiener 7ei
409 2736 1715 2788 hin Epos fing er an, und die fünffüßigen Trochäen gehaftliche
402 2777 1731 2844 wollu klangen voll wie Waldhorntöne, dann sagte er Verse von tse Mittheil
408 2820 1522 2891 des Hofmannsthal, das rhetorisch dankbare „Zaren¬
414 2853 507 2924 werd
514 2866 1521 2932 mahl“ der Delle Grazie und J. J. David's,
507 2910 1516 2980 des Poeten, gedankenschönes Gedicht „Dies ist Gehenna“.
499 2970 1526 3031 Und die Wirkung war eine große. Schnitzler's
502 3003 1527 3083 „Denksteine“ aus dem Anatolcyklus erschienen nach diesen
507 3056 1535 3146 Schwerheiten wie zum Ausruhen gewählt; und Kainz
498 3102 1524 3163 ließ seinen Humor mithineinspielen, so daß eine vergnüg¬
503 3141 1532 3231 liche Stimmung aufkam, die durch Bahr's „Käferl“
501 3200 1526 3267 vielleicht noch gesteigert wurde. Das Stück, aus des Autors
499 3242 1526 3306 eigenem Munde und aus seinem jüngsten Buche weit
496 3285 1533 3359 bekannt, hatte diesmal schier ein wienerisches Gepräge be¬
496 3348 1522 3412 kommen: Kainz ließ unseren Dialekt leicht durchklingen,
494 3386 1525 3437 und darüber staunte man — ein Burgtheaterschauspieler
487 3443 1525 3494 kann echtes Wienerisch. Und dann, nach Heinrich Glücks¬
488 3474 1521 3536 mann's lustiger Schnurre „Verlust auf Verlust“, die be¬
513 3517 1533 3592 sonders stark applaudirt wurde, sprang er ganz auf heimischen
597 3573 1537 3636 n: Karlweis' „Der Wurstel“, Pötzl's „Tramway¬
617 3612 1535 3686 i“, Chiavacci's „Auf'm Bankl“ und „Die
602 3658 1516 3732 uri“, das sind Skizzen von echteste Echtheit aus dem
589 3704 1534 3775 nunserer Stadt, von einander grundverschieden und
497 3757 1543 3824 hoch ein Gemeinsames aufweisend: bei aller Wabrheit!
601 3803 1478 3880 erung guten, bodenständigen Humor. Es in
727 3850 1429 3935 u beobachten, wie Kainz, schlicht #n
2347 735 2758 799 Telefon 12801.
1868 830 3208 889 Alex. Weigl's Unternehmen für Zeitungs-Ausschnitte
2892 892 3075 956 Ausschnitt
1804 926 2033 1031 310
2210 904 2825 1048 „OBSERVER
2913 941 3204 1039 Nr. 83
1831 1049 3266 1122 I. österr. behördl. corc. Bureau für Zeitungsberichte u. Personalnachrichten
2001 1107 3105 1200 Wien, IX. Türkenstrasse 17.
2219 1195 2988 1276 Filiale in Budapest: „Figyelö“ —
1821 1252 3247 1329 Vertretungen in Berlin, Chicago, Genf, London, Newyork, Paris, Rom, Stockholm.
1824 1387 2356 1477 Ausschnitt aus:
2950 1462 3011 1539 11
1833 1521 2069 1613 vom
2044 1560 2383 1676 -11406.
2044 1745 3175 1864 Vorlesung Kainz. Um eine Abwechslung in seine
1967 1793 3131 1878 Vorlese=Abende zu bringen offenbar hatte Kainz für heute
1969 1868 3136 1936 statt Goethe und Schiller „Der Kampf mit dem Drachen“ und
1955 1922 3132 1990 Gott und die Bajadere“ einen „Wiener Autorenabend“ an¬
1956 1968 3131 2041 gesetzt. Er versteht unter Wiener Autoren ausschließlich die
1954 2028 3136 2073 Lute der „Concordia“=Clique, wie sein Programm mit
1958 2067 3122 2140 Hpffmannsthal, Bahr, Schnitzler, Karlweis 2c. bewies.
1956 2127 3136 2192 Seine Wahl in den „Dichtungen“ dieser Autoren war
1947 2167 2857 2240 eine derart unglückliche, dass er sich in
2860 2173 3141 2239 ihnen einen
1952 2217 3129 2288 schweren Misserfolg, dem Publicum eine empfindliche
1950 2270 3128 2342 Enttäuschung bereitete. Die meisten seiner Vorlesestücke,
1951 2313 3118 2364 wie das epische Fragment von Max Burckhard
1956 2364 3233 2423 „Tannhäusers Einzug“, das sinnlose Poëm „Weltgeheimnis“ isive
3112 2409 3202 2459 #to
1941 2413 3226 2497 von Hofmannsthal, das hysterisch übertriebene spar
1957 2467 3247 2540 Phantasiegemälde „Czarenmahl“ von der delle Grazie, draus.
1949 2491 3116 2567 das alberne Feuilleton „Verlust auf Verlust“ von einem
1947 2551 3276 2629 Herrn Glücksmann verdienen nicht einmal gelesen, ge¬ st das
1841 2604 3271 2680 Abon schweige denn vorgelesen zu werden. Ein Theil des Publi=e den
1843 2654 3126 2732 Abon cums ergriff schon die Flucht, bevor noch die Humoristen
1950 2698 3266 2779 Pötzl und Chiavacci an die Reihe kamen, end die
1841 2744 3271 2806 lnnz und die Leute hatten damit auch recht, da sich hier bei denrgen¬
1857 2804 3274 2862 #in wenigstens erheiternden Stücken erwies, dass der Vorleser eitung")
1855 2852 1945 2906 woll
1948 2844 3273 2896 versagte, der weder Humor noch Gemüth besitzt. Kurz, es war Leben
3089 2888 3265 2957 eilungen
1950 2905 3105 2974 ein Abend, versunken in den Rachen gähnender Langweile.
1849 2928 1930 2979 wer
1946 2947 3122 3037 Vielleicht sind die Wiener damit von der Vorliebe für die
1941 2990 3110 3049 Kainz'sche Vorleserei curiert. Zum Theil scheint das über¬
1947 3049 3114 3110 haupt schon der Fall zu sein, wie das nur theilweise u. zw.
1946 3093 3105 3162 zu mehr als neun Zehnte mit Damen besetzte Haus zeigte.
1952 3150 3111 3214 Die Guten kamen heute auf ihre Rechnung; sie brachten
1949 3200 3122 3240 es nicht einmal zustande aufzumerken. So trostlos waren die
1935 3241 2572 3327 „Dichtungen“, die Kainz vorlas.
2815 3248 3072 3334 A. L--ch.
