3392 4256
672 98 2569 150 Charakteristik und Neigung zum Rohstofflichen, das will. Er löste sich von ihrem Medaillon an dem Tage,
2568 112 2833 181 Jahre, in
678 145 2557 206 durch seine Kraßheit wirken soll, intime Züge, die der an dem sie als blutjunges Mädchen zum ersten Male
2588 151 2830 208 webelstochte
2576 194 2827 251 Janatka, Vo
1636 191 2565 244 erfuhr, was Liebe sei. Sie weiß kaum mehr, welcher
673 186 1628 255 gegenwärtigen Renaissance des bürgerlichen Stückes
2607 211 2842 285 — Josefine E
1636 231 2571 292 junge Mensch auf einem Spaziergang durch den Wald
665 246 1626 301 nachgebildet sind und die plumpere Mache jenes längst
2569 263 2747 321 99—5. —
1628 289 2573 346 ihr diese Empfindung einflößte; aber die Erinnerung
679 275 1639 359 überwundenen Familienstückes, dessen Inhalt Schiller
2579 303 2840 377 nate, in Nier
1630 326 2576 391 an die Stunde, in der sie sich zuerst als Weib fühlte,
676 329 1626 397 einst „Misère“ nannte. Das „Zu spät“, das in diesem
2579 334 2837 417 särswitwe, 1
2586 385 2787 435 Kaspar, B#
1639 376 2566 430 ist ihr werth geblieben. Anatol ist wieder überwunden.
682 388 1627 440 Stücke nach vielen! Seiten ausschlägt, kann sicherlich im
2578 412 2846 470 — Im Frei
1627 421 2573 480 Schon will er mit der Geliebten einen Spaziergang
668 436 1629 491 Leben und im Lebensbilde eine tragische Bedeutung
2585 456 2838 531 Tischlerssolh
1640 467 2575 528 machen, der jene Erinnerung an die erste Liebe neu
680 476 1625 528 haben. Aber es muß ein innerliches „Zu spät“ sein,
2592 497 2832 560 dienerssohne
1631 518 2576 583 beseelen soll — da fällt es ihm ein, nach dem zweiten
679 522 1634 584 das tief in den Charakteren wurzelt. Bei Rilke ist diese
2581 537 2834 613 kenhause: 1
1645 565 2577 630 unscheinbaren Stein zu fragen. Emilie zögert mit der
671 576 1632 634 unheilvolle Verspätung mehr äußerlich, auf die Schneide
2573 574 2842 658 Jahre.—
1633 605 2578 669 Antwort und er droht den Stein in den Ofen zu
681 614 1629 675 des Augenblicks gestellt, man hört die Maschine rasseln,
2713 643 2834 708 4
1645 656 2587 716 werfen. Mit dem Angstruf: „Es ist ein schwarzer
678 666 1631 730 welche die Irrthümer und Mißverständnisse herbeiführt,
2591 675 2823 774 Can
1639 705 2584 764 Diamant, der eine Viertelmillion werth ist“, sucht das
679 715 1627 769 und die Gestalt jenes Doctor Bauer, der nach Bedarf
1644 755 2594 816 erschrockene Weib ihn abzuhalten, aber Anatol führt
674 765 1637 825 treulos oder edel, gemein oder opferwillig ist, wirkt
2631 754 2814 845 Grab
1638 803 2575 865 seine Drohung aus; die Habgierige scharrt vergeblich
682 805 1637 878 völlig als Automat in dieser Maschine. Dazwischen
2582 818 2811 893 das grös
1642 853 2587 910 in den Kohlen, um den Diamanten zu finden und der
682 858 1630 918 aber drängt sich doch wieder warmblütiges Leben und
1630 898 2583 958 Liebhaber entfernt sich mit dem Worte „Dirne“ auf
678 903 1636 972 interessante Individualität. Es fehlt nicht an guten
2629 902 2823 999 60
1638 942 2591 1007 den Lippen. Die Satire auf die Aufrichtigkeit einer
682 949 1632 1012 Naturlauten, das vernachlässigte, leidenschaftliche, zu
1644 995 2597 1050 Verlorenen wurde in allen Pointen gut zur Geltung!
682 999 1635 1065 starken Entschlüssen geneigte Mädchen, das geopfert
1640 1039 2596 1111 gebracht. Hr. Runge und Frl. Anders führlen das
688 1046 1625 1110 wird, ist nicht uninteressaut gezeichnet, der bedrückte
1635 1105 2593 1147 Gespräch wirksam durch und bewährten dabei Sinn!
687 1104 1637 1159 Alte, der die Schuld seiner Familie trägt, hat lebens¬
1634 1145 2581 1203 für die lauernde Absicht, wie für die unbewußte Wal¬
681 1135 1634 1199 wahre Züge, der gassenbübische Gymnasiast ist eine
2761 1169 2824 1236 11
690 1188 2587 1256 originelle, flott skizzirte Figur; die Menschen reden lung des Temperaments. An Beifall hat es auch
1633 1235 2336 1306 dieser dramatischen Skizze nicht gefehlt.
2387 1228 2554 1297 A. A.
695 1243 1642 1302 natürlich und die äußere Handlung ist nicht ohne Ge¬
687 1277 1638 1337 schicklichkeit gegliedert. Also kein ganz glücklicher, aber
688 1330 1641 1403 auch kein ganz mißglückter Versuch, die Arbeit eines
1834 1326 2365 1427 Volkswirthschaftliches.
684 1378 1639 1437 Talentes, das viel verspricht, aber sich verinnerlichen
1725 1383 2579 1467 —4— Gewerberegister. Hr. Eduard Nen¬
692 1427 1638 1489 nub pertiefen muß um der rasch erlangten Fertigke#t
1639 1450 2584 1502 mann in Firma E. E A. Neumann: Betrieb des
685 1472 1640 1537 stärkeren Gehalt zu geben und die Bühnenwirkung mehr
1642 1482 2584 1545 Handels ohne Beschräukung auf bestimmte Waaren¬
690 1521 934 1586 zu beseelen.
1644 1537 2587 1588 gattungen, insoweit zu deren Verkauf keine concessionirte!
1636 1568 2581 1619 Bewilligung erfordert wird, nach Maßgabe der Be¬
757 1549 1632 1629 Die Berliner thaten Alles, um die Vorzüge der
1634 1597 2586 1659 stimmung des § 38, Abs. 1. der Gew.=Ord. in Prag
680 1615 1633 1673 Arbeit ins rechte Licht zu setzen. Max Reinhardt
1640 1642 2595 1689 Nr. 567—1, Zeltnergasse Nr. 30. — Hr. Ludwig
691 1657 1639 1717 gab den bedrückten Alten lebenswahr und mit starker
2620 1625 2826 1747 Em
1650 1678 2592 1738 Ansterlitz: Betrieb desselben Handelsgewerbes im
689 1709 1637 1773 Innerlichkeit. Es gereicht dem jungen Darsteller ge¬
1641 1714 2584 1773 Sinne des 1. Abs. des § 38jder Gew.=Ord., in Prag
1641 1759 2588 1808 Nr. 37—2, Ferdinandstraße Nr. 38 (Portheim'sches
686 1756 1634 1811 wiß zur Ehre, daß er in den Momenten, in denen die
2592 1706 2805 1856 obnne
1642 1792 2592 1847 Haus). — Hr. Karl Näpravnik, Inhaber der Kra¬
684 1800 1640 1852 selbständige Empfindung allgemach aus dem innerlichen
2609 1829 2773 1871 berühmt
1640 1832 2585 1883 luper Fabrik zur Erzeugung von emaillirten Küchen¬
2615 1858 2782 1907 der prüc
689 1850 1632 1908 Wesen des Gepeinigten hervorgrollt, lebhaft an Mar¬
1643 1859 2590 1931 und sonstigen Geräthen, errichtete ein Zweiggeschäst in
2604 1884 2786 1934 Man ve
692 1898 1635 1952 tinelli zrinnerte. Ella Gabri charakterisirte die weib¬
2605 1916 2788 1984 Obergrufg
1644 1903 2594 1971 Kladno zum Verkaufe von Erzeugnissen, ner Fabrik
1635 1939 2580 2001 (Hauptniederlassung als Handelsgewerbe o. de Beschrän¬
690 1938 1637 2011 liche Hauptperson mit ungewöhnlicher Feinheit; die
1642 1984 2584 2034 kung auf bestimmte Waarenkategorien nach §. 38 der
697 1993 1634 2049 Müdigkeit und Lässigkeit des abgehetzten Wesens, hin¬
2600 1927 2816 2077 TETS
1648 2033 2588 2076 Gewerbe=Ord. besteht in Prag Nr. 536—1, Palais der
695 2040 1638 2088 ter der sich ein letzter Rest von Entschlossenheit ver¬
2174 2051 2583 2117 Hr. Gustav Stein:
1643 2066 2133 2119 Prager städt. Sparcasse).
2725 2074 2813 2131 ars
691 2080 1639 2143 birgt, war in Ton und Gehaben sehr gut berausgeho¬
1643 2099 2580 2148 Betrieb des Fleischhackergewerbes in Prag in der Alt¬
2586 2078 2810 2173 WIEN.
1647 2143 2311 2189 städter Markthalle, Laden=Nr. 108.
2351 2137 2585 2200 Hr. Franz
680 2130 1639 2193 ben, die Scene, in der Eva den untreuen Liebhaber
2622 2151 2809 2218 in besch
1643 2176 2588 2232 Rosülek: Gemüse= und Obsthandlung in Hollescho¬
685 2179 1636 2247 zu halten sucht, bot starke Naturlaute der Empfindung
1645 2210 2587 2265 witz=Bubna, in einem auf den Grundstücken Kat.=Z.
692 2236 1639 2292 und die Gebrochenheit im letzten Acte war ergreifend
1645 2257 2598 2321 599 und 600—1 bei der Radfahrbahn des Consortiums
694 2280 1641 2336 dargestellt. Auch Frl. Bünger hatte gute Farben
1642 2301 2595 2343 „Prag 7“ aufgestellten Laden (früher daselbst Nr.
1845 2328 2595 2395 Hr. Wilhelm Kirsch als Vertreter der
1641 2328 1808 2380 230—7).
699 2327 1634 2377 auf der Palette. Sie gab der abscheulichen Mutter
1637 2373 2595 2414 Frau Marie Fiala: Concessionirter Betrieb des Gast¬
693 2376 1631 2436 die bald schlaue, bald dreiste Beredtsamkeit jener Ge¬
1637 2404 2595 2451 und Schankgewerbes mit dem Rechte zum Ausschank
2581 2363 2807 2493 DRESt
693 2421 1640 2482 meinheit, die sich mit Allem abgefunden hat und sich
1637 2444 2587 2496 von Bier und Wein und gebrannten geistigen Geträu¬
2607 2464 2795 2529 Hiaus #
692 2470 1640 2528 über Alles hinwegsetzt. Herr Runge fand sich mit
1639 2483 2584 2536 ken, zur Verabreichung von Speisen, Kaffee, Thee und
2617 2515 2814 2572 Lese-Rt
1641 2520 2591 2567 zur Haltung von erlaubten Spielen in Prag Nr. 1877
694 2518 1632 2574 dem Dr. Bauer so gut wie möglich ab und suchte die
2615 2552 2813 2612 Lichtgr
1654 2562 2593 2604 in der Taborerstraße. — Hr. Anton Pänek als!
686 2563 1642 2630 Lücken der Charakteristik durch beredtes Schweigen aus¬
1653 2592 2592 2644 Vertreter des Hrn. Johann Vincenz Löwy in Aus¬
2612 2595 2797 2650 gramn
700 2611 1645 2667 zufüllen. Dem rohen Gläubiger und Genußmenschen
2597 2628 2644 2666 —
1644 2635 2586 2684 übung der dem Letzteren ertheilten Concession zum
702 2657 1640 2724 Merzen gab Herr Heiue eine charakteristische Maske
1642 2668 2595 2720 Betriebe des Gast= und Schankgewerbes mit denselben!
2601 2663 2812 2755 DRE‘
1647 2713 2582 2762 Berechtigungen in Prag Nr. 1355—2, Wyschehrader¬
688 2701 1647 2763 und den bauausischen Ton der selbstgefälligen Niedrig¬
2618 2737 2817 2801 mirteg
1648 2751 2590 2804 straße Nr. 15. — Frau Paula Meisel: Erzeugung
696 2752 1647 2811 keit. Vortrefflich war Herr Biensfeldt in der Rolle
2616 2776 2799 2839 Sehen?
1649 2781 2596 2838 von gebrannten geistigen Getränken in Prag Nr.
2618 2800 2789 2861 sive ###
687 2804 1645 2861 des Gymnasiasten; das Charakteristische, das der ver¬
1650 2819 2584 2864 1028—1, Reitergasse Nr. 5 (früher daselbst Nr. 3).
2615 2839 2805 2903 2 Maritt
697 2848 1642 2909 wilderte Junge zu sprechen hat, erhielt durchweg die
1654 2862 2586 2915 Dieselbe erhielt auch die Concession zum Ausschank
2642 2889 2830 2943 516
1649 2901 2586 2955 von gebrannten geistigen Getränken in demselben Hause.
701 2903 1646 2968 rechte Tonfarbe und die Bewegung war von echter
2625 2898 2727 2958 n
699 2935 1652 3008 Jugendlichkeit. Die Darsteller wurden nach den Act¬
2586 2955 2802 3042 BERI
1662 2976 2576 3056 Aus dem Amtsblatte der „Prager Zeitung.“
689 2990 1319 3073 schlüssen wiederholt hervorgerufen.
2596 3023 2774 3088 Potsdan
1964 3031 2279 3085 (Vom 21. Juli.)
775 3025 1649 3097 Das Einleitungsstückchen des Abends „Denksteine“
1722 3045 2576 3121 Feilbietungen. In Horitz. Realitätenhälfte Nr.
698 3087 1653 3149 ist einer Reihe von Dialogen entnommen, die Arthur
2586 3070 2786 3165 BERL
1646 3097 2588 3167 1 in Milowitz des Josef Fridrich (11.952 fl. 21 kr.),
696 3132 1654 3184 Schnitzler, der Verfasser von „Liebelei“, unter dem
2622 3146 2766 3197 Wilh¬
1995 3143 2581 3207 Realität Nr. 6 in Klein=Treme¬
1655 3148 2007 3200 2. Sept., 2. Oct. —
2621 3181 2805 3252 Elektsi
1650 3186 2587 3246 schowes der Eheleute Wenzel und Anna Jaros, 6.
696 3179 1646 3239 Gesammttitel „Anatol“ veröffentlicht hat. Es handelt
1651 3215 2598 3280 Sept., 6. Oct. — Realität Nr. 60 in Cerekwitz des
2619 3223 2805 3300 Mark
687 3230 1650 3287 sich da um kein Drama, sondern nur um ein feuilleto¬
1648 3262 2582 3310 Josef Puzej, 12. Aug., 1. Sept. —In Kolin. Rea¬
2627 3266 2766 3314 Theil¬
693 3284 1649 3335 nistisches Gespräch mit einer dramatischen Schluße
1656 3298 2585 3352 lität Nr. 112 in Owéar der Jolefa Kohont (456 fl.
2625 3298 2792 3350 nach—
688 3327 1649 3379 pointe, das den geistvollen Autor nicht verleugnet,
2621 3339 2754 3386 Aufer,
1656 3337 2557 3380 90 kr.), 25. Aug., 25. Sept. — Realität Nr. 32 u
694 3345 2800 3447 aber den bewährten Dramatiker nicht von seiner] Welim des Mathias und der Katharina Karbusicky! geselge
