3436 4224
317 109 986 175 42. Der letzte
1011 111 2012 181 Brief eines Literaten
518 168 1360 223 „
2189 92 2912 193 Gedanken Schnitzlers
2348 169 2734 261 uber-Kunst
2259 262 2961 327 Aus dom Nachlaß von Arthur Schnitz
2230 309 2970 363 ler teilt die „Neue Rundschau“ Gedan¬
2222 348 2610 403 ken über Kunst mit:
2165 399 2972 463 Dramatiker sein, heißt an den freien
2114 445 2972 502 Willen glauben wie, nein, als einen Gott.
2112 488 2966 550 Denn was ist das Drama? Der Widerstand,
2115 532 2966 594 der Kampf des Einen mit dem Schicksal.
2117 573 2967 638 Was aber ist das Schicksal? Die Summe,
2115 626 2961 680 das Quadrat, kurz, irgend eine Zusammen
2113 664 2969 719 fassung aller anderen freien Willen, plus
2115 709 2965 761 den unabänderlichen Naturgesetzen. Natür¬
2119 752 2970 808 ich gibt es stärkere und schwächere freie
2115 796 2967 858 Willen. Nur im stärksten ist Gott, aber wir
2120 850 2977 899 wvissen nicht, wo der stärkste ist, da hier
2112 885 2976 931 der Erfolg keineswegs entscheide“ und uns
2113 924 2970 983 jedes andere sichere Kriterium fehlt. Was
2114 978 2968 1025 aber ist Zufall? Offenbar nur dasjenige, was
2111 1024 2963 1073 von keinem Willen, was nicht von einel
2118 1062 2976 1109 menschlichen Entscheidung abhängig ist.
2118 1103 2971 1170 Und das Schicksal daher ein Gemisch des
2117 1149 2975 1207 cigenen Willens, des Willens der anderen
2118 1181 2978 1245 und des Zufalls. Aber nicht nur der Zufall
2104 1235 2968 1287 ist vorher nicht zu berechnen, sondern auch
2104 1272 2966 1332 die Erscheinungsformen jedes freien Wil
2113 1322 2979 1373 lens, der nicht in uns selbst wirksam ist.
2109 1366 2975 1426 Alles hat seinen Grund, aber nicht alles hat
2118 1416 2978 1457 seinen Sinn, zum mindesten einen uns
2105 1460 2974 1514 faßbaren. Nehmen wir an, jemand stolperte
2110 1500 2976 1544 über einen Kirschkern, der einer Kirsche
2109 1545 2973 1608 angehört, die im vorigen Jahr vom Baum
2115 1583 2963 1637 flel und verfault ist. Hier ist alles ausge
2110 1623 2972 1683 schaltet, was nur im entferntesten mit einem
2109 1674 2971 1739 menschlichen Einzelwillen zusammenhängt.
2113 1721 2968 1788 Trotzdem kann es wie tausend andere ähn¬
2114 1761 2738 1828 liche Zufälle Schloksal werden.
2157 1809 2977 1873 Jedes Wort hat fließende Grenzen; diese
2112 1854 2972 1922 Tatsache zu ästhetischer Wirkung auszu¬
2114 1902 2838 1970 nützen, ist das Geheimnis des Stils.
2145 1958 2820 2014 Es gibt bedeutende Kunstwerke,
2870 1948 2981 2017 deren
2113 2003 2986 2045 Bedeutung zu verstehen nur einer geringen
2112 2045 2972 2115 Anzahl, wenn auch höchst erlesener Geister.
2116 2084 2970 2142 vorbehalten bleibt. Und oft ist man ver
2117 2124 2978 2185 sucht zu fragen, ob es in solchen Fäller.
2108 2175 2982 2234 immer das Kunstwerk selbst ist, das diese
2107 2217 2976 2278 Kenner beglückt, oder vielmehr der Stoh
2105 2263 2498 2320 auf ihr Kennertum.
2145 2314 2975 2367 Kein Zweifel, daß diese Eigenschaft des
2107 2359 2964 2414 Beglückens geringeren Kunstwerken manch¬
2109 2401 2966 2453 mal in höherem Maße innewohnt als man¬
2116 2448 2976 2506 chen Genlewerken. Und es ist keineswege
2119 2504 2982 2549 mmer nur die große Menge, die sich be¬
2110 2533 2978 2586 glückt fühlt, sondern oft gerade jener er¬
2118 2588 2972 2649 esene Kreis, der fähig ist, das Genie zu er¬
2115 2626 2258 2688 kennen.
2145 2654 2970 2724 Manche von solchen geringeren Talenten.
2109 2717 2980 2776 selbst vom Dasein bewegt und erfüllt, sind
2117 2762 2972 2813 gerade dadurch befähigt, die Seelen anderer
2115 2807 2984 2860 Menschen zu bewegen und zu erfüllen in
2119 2847 2981 2905 einer Weise, wie es manchem großen
2109 2888 2654 2961 Dichter nicht vergönnt ist.
2150 2942 2971 2999 Man verwechselt Phantasie und Vor¬
2113 2992 2980 3043 stellungsgabe. Vorstellungsgabe ist die
2113 3031 2973 3089 höhere Funktion. Phantasie ist viel häufiger
2112 3082 2979 3136 als Vorstellungsgabe. Im Traum hat jeder
2116 3120 2973 3182 Mensch Phantasie, keineswegs Vorstellungs¬
2108 3172 2205 3231 gabe.
2143 3191 2982 3268 Eine seltsame Wechselwirkung entwickelt
2104 3255 2981 3320 sich zuweilen zwischen dem Dichter und
2109 3304 2970 3350 seiner Gestalt. Die Gestalt — und das vor
2106 3349 2979 3399 allem ist es, wodurch sie sich von der Figur
2117 3393 2979 3443 interscheidet — gewinnt in immer höherem
2116 3432 2979 3485 Maße Eigenleben, je längere Zeit seit ihrer
2114 3474 2980 3520 Erschaffung verflossen ist; der Dichter ge¬
2102 3520 2978 3571 rät zu ihr allmählich in ein Verhältnis, wie
2115 3564 2980 3616 zu einem nicht von ihm, sondern von Gott
2115 3611 2977 3659 geschaffenen Wesen, das mit ihm, dem
2109 3648 2971 3704 Dichter unter gleichen Gesetzen steht und
2101 3690 2980 3743 die gleiche irdische Luft atmet. Und von
2106 3729 2975 3786 manchem Spaziergang mag er in reinerer
2120 3780 2976 3831 ind beglückterer Stimmung heimkehren,
2110 3830 2967 3878 wenn ihn eine solche von ihm selbst ge¬
2106 3870 2981 3925 schaffene Gestalt, als wenn irgendein sterb¬
2092 3911 2673 3974 licher Mensch ihn begleitete.
3058 947 3095 998 725
