3436 4224
354 90 1267 163 42. Der letzte Brie
1314 85 2042 168 eines Literaten
535 138 2038 199 1 — 4. u. d u 44 u — — K 4 — a — 4 a — G  —  Ga
554 1382 1398 1511 OBSERVERG
637 1511 1303 1558 I. österr. behördl. konzessioniertes
602 1549 1340 1612 Unternehmen für Zeitungs-Ausschnitte
645 1600 1295 1656 WIEN, I., WOLLZELLE 11
549 1789 902 1863 Ausschnitt aus:
1004 1825 1325 1929 EIPEIEAE
990 1926 1268 2018 JAN. 1932
545 1992 683 2068 am:
1403 2056 2292 2110 Maria und ihrer Mutter an einem Tisch im
484 2059 858 2159 Feuilieton
1411 2104 2280 2157 Logengang saß und mit ihnen wie mit ober¬
1400 2150 2294 2207 flächlichen alten Bekannten, die sie ja übri¬
1384 2194 2288 2243 gens waren, vön allerlei gleichgültigen Ditt¬
485 2197 813 2296 Der Literat
1402 2237 2284 2297 gen plauderte. Dies aber waren vorher meine
706 2260 1168 2353 Von Arthur Sehnitzler
1404 2290 1797 2343 Gedanken gewesen:
1437 2301 2294 2392 Maria hat einen Herzfehler (die Kühnneit
569 2317 1379 2406 Der Erinnerung an Artkur Schflitsler ist
1405 2361 2289 2420 meiner Diagnose bitte ich dich zweifach ent¬
533 2382 1377 2446 das Januarheft der „Neuen Ründ¬
1399 2419 2299 2469 schuldigt zu halten; einmal damit, daß ich
533 2426 1379 2493 schau“ Berlin, S. Fischer Verlag) ge¬
1412 2455 2294 2508 kein Arzt bin, und zweitens damit, daß die
524 2478 1375 2532 widmet. Es bringt u. a. Schnitzlers Novelle
1404 2505 2293 2556 Diagnose richtig war). Sie weiß von ihrer
541 2517 1387 2582 „Der letzte Brief eines Literaten“, die i. J.
1401 2543 2288 2600 Krankheit und von der Gefahr, die jedé ra¬
526 2580 1383 2624 1817 geschrieben und vollständig abge¬
1405 2589 2292 2645 sche Bewegung für sie zur Folge haben kann
530 2606 1381 2668 schlossen im Nuchlaß des Dichters gefun¬
1416 2638 2301 2693 und hat mir trotzdem den erbetenen Tanz
538 2658 1376 2709 den worden ist. Wie aus dem nuchstehend
1412 2684 2297 2733 nicht verweigert, ja sie hat sich in diesem
545 2704 1374 2751 wiedergegebenen Abschnitt dieser Mono¬
1411 2722 2281 2773 Tanz so völlig hingegeben, wie es nur ein We¬
531 2734 1389 2793 lognovelte ersichtlich wird, handelt es sich
1407 2764 2281 2821 sen tun kann, das plötzlich von einer unwi
530 2784 1376 2843 um eine von Sohnitzlers tiefem Wissen um
1409 2818 2289 2866 derstehlich heftigen Leidenschaft erfaßt wür¬
532 2835 1376 2879 des Wesen des Literaten zeugende Chrrole¬
1409 2854 2294 2910 de. Sie wird mir auch ihre Hand nicht verwel¬
533 2877 1342 2946 terstudic, die geradesu unheimlich wirkt.
1419 2896 2290 2955 gern, selbst wenn die Mutter und die Aerzte
1418 2949 2290 3005 dlas Heiraten widerraten oder gar untersagen
531 2917 1379 2999 Der Geschwindigkeit, mit der eine Gedan¬
1411 2988 2288 3040 sollten. Wir werden sehr glücklich sein ein
490 2985 1390 3051 kenreihe von schicksalsvoller Bedeutung im
1418 3032 2288 3085 paar Jahre, vielleicht nur ein Jahr lang oder
496 3031 1381 3086 Hirn abröllt, vermag auch die gedrängteste
493 3077 1385 3126 Sprache niemals zu folgen. Wag ich jetzt ver¬
1419 3079 2294 3128 gar nur ein paar Monate, und dann wird sie
1410 3125 2294 3181 von mir scheiden. Ich aber werde zurückblei¬
498 3123 1384 3172 suchen will, mein Freund, dir mit kurzen
500 3158 1382 3212 Worten deutlich zu machen, Erleuchtung,
1414 3164 2294 3219 ben, allein, mit einem großen Schmerz, mit
1418 3209 2290 3273 dem ersten wahrhaften Schmerz meines Le¬
489 3211 1389 3262 Ueberlegung und Entschluß, all dies, was sich
1412 3252 2297 3302 bens, den ich mir in dieser Stunde schon in
498 3253 1383 3307 in meiner Seele in den paar Augenblicken ab¬
1405 3299 2292 3353 seiner ganzen Furchtbarkbit vorzustellen fä¬
488 3297 1379 3360 gespielt, während Maria ihren kleinen Fächel
1413 3343 2294 3393 hig bin. Und dann erst, wenn ich diesen
489 3346 1381 3394 zugeklappt und ihr Kleid zurechtgestrichen,
1406 3384 2300 3441 Schmerz durchfühle, werde ich der geworden
482 3384 1393 3446 beschäftigte mich Kaum mehr, als ich mit
2213 97 2566 182 box 6/6
2310 2034 3215 2125 sein, zu dem mich Gott geschaffen hat. (Nen¬
2319 2106 3215 2162 ne mich nicht einen Gotteslästerer, nie hin ich
2308 2151 3206 2202 frommer gewesen als in jenem Augenblick.)
2322 2189 3225 2245 Daß ich den Schmerz bisher nicht gekannt
2322 2238 3231 2290 habe, das ist die Schwäche meines Wesens,
2312 2282 3230 2343 das Grundübel meiner Kunst. Darum fehlt al¬
2318 2325 3223 2379 lem, was ich bisher versucht, allem, was mir
2323 2371 3225 2434 bisher bis zu einem gewissen Grad gelungen.
2324 2418 3227 2462 Leidenschaft und Tiefe. Darum ist alles so
2322 2457 3209 2514 kühl, so glätt — so leer, wie meine Feinde sa¬
2324 2505 3230 2571 gen. Aber wer sind unsere Feinde? Die recht
2315 2549 3215 2598 gegen uns haben, wenn auch meist aus un¬
2320 2592 3224 2641 lauteren Gründen. — Und weil ich, bei aller
2316 2637 3225 2697 Leichtigkeit und Begabung, so kühl bleibe,
2318 2679 3222 2730 daher entbehrt auch meine Laune, Cie man
2317 2724 3230 2781 mir wohl zugestehen mag, jener Heiterkeit
2321 2769 3215 2818 des Herzens, die nur aus dem Leid erblüht.
2318 2813 3218 2870 Erst wenn ich mein Schicksal mit dem Marlas
2325 2860 3223 2909 verbunden haben werde, in unserer Liebe, in
2329 2900 3223 2950 hrem Tod, in meinem Schmerz, wird meine
2317 2946 3221 2997 Sendung sich erfüllen können. So und nicht
2324 2996 3223 3054 anders dachte ich, während ich neben ihr saß,
2315 3034 3224 3090 mit ihrem kleinen weißen Fächer spielte und
2316 3080 3212 3131 mit den Blicken an ihren blaßen, leise beben¬
2318 3123 3220 3175 den Lippen hing, wie ich niemals an vollèren
2327 3164 3211 3230 uind glühenderen Lippen mit dem meinen ge¬
2322 3210 3218 3267 hangen war. Ich liebte sie — sie wür das erste
2314 3251 3223 3306 Geschöpf, das ich licbte — und dachte en
2328 3299 3223 3361 hren, nein, ich rechnete mit ihrem Tod und
2323 3342 3223 3411 ließte sie gerade darum noch tausendmal
2314 3384 2435 3456 mehr.
