3392 4320
121 223 1838 370 10. Der Puppenspieler box 34/9
2527 1402 2611 1490 1
1768 1464 3324 1533 groteske Gesten am Klavier. Es freut mich, Blutrache ist es Essig. 2
749 1490 1752 1604 Theater, Kunst und Literatur.
1767 1524 3249 1594 Frl. Belmont als Miß mein KomplimentMorgenrot herauf —
1776 1558 3323 1644 machen zu können. Die Hingerissenheit des das es andeuten soll —
742 1588 1764 1681 „Der Kammersänger“, „Morgenrot“,
1769 1614 3328 1694 dummen Gänschens und die nachfolgende Resig= Hand in Hand hinaus.
944 1656 1597 1748 „Der Füne Kgkadu“.
2777 1670 3334 1758 Corfica (wo die Handlung
1782 1673 2634 1751 nation traf sie in Ton und Ausdruck.
1829 1704 3332 1808 Das „Morgenrot“, das dann aufleuchtete „im Süden“. Herr Maa#
809 1739 1780 1810 Also ein Einalter#bend mit sehr wechselnden
583 1743 664 1833 *
1777 1757 3340 1857 in Form eines „Spiels in einem Akt“ hat einem anderen Symbol.
747 1802 1770 1859 Eindrücken. Wie mos seht, begann er mit je¬
2791 1811 3296 1877 Theatermaschinerie ei
578 1841 672 1903 ∆
1771 1816 2790 1901 einen „Dasigen“ zum Verfasser: Herrn Leo
745 1839 1783 1907 nem Wedekind, der (Ausnahmsweise tantiemen¬
2792 1863 3322 1931 einen klingenden Bergst
589 1887 655 1943 S
735 1885 2795 1949 besorgt) nicht dies Krallen zeigt, so daß sich Maasfeld. Die Sprache ist in Jamben abge¬
736 1944 3330 2005 Krethi und Plethifflächelnd mit ihm abfinden zirkelt, was bekanntlich Verpflichtungen aufer= erdacht in Björnsons „Ul
571 1926 686 2018 4
743 1958 3330 2054 kann. Sind wir auch inzwischen in jene Schule legt, die ihr Verfasser nach meinem Gefühl nicht tönt, sondern ratternd n
744 1991 3337 2101 gegangen, die er gemacht hat, haben wir also eingehalten hat. Die Worte geben — es tut mir andauernder als einTh
2786 2063 3336 2118 der Lärm? Er soll Gott
747 2088 2797 2150 über Bahrs „Konzert“ befreiend=herzlich lachen leid, das sagen zu müssen — ein Papier= und
2797 2113 3325 2176 Carlo statt von Haß o
1774 2130 2799 2195 Pappendeckelgeräusch. Die Handlung täuschte
746 2140 1791 2201 können, — die Reduktion auf das Lächeln über
2797 2158 3332 2222 Blutrache ist auch Gottes
738 2182 2801 2247 die Dreiviertelstundenerlebnisse des Sängers mir hartnäckig eine Vision vor: ich sah einen
2800 2207 3331 2265 nicht Nichter über Gott
743 2237 2800 2296 vor seiner Abreise zum Tristan=Gastspiel ist nochjungen Mann am Schreibtisch sitzen und an
2797 2258 3334 2318 deklamierten. Das Beste
621 2256 716 2322 #0
750 2275 2798 2342 immer diskutabel. Die Schauspieler agieren die einem Federkiel kauen. Die wirkliche Handlung
2804 2305 3344 2386 was aber leider nicht be
744 2332 2801 2394 drei Szenen mit Leidenschaft — Wedekind, der ist nämlich ausgeklügelt. Die knapp bemessene
2798 2361 3223 2429 dabei heraus kam.
759 2369 2809 2442 selber so gern die Schminke anlegte, wußte, wo Abwandlung des Themas bedingt noch dazu
2832 2397 3343 2478 Mit Schnitzlers „Grün
746 2426 2820 2494 sie sterblich sind. Herrn Hohenaus Kammer= eine Reihe von Unvermitteltheiten, so daß man
614 2433 720 2533 6
758 2460 3060 2544 sänger setzte mit Prestissimo ein, das er dann beim besten Willen nicht mitgehen kann. Die gespie##
755 2502 3278 2588 sehr vergemächlichte. Die tüchtige Leistung soll Verstiegenheit des Sprachausdrucks vermit= spuk in nichts, abersa
749 2572 3304 2643 dadurch nicht geschmälert werden, daß das aller=telt nichts. „Es ist ein Kreuz, es ist ein großes Dabei war die Auffüh
747 2616 3328 2700 letzte Fehlen eines sarkastischen Uebertones an= Kreuz“, spricht Carlo. So heißt der Sohn, der schon im Tempo nicht.
740 2691 3344 2755 gemertt wird. Wieder einmal ganz in ihrer die Ermordung seines Vaters an der Tochter man den heißen Atem de
757 2745 3338 2784 Rolle aufgehen konnte Frl. Jorysch, indem des Mörders, die er geliebt hatte, rächen will. tion, den Sturm auf die
760 2790 3331 2844 sie die Helene tragierte. Für diese hat sie die Sie hat aber einen „Buhlen“ (wie es in Maas= die Kontraste verspürt
753 2803 3321 2900 gebrochenen Töne und Schreie des tiefen felds Jambendeutsch heißt), der wegen ihrer wenn sie die Eifersuchti
746 2866 3330 2928 Schmerzes, die dem Liebesweh des Weibes ent= Buhlschaft zu Carlo diesen kalt erstechen will, baren können. Der ewig
752 2915 3340 2997 stammen. Den. Komponisten mit der Maske was der Buhlin Gelegenheit gibt. sich dazwi= Ungewissen, der über den
758 2981 3346 3035 „Genial“ hat sich natürlich Herr Pohl ausge=schenzustellen, um den Stahl aufzufangen. Nun mödie und Wirklichkeit li
755 3022 3352 3101 liehen. Er sah vortrefflich aus und fand lustig=wird bei Carlo aus Haß Liebe und mit der terirdischen Pariser Sch##
