3344 4352
122 321 1194 397 10. Der Puppenspieler
1351 309 1804 393 box 34/9
1950 321 2882 422 Theater, Kunst und ziteratur.
2049 401 2670 488 # Der Puppenspieler.
1928 470 2910 525 (Studie in einem Aufzuge von Arthur Schnitzler. Zum ersten Mal
2042 511 2810 566 aufgeführt im Carl=Theater am 12. Dezember 1904.)
2007 554 2941 622 Zwei Freunde treffen sich nach Jahren wieder.
1906 612 2931 668 Freunde? Nun, wie es im „Einsamen Weg“ heißt: „Wir
1914 654 2935 702 bringen einander die Stichloorte so geschickt — es gibt
1922 707 2940 758 pathetische Leute, die solche Beziehungen Freundschaft
1909 746 2953 801 nennen.“ Sie sind zusammen jung gewesen, und das bleibt.
1923 795 2945 839 einem hängen. Eigentlich ist es nur Assoziation, wie die
1915 826 2950 894 Psychologen sagen: der „Freund“ ruft Erinnerungen aus
1909 874 2950 944 einer Zeit auf, in der wir uns selbst noch lieber hatten.
1913 936 2945 980 Denn damals dufteten uns die Rosen stärker, der Wein
1908 974 2941 1024 war heißer und im Winde wälzten wir uns durch das Gras.
1920 1027 2940 1072 Daran erinnert uns der Freund, deshalb haben wir ihn
1918 1060 2943 1119 gern; Assoziation. (Wie denn „Treue“ nur gutes Gedächtnis
1928 1097 2955 1164 ist.) Also zwei Freunde. Sie haben sich zehn Jahre nicht
1916 1174 2953 1216 gesehen, nun aber, da sie sich zufällig begegnen, sind sie
1915 1186 2948 1263 gerührt. Wenigstens der eine, Herr Eduard Jagisch, der in
1922 1235 2943 1302 der Oper Oboe spielt. Wir merken bald, daß der Dichter
1915 1281 2944 1342 in ihm den schlichten Mann gezeichnet hat. Er ist ver¬
1922 1340 2949 1391 heiratet, er hat ein Kind.— scheint gefühlvoll, wohnt weit
1910 1380 2952 1442 draußen vor der Stadt, fast auf dem Lande, obwohl das
1924 1425 2959 1482 „manchmal seine mißlichen Seiten hat"; und — und er
1928 1471 2963 1530 wagt es, sich glücklich zu nennen, „vollkommen glücklich,
1930 1528 2943 1582 schattenlos glücklich“, da selbst „der Tod nichts mehr
1920 1562 2946 1611 Schreckliches hat, wenn man einmal Weib und Kind hat,
1921 1609 2949 1663 die einen beweinen werden“. Wir begreifen, daß er mit
1931 1665 2949 1719 seinem Behagen den anderen ein bißchen nervös macht.
1921 1715 2944 1760 Dieser, Herr Georg Merklin, ist nämlich keineswegs schlicht.
1931 1746 2957 1810 Wir merken bald, daß er zu den paar Menschen gehört,
1931 1808 2950 1857 denen es weniger darauf ankommt, im Leben eiwas zu
1924 1837 2956 1907 sein, als zu erfahren, was es denn eigentlich mit dem
1926 1896 2959 1948 Leben auf sich hat, und denen ihr Schicksal fast nur wie
1933 1930 2953 1988 ein Experiment ist, um daran die Probe auf ihre Gedanken
1920 1985 2952 2034 zu machen. Er hat in seiner Jugend gedichtet, man erwartete
1926 2023 2945 2081 damals, er würde etwas Großes werden. „Wer sagt dir,“
1934 2085 2955 2134 antwortete er dem Freunde, der ihn daran erinnert, „daß
1927 2116 2954 2183 ich es nicht geworden bin? Müssen es denn die anderen
1939 2167 2949 2223 merken? Wenn du heute deine Oboc verkauftest oder wenn
1931 2210 2955 2271 deine Finger und Lippen gelähmt würden, daß du nicht
1927 2259 2959 2313 mehr blasen könntest — wärest du ein geringerer Virtuose
1930 2301 2954 2364 als zuvor? Oder nimm an, du hättest keine Lust mehr und
1927 2360 2953 2418 wirfst sie einfach zum Fenster hinaus, deine Oboe,
1922 2394 2953 2461 weil ihr Klang dir nicht genügt — wärst du
1925 2447 2959 2508 dann kein Künstler mehr? Oder wärst du es nicht
1925 2482 2955 2544 vielmehr erst recht, wenn du es zum Fenster hin¬
1924 2548 2958 2592 untergeworfen hättest, dein Instrument, das so
1923 2587 2952 2640 ohnmächtig ist im Vergleiche zu der göttlichen Musik in
1927 2641 2952 2699 deinem Hirn? . . . Nun, ich habe sie zum Fenster hinaeer¬
1934 2672 2946 2745 geworfen, meine Oboe. Die Dummköpfe haben aus¬
1933 2710 2946 2790 geschrien: Es fällt ihm nichts ein! Ich lasse sie schreien.
1930 2768 2953 2827 Dem wahren Künstler kann nie etwas einfallen, denn er
1934 2805 2954 2868 hat alles in sich — er hat die innere Fülle. Das ist es,
1933 2862 2952 2913 darauf kommt es an. Man denkt an Ulrik Brendel, von
1927 2898 2962 2974 dem es wörtlich ebenso heißt, daß „die Welt früher einmal
1928 2943 2962 3018 etwas Großes von ihm erwartete“, und aus dem dann auch
1920 2993 2955 3067 nur ein spöttischer Vagabund geworden ist, aber immer
1931 3036 2949 3118 noch stolz auf seine Werke, die kein Mensch kenni, weil sie
1926 3090 2960 3147 gar nicht geschrieben sind, sondern nur von ihm allein in
1934 3141 2960 3197 Gedanken und Gesichten genossen, und den Rosmer so
1933 3188 2954 3251 beneidet, weil er „wenigstens den Mut hat, das Leben
1924 3236 2951 3283 nach seinem eigenen Kopfe zu leben“. Freilich um den
1920 3262 2962 3334 Preis, verschollen zu sein. Aber was liegt daran? Merklin
1925 3319 2959 3376 sagt: „Ich versichere dir, es tut gar nicht weh, verschollen
1933 3375 2954 3429 zu sein. Und ich glaube nicht, daß Menschen meiner Art
1924 3419 2953 3478 überhaupt etwas Besseres zustoßen kann. Denn Menschen
1936 3475 2960 3524 von seiner Art gelingt es nicht mehr, sich vom Leben
1924 3495 2950 3559 düpieren zu lassen, und hat man dies einmal verlernt, was
1935 3569 2955 3613 bleibt einem noch? „Ruhm? — Zehn Jahre — tausend
1935 3593 2952 3666 Jahre — zehntausend? sag' mir, in welchem Jahre die
1930 3640 2954 3704 Unsterblichkeit anfängt und ich will um meinen Ruhm
1918 3701 2944 3759 besorgt sein. — Reichtum? — Zehn Gulden — tausend —
1927 3741 2955 3800 eine Million? — Sag' mir, um wie viel die Welt zu kaufen
1933 3790 2946 3844 ist, und ich will mich um Reichtum bemühen. Vorläufig ist
1940 3814 2952 3887 mir der Unterschied zwischen Armut und Reichtum, zwischen
1930 3873 2959 3929 Dunkelheit und Ruhm zu gering, als daß es sich mir
1929 3926 2957 3979 lohnte, einen Finger darum zu rühren. Laß mich spazieren
1936 3963 2950 4034 gehen, Freund, und mit Menschen spielen. Das ist das
1925 4013 2957 4067 einzige, was eines Menschen meiner Art würdig ist.“ Er
1938 4053 2957 4118 sagt hier wieder: Menschen meiner Art, und steckt sich von
1938 4111 2961 4162 den anderen ab, um nur nicht im Haufen zu sein, wie es
1932 4145 2958 4213 immer jene drängt, die an einem tiefen Stolze leiden, die
1931 4191 2933 4235 sich zu aut sind um sich mit halben Erfüllungen abeu¬
