3392 4256
1399 124 1843 232 box 34/9
149 138 1241 234 10. Der Puppenspieler
1377 567 1768 648 Telephon 12801.
997 651 2128 727 Alex. Weigle Unternehmen für Zeitungs-Ausschnitte
1191 715 1950 837 „OBSERVER“
1009 845 2132 929 L. österr. behördl. konz. Bureau für Zeitungsberichte u. Personalnachrichten
1198 908 1959 986 Wien, I., Concordiaplatz 4.
1425 976 1724 1048 Vertretungen
1010 1016 2126 1072 in Berlin, Budapest, Chicago, Genf, London, New-York,
995 1082 2142 1133 Paris, Rom, Mailand, Stockholm, Christiania, St. Petersburg.
1277 1121 1847 1186 (Quellenangabe ohne Gowähr.)
999 1186 2158 1297 Ausschnitt aus Fremdenblatt, Wien
1017 1320 1189 1381 vom:
1398 1311 1677 1381 13 12. 1904
1617 1369 1669 1419 5
1246 1438 1921 1526 Theater und Kunst.
1033 1518 2329 1599 (Carl=Theater.) Zugunsten des unter dem Protektorate
920 1602 2326 1641 Ihrer Durchlaucht der Fürstin Lothar Metternich=Winneburg
919 1622 2328 1684 stehenden ersten öffentlichen Kinder=Krankeninstitutes in Wien:
915 1676 2319 1727 Arthur Schnitzler=Abend. — Es ist eine der Merkwürdig¬
918 1718 2320 1775 keiten unserer Theaterverhältnisse, daß Arthur Schnitzler, wohl der
918 1763 2337 1824 beste und wertvollste Mann, den die im ganzen ziemlich vergäng¬
925 1809 2339 1875 liche Erscheinung „Jung=Wien“ heroorgebracht hat, bei uns mit
914 1862 2323 1939 seinen alten und neuen Stücken nur gesvielt werden kann, wenn alle
925 1901 2321 1965 heiligen Zeiten einmal eine Berliner Truppe in Wien gastiert oder
924 1938 2330 2017 wenn — wie gestern — eine Wohltätigkeitsakademie dem Publikum
923 1996 2338 2063 den rar gewordenen Spektakel einer Schnitzler=Premiere bietet. Die
919 2060 2328 2107 Sache ist um so kurioser, als unsere Bühnen an wirksamer und zugleich
916 2089 2330 2162 werthvoller Wiener Produktion durchaus keinen Ueberfluß haben, ja
924 2137 2333 2202 imGegenteil, sehr viele der Stücke, die von Wiener Autoren hier aufgeführt
919 2196 2328 2254 werden, auf das Deutlichste durch das Mittel des Kontrastes erkennen
927 2246 2310 2299 lassen, eine wie starke und seine Natur wir an Schnitzler haben. —
932 2277 2336 2352 Der gestrige Abend stellte zwischen die beiden in Wien schon bekannten
934 2333 2327 2388 Einakter „Die letzten Masken“ und „Litteratur“ (aus dem Zyklus
922 2365 2338 2455 „Lebendige Stunden“) eine bisher hier noch nicht gespielte Studie
929 2419 2325 2487 „Der Puppenspieler“. Der Hautboist Jagisch hat auf der
938 2467 2331 2538 Straße einen alten Freund getroffen, den er seit langem wie mit
931 2510 2333 2568 Kerzen gesucht hat und der ihm nun widerwillig ins Haus folgt.
932 2562 2330 2632 In der Gesellschaft dieses Georg Merklin hat der Musiker vor elf
937 2616 2329 2676 Jahren einen unvergeßlichen, berauschenden Abend erlebt, einen
931 2652 2331 2722 Abend, der dem schüchternen, dürftigen Musikanten Lebenszuversicht
940 2703 2332 2768 und Halt gegeben hat. Jagisch dankt jenem Abend mit seinem über¬
940 2749 2337 2817 legenen Freunde sein ganzes Lebensglück. Merklin ist ein hoher und
937 2767 2343 2870 unsteter Geist; er zieht es vor, Schicksale zu bestimmen, statt sie am
933 2837 2339 2915 Schreibtisch nachzuziehen. Er will das Leben nicht nachschöpfen,
931 2894 2338 2979 sondern selbst ein schöpfender Teil sein. An jenem Abend vor
938 2925 2351 3032 elf Jahren hat er mit dem Hautboisten einen Scherz vor¬
934 2976 2336 3046 gehabt. Er hat die schöne Anna, eine Freundin seiner
943 3038 2352 3104 Freändin Irene, neben den schüchternen jungen Menschen gesetzt
937 3077 2333 3140 und das Mädchen dazu angestiftet, mit ihrem Nachbar verliebt zu
940 3141 2353 3193 tun, damit so in den #erschüchterten Burschen Selbstgefühl
945 3167 2353 3242 und Mut käme. Das erzählt er nun dem Musiker und freut sich
1862 3217 2260 3289 wie eine Puppe
945 3224 1767 3287 des gelungenen Spiels, daß er ihn
947 3257 2358 3337 gelenkt und gemeistert hat. Jagisch' Frau tritt ein — es ist dieselbe
937 3316 2346 3390 Anna, die er damals zum Liebesspiel mit dem Musikanten gereizt.
945 3355 2351 3425 Wieder freut sich Merklin seines Puppenspiels. Dieser Beiden Schicksal
946 3407 2346 3466 hat er gestaltet; seine Hand hat die Fäden gelenkt, an denen die zwei,
944 3451 2346 3522 hilflosen Marionetten gleich, hingen. Seiner Laune verdankt das blonde
951 3492 2359 3568 Kind des Paares das Leben Sein Weib hat den Puppenspieler verlassen;
960 3553 2343 3624 sein Kind ist gestorben. Er hat Amt und Arbeit hingegeben, um ganz
959 3597 2353 3667 seinem Künstlertum, dem Spiel mit Menschen, leben zu können. Aber
956 3638 2349 3717 dieser Erfolg macht ihn stolz, und er ist froh, so einsam, so in Ein¬
950 3678 2356 3765 samkeit groß und mächtig zu sein. In Wirklichkeit war es aber nicht
951 3738 2359 3802 seines Fadens Zug, daß Anna und ihr Hautboist zusammen¬
953 3785 2355 3863 kamen. Anna liebte damals vor 11 Jahren ihn, den Puppen¬
953 3823 2361 3891 spieler; sie wollte den Ruhelosen setzhaft machen. Als sie ihn nicht
954 3870 2361 3952 gewinnen konute, griff sie in jener Nacht vor 11 Jahren zu dem
949 3939 2346 3988 letzten Mittel, das ihr gegeben war: Sie versuchte Merklin eifer¬
958 3964 2371 4045 süchtig zu machen. Die feurigen Blicke, die sie Jagisch zuwarf,
951 4008 2355 4074 galten dem Puppenspieler. Tagelang wartete sie auf ihn — als er
