3344 4320
2033 99 2205 152 Gee
1997 127 2489 188 dem Blond=Verstärker.
985 103 1884 194 ersiunte) I wosden . . 1. Mang.
84 117 994 198 eer. entenetin uene in ini semiten
984 173 1879 239 alle Insassen in seinen Bann zog und überall
95 171 983 241 etwas gab, worau man sich rettend klammern
1884 177 2733 254 SCHWARZKOPF SEIFENFREI
984 225 1873 286 dort anzutreffen war, wo die Kopfzahl der
83 220 983 285 konnte, daß es sogar schmerzte. Die Kunst
1884 226 2759 310 Parf=Proßhdig. K. 6. Steater, Mien Koll., Therestengasse 17
982 261 1882 333 Internierten zweihundert üverstieg. Wissen¬
91 265 987 335 war der große Wunderdoktor. Sie bot ein
986 315 1875 385 schaftliche und literarische Vorträge, Sprach¬
87 309 989 386 bißchen Zeiterkeit, ein bißchen Scherz und
987 342 1883 430 und andere Lehrkurse interessierten immer
98 367 994 432 ein bißchen Ernst. Wohl nie wurde einem
1886 352 2787 441 abgeschnitten war, wurde das Theater ein
983 402 1885 476 nur einen kleinen Teil der Kriegsgefangenen
88 413 986 479 Künstler so herrlicher Dank wie Julius
1891 416 2787 487 Erwerbsunternehmen, so wie viele andere
815 451 986 518 in der
994 456 1883 523 und hingen von Fachleuten ab, die das
87 449 825 526 Karsten durch einen Kameraden
1873 466 2789 539 inzwischen gegründete Industrien und Werk¬
988 491 1874 574 Kriegsgeschick zufällig in das Lager warf
86 497 991 573 Kriegsgefangenschaft, der ihm nach den
1892 507 2791 585 stätten. Es entstand ein Theaterkomitee, dem
994 548 1883 613 und die durch ihre gediegene Bildung in der
102 540 990 633 ersten Vorlesungen folgende ergreifende
1887 558 2789 634 das Ensemble angegliedert war. Dieses wurde
1002 587 1887 671 Lage waren, ihren Kameraden etwas
94 610 440 683 Zeilen schrieb:
1877 613 2799 699 auf eine Geschäftsordnung ehrenwörtlich und
986 642 1615 713 Wissenswertes zu vermitteln.
187 650 992 723 „Verwegener Wahnwitz, Sie Unmensch!
1885 654 2797 723 eidesstattlich verpflichtet. Die Eintrittspreise
1043 692 1892 756 Solange ein allgemeiner Optimismus mit
129 702 1001 755 Woher nehmen Sie sich die Künheit und das
1887 717 2792 789 bewegten sich zwischen zehn und fünzig
125 739 991 792 Recht, das tote Herz wieder wachzurütteln,
994 744 1906 811 der baldigen Beendigung des Weltkrieges und
128 776 991 847 die erkämpfte Ruhe immer wieder zu zer¬
2568 765 2634 848 8
991 781 1906 856 damit auch der Kriegsgefangenschaft rechnete
128 820 610 900 stören? Sie Unmensch.“
989 835 1915 906 und solange die Stimmung und Gemütsver¬
149 854 987 949 Es ist das liebevolle Grollen eines Men¬
995 885 1907 957 fassung als ungebrochen und zukunftsfroh
90 917 986 1000 schen, der sich schon zu den Toten zählte, der
1002 929 1904 1001 bezeichnet werden konnten, genügten für das
101 964 1004 1036 das Tor seines Lebens schon geschlossen
991 987 1899 1047 Unterhaltungsbedürfnis bunte Abende mit
92 1018 1001 1087 wähnte. Er will zurück, ja, er schreit es hinaus,
998 1028 1904 1097 Darbietungen aller Art. Lieder und Quartette,
96 1069 995 1134 1 aber er glaubt nicht recht an das Gelingen
997 1077 1909 1153 humoristische Einzelvorträge, musikalische Er¬
92 1106 998 1197 des Versuches. Und er legte in das Wort „Un¬
998 1098 1918 1196 götzlichkeiten und Gelegenheitsgedichte bis zu
100 1153 1000 1226 mensch“ alle Dankbarkeit und Liebe, der er
1004 1167 1916 1240 komischen Verkleidungsszenen füllten das
103 1204 996 1289 fähig war. Der Zuhörer ist erschüttert und
996 1209 1919 1287 Programm. Irgendein Schlafsaal in einer
1001 1268 1921 1330 russischen Kaserne, eine Barackenecke, von
2515 1251 2670 1358 1
1000 1304 1903 1379 ihren Inhabern auf ein paar Stunden frei¬
988 1350 1914 1427 willig geräumt und mit Hilfe einiger zusam¬
991 1410 1913 1494 mengeschobener Tische in eine Bühne. verwan¬
656 1432 746 1500 8
1005 1455 1917 1524 delt, waren der Ausgangspunkt von Theater¬
1003 1498 1919 1576 gründungen späterer Jahre, die in ihrer Voll¬
1006 1548 1922 1614 kommenheit zu einer Sehenswürdigkeit und
1007 1595 1919 1671 zu einer ergiebigen Erwerbsquelle für viele
1005 1641 1223 1726 wurden.
1064 1674 1917 1774 Die ersten Bühnen entstanden im Früh¬
1005 1744 1914 1807 jahr des Jahres 1915. Man hatte es dem
1011 1806 1916 1862 theaterfreudigen Sinn der Russen zu danken,
1017 1834 1919 1914 daß für Theaterzwecke ein leerer Saal oder
1008 1880 1924 1956 wenigstens ein unbenstzt gebliebenes Wirt¬
1914 1918 2817 2013 Kriegsgelangene im Lager. Noch ahnt keiner
1024 1934 1916 2009 schaftsgebände (zum Beispiel ein Stall) den
1992 1985 2754 2053 etwas von seiner Schauspielerlaufbahn
1017 1984 1916 2058 Gefa. enen nach vorherigem Umbau zuge¬
1019 2044 1336 2118 wiesen wurde.
1928 2040 2827 2128 Schilling! Sie wurden von den in den
1916 2101 2825 2179 Städten anwesenden Ausländern (Schweden,
1140 2101 1805 2205 Wer stellte die Mittel bei?
1918 2157 2830 2225 Däuen, Engländern, Amerikanern und kapi¬
1076 2167 1921 2244 Solange die Zarenherrschaft dauerte und
1920 2202 2832 2273 talskräftigen Russen) gerne bezahlt und er¬
1022 2222 1924 2313 die Kriegsgefangenen immerhin auf dem
84 2229 989 2313 Em Lustspiel. Auch die Frauenrollen miissen
1926 2250 2838 2320 möglichten jedem Mitglied ein Bestreiten des
1141 2282 1916 2351 #en Anspruch auf Löhnung und Sold
1024 2280 1163 2354 Pani
95 2297 747 2366 ngen Männern gespieft werden
1919 2294 2827 2372 Lebensunterhaltes für etwa sechs Wochen.
1020 2325 1919 2407 hatte plange die Verbindung mit der Hei¬
1928 2345 2830 2415 Dann mußte wieder ein neues Stück ein¬
1017 2379 1919 2437 mat übers neutrale Ausland auch die Zusen¬
134 2370 1030 2461 schweigt. Und zieht in Gedanken den Hut vor
1926 2403 2280 2477 stuhiert werden.
1016 2421 1928 2493 dung von Geldmitteln ermöglichte, wurde das
1973 2421 2842 2501 Der Theaterverein des Deutschen Lager¬
138 2444 1021 2521 diesen Helden, die das Unglück der Gefangen¬
1028 2459 1936 2529 Theaterspielen kostenlos besorgt. Lediglich die
1930 2489 2835 2555 theaters zu Barnaul am Ob zählte 60 Mit¬
139 2486 1025 2564 schaft ertragen mußten. Ihr Schicksal er¬
1022 2516 1921 2593 Kosten für Kostüme, Kulissenmaierial und
1925 2534 2837 2606 glieder, das Riesenlager von Krafnojarsk mit
143 2538 1031 2608 leichterte ihnen die Kunst. die unmittelbar
1029 2557 1931 2640 Farben wurden durch einen niedrigen Ein¬
1931 2583 2852 2653 einem Legerstand von 5000 Offizieren wies
145 2584 1033 2655 zum Herzen spricht. Hören wir nun, wie sie
1042 2610 1923 2686 trittspreis wieder hereingebracht. Als aber
137 2630 1035 2705 in Sibirien zum Klingen gebracht wurde
1925 2623 2837 2700 drei Theater auf, unter ihnen ein ungarisches.
1032 2656 1931 2729 mit der Sowjetherrschaft jede Zuwendung
143 2670 1039 2747 und welche Anstrengungen dazu gehörten, um
145 2677 2849 2828 zu verhindern, daß sie nicht wieder einfror. aufhörte, jede Verbindung mit der Heimat] Dort wurden die Teilhaber am Bühnenbetrieb
1930 2734 2848 2813 zu regelrechten Aktiengesellschaften vereinigt.
2022 2787 2748 2884 Wer waren die Schauspieler?
1987 2869 2846 2942 Ein großes Offizierslager beherbergte
1935 2915 2848 2979 imnmer eine stattliche Anzahl von Namens¬
1932 2962 2847 3028 tragern, die in der Heimat guten Klang hat¬
1926 2996 2852 3089 ten. Da waren Musiker und Maler, Inge¬
1931 3049 2852 3120 nieure und Chemiker, deren Wissen und Er¬
1932 3085 2854 3165 findungsgeist nun für Jahre brach und un¬
1932 3153 2854 3228 genützt bleiben sollten. Sie stellten ihr Können
1940 3178 2852 3262 mit Begeisterung den Zwecken einer Bühne
1936 3241 2852 3320 zur Verfügung. Aber auch das schauspiele¬
1949 3291 2864 3355 rische Talent selbst konnte mit einigem Spür¬
1937 3334 2859 3398 sinn und einiger Führergabe von seiten des
1937 3376 2855 3453 Regisseurs zu beachtenswerten Leistungen ge¬
1940 3413 2859 3490 weckt werden. Lust und Liebe war ja bei allen
1940 3466 2858 3541 vorhanden, Lernfrendigkeit und eiserner Fleiß
1937 3505 2856 3604 bei den meisten, und natürlich Begabung, die
1934 3566 2856 3652 nach Überwindung der ersten Schüchternheit
1948 3624 2856 3686 durchbrach, bei vielen. Allerdings mußten sich
1941 3662 2856 3733 Rolle und Persönlichkeit des Darstellers auf
1949 3720 2857 3776 halbem Weg begegnen und nicht jede ver¬
738 3758 883 3822 S
1946 3762 2868 3838 lockende Idee konnte auch der Verwirklichung
1950 3812 2855 3875 zugeführt werden. Immerhin boten Stücke,
1946 3852 2855 3920 wie „Flachsmann als Erzieher“ von Otto
1953 3894 2869 3963 Ernst oder „Alt=Heidelberg“ von Meyer=För¬
1594 3930 1919 4022 gng we
1947 3943 2873 4023 ster schauspielerische Einzelleistungen, die von
1930 3997 2867 4080 den berufenen Kritikern der russischen Büh¬
526 4026 1602 4116 Zurück in die Heimat! Ein Dampter mit Heimkehrern
