<?xml version="1.0" encoding="UTF-8" standalone="yes"?>
<PcGts xmlns="http://schema.primaresearch.org/PAGE/gts/pagecontent/2013-07-15" xmlns:xsi="http://www.w3.org/2001/XMLSchema-instance" xsi:schemaLocation="http://schema.primaresearch.org/PAGE/gts/pagecontent/2013-07-15 http://schema.primaresearch.org/PAGE/gts/pagecontent/2013-07-15/pagecontent.xsd">
    <Metadata>
        <Creator>prov=University of Rostock/Institute of Mathematics/CITlab/Gundram Leifert/gundram.leifert@uni-rostock.de:name=ONB_Newseye_GT_M1+(htr_id=10810)::::v=2.4.2
prov=University of Rostock/Institute of Mathematics/CITlab/Tobias Gruening/tobias.gruening@uni-rostock.de:name=de.uros.citlab.module.baseline2polygon.B2PSeamMultiOriented:v=2.4.2
prov=University of Rostock/Institute of Mathematics/CITlab/Tobias Gruening/tobias.gruening@uni-rostock.de:name=/mnt/transkribus/LA/DEA/URO/LA_news_onb_att.pb:de.uros.citlab.segmentation.CITlab_LA_ML:v=2.4.2
Transkribus</Creator>
        <Created>2019-10-07T12:13:33.998+02:00</Created>
        <LastChange>2019-10-08T21:42:05.937+02:00</LastChange>
        <TranskribusMetadata docId="224044" pageId="9507180" pageNr="17" tsid="16610499" status="IN_PROGRESS" userId="40391" imgUrl="https://files.transkribus.eu/Get?id=FDJIJCXTLSJIYYLFVUALFTNR&amp;fileType=view" xmlUrl="https://files.transkribus.eu/Get?id=DNBKWMNLPUQSTQUPVYIRICDV" imageId="6196928"/>
    </Metadata>
    <Page imageFilename="224044_0017.jpeg" imageWidth="3392" imageHeight="4256">
        <ReadingOrder>
            <OrderedGroup id="ro_1711444435839" caption="Regions reading order">
                <RegionRefIndexed index="0" regionRef="r1"/>
                <RegionRefIndexed index="1" regionRef="r2"/>
            </OrderedGroup>
        </ReadingOrder>
        <TextRegion orientation="0.0" id="r1" custom="readingOrder {index:0;}">
            <Coords points="234,257 234,3937 3074,3937 3074,257"/>
            <TextLine id="r1l1" custom="readingOrder {index:0;}">
                <Coords points="1448,298 1491,316 1552,293 1597,308 1655,283 1786,299 1827,275 1910,294 1910,246 1836,220 1790,242 1754,227 1640,245 1448,231"/>
                <Baseline points="1455,287 1481,286 1507,285 1534,284 1560,284 1586,283 1613,283 1639,284 1665,284 1692,284 1718,285 1744,285 1771,285 1797,285 1823,285 1850,284 1876,284 1903,282"/>
                <TextEquiv>
                    <Unicode>box 34/9</Unicode>
                </TextEquiv>
            </TextLine>
            <TextLine id="r1l2" custom="readingOrder {index:1;}">
                <Coords points="227,304 477,330 1298,308 1298,256 1155,226 574,262 431,236 386,278 227,239"/>
                <Baseline points="234,288 286,293 339,296 392,298 445,300 498,301 551,302 603,302 656,301 709,300 762,300 815,299 868,298 921,297 973,296 1026,296 1079,297 1132,297 1185,299 1238,301 1291,305"/>
                <TextEquiv>
                    <Unicode>10. Der Puppenspieler</Unicode>
                </TextEquiv>
            </TextLine>
            <TextLine id="r1l3" custom="readingOrder {index:2;}">
                <Coords points="1836,686 1893,683 1925,696 1991,675 2027,682 2054,671 2096,638 2083,557 2050,563 1987,601 1967,603 1947,591 1895,598 1858,645 1829,642"/>
                <Baseline points="1841,673 1868,670 1895,667 1923,663 1950,659 1977,655 2005,649 2032,644 2059,638 2087,632"/>
                <TextEquiv>
                    <Unicode>„Mai</Unicode>
                </TextEquiv>
            </TextLine>
            <TextLine id="r1l4" custom="readingOrder {index:3;}">
                <Coords points="2211,862 2251,884 2615,870 2613,806 2552,797 2392,820 2376,807 2260,810 2210,830"/>
                <Baseline points="2219,853 2244,853 2270,852 2296,851 2322,850 2348,848 2374,847 2400,846 2425,844 2451,843 2477,842 2503,842 2529,842 2555,843 2581,845 2607,847"/>
                <TextEquiv>
                    <Unicode>Telephon 12801.</Unicode>
                </TextEquiv>
            </TextLine>
            <TextLine id="r1l5" custom="readingOrder {index:4;}">
                <Coords points="1848,947 2103,977 2159,944 2956,933 2985,871 2022,886 1847,926"/>
                <Baseline points="1856,949 1912,948 1968,946 2024,944 2080,943 2136,941 2192,940 2249,939 2305,937 2361,936 2417,934 2473,933 2529,931 2585,930 2642,928 2698,926 2754,924 2810,922 2866,919 2922,917 2979,914"/>
                <TextEquiv>
                    <Unicode>Alex. Weigls Unternehmen für Zeitungs-Ausschnitto</Unicode>
                </TextEquiv>
            </TextLine>
            <TextLine id="r1l6" custom="readingOrder {index:5;}">
                <Coords points="2044,1073 2689,1049 2802,994 2799,945 2151,975 2042,1039"/>
                <Baseline points="2052,1076 2089,1068 2126,1062 2163,1057 2200,1053 2238,1050 2275,1048 2312,1046 2349,1045 2386,1044 2424,1044 2461,1043 2498,1042 2535,1041 2572,1039 2610,1037 2647,1034 2684,1029 2721,1025 2758,1018 2796,1010"/>
                <TextEquiv>
                    <Unicode>„OBSERVER“</Unicode>
                </TextEquiv>
            </TextLine>
            <TextLine id="r1l7" custom="readingOrder {index:6;}">
                <Coords points="1862,1140 2911,1130 2978,1085 2543,1058 1861,1095"/>
                <Baseline points="1869,1139 1924,1136 1979,1134 2034,1132 2089,1130 2144,1129 2199,1128 2254,1127 2309,1126 2364,1125 2420,1124 2475,1123 2530,1122 2585,1121 2640,1119 2695,1117 2750,1115 2805,1113 2860,1111 2915,1107 2971,1103"/>
                <TextEquiv>
                    <Unicode>I. österr. behördl. konz. Burean für Zeltungsberichte u. Personalnachrichten</Unicode>
                </TextEquiv>
            </TextLine>
            <TextLine id="r1l8" custom="readingOrder {index:7;}">
                <Coords points="2061,1205 2171,1222 2813,1187 2755,1130 2470,1157 2346,1140 2220,1169 2059,1152"/>
                <Baseline points="2068,1198 2104,1198 2141,1197 2178,1197 2215,1196 2252,1195 2289,1195 2326,1194 2363,1193 2400,1193 2437,1191 2473,1191 2510,1190 2547,1188 2584,1187 2621,1186 2658,1185 2695,1184 2732,1183 2769,1182 2806,1180"/>
                <TextEquiv>
                    <Unicode>Wien, I., Concordiaplatz 4.</Unicode>
                </TextEquiv>
            </TextLine>
            <TextLine id="r1l9" custom="readingOrder {index:8;}">
                <Coords points="387,1290 440,1273 459,1280 497,1255 555,1265 590,1248 663,1253 651,1160 620,1172 585,1157 492,1197 455,1178 399,1230 380,1233"/>
                <Baseline points="390,1257 416,1253 442,1250 468,1245 494,1242 521,1238 547,1235 573,1231 599,1229 625,1227 652,1226"/>
                <TextEquiv>
                    <Unicode></Unicode>
                </TextEquiv>
            </TextLine>
            <TextLine id="r1l10" custom="readingOrder {index:9;}">
                <Coords points="796,1272 824,1282 1016,1266 1134,1273 1206,1260 1206,1209 1104,1202 1077,1187 1027,1200 888,1190 865,1204 795,1202"/>
                <Baseline points="803,1245 829,1245 855,1245 882,1244 908,1243 935,1243 961,1242 987,1241 1014,1240 1040,1239 1067,1239 1093,1239 1119,1239 1146,1240 1172,1240 1199,1242"/>
                <TextEquiv>
                    <Unicode>Telephon 12801.</Unicode>
                </TextEquiv>
            </TextLine>
            <TextLine id="r1l11" custom="readingOrder {index:10;}">
                <Coords points="2279,1241 2344,1266 2424,1253 2496,1262 2565,1247 2595,1261 2595,1230 2572,1232 2548,1213 2490,1222 2471,1212 2459,1221 2427,1209 2389,1223 2310,1211 2279,1224"/>
                <Baseline points="2287,1252 2312,1252 2337,1252 2362,1251 2387,1251 2412,1250 2437,1249 2462,1249 2487,1248 2512,1248 2537,1246 2562,1246 2587,1245"/>
                <TextEquiv>
                    <Unicode>Vertretungen</Unicode>
                </TextEquiv>
            </TextLine>
            <TextLine id="r1l12" custom="readingOrder {index:11;}">
                <Coords points="1876,1316 2982,1303 2945,1237 1875,1267"/>
                <Baseline points="1884,1310 1938,1309 1992,1308 2047,1307 2101,1306 2156,1305 2210,1304 2265,1303 2319,1301 2374,1300 2428,1298 2482,1297 2537,1295 2591,1293 2646,1291 2700,1289 2755,1287 2809,1286 2864,1284 2918,1282 2973,1280"/>
                <TextEquiv>
                    <Unicode>in Berlin, Budapest, Chicago, Genf, London, New-York,</Unicode>
                </TextEquiv>
            </TextLine>
            <TextLine id="r1l13" custom="readingOrder {index:12;}">
                <Coords points="438,1354 1415,1339 1413,1281 1355,1254 1298,1290 1139,1268 729,1302 593,1274 437,1326"/>
                <Baseline points="445,1342 493,1342 541,1342 589,1341 637,1340 685,1340 733,1339 781,1338 829,1337 877,1336 926,1334 974,1333 1022,1332 1070,1330 1118,1329 1166,1328 1214,1326 1262,1324 1310,1323 1358,1322 1407,1320"/>
                <TextEquiv>
                    <Unicode>Alex. Weigls Unternehmen für Zeitungs-Ause</Unicode>
                </TextEquiv>
            </TextLine>
            <TextLine id="r1l14" custom="readingOrder {index:13;}">
                <Coords points="1869,1357 2987,1328 2869,1288 1868,1330"/>
                <Baseline points="1876,1351 1931,1349 1986,1348 2041,1346 2096,1345 2151,1343 2206,1342 2262,1341 2317,1339 2372,1338 2427,1337 2482,1336 2537,1334 2592,1333 2648,1331 2703,1330 2758,1329 2813,1328 2868,1327 2923,1325 2979,1323"/>
                <TextEquiv>
                    <Unicode>Paris, Rom, Mailand, Stockholm, Christiania, St. Petersburg.</Unicode>
                </TextEquiv>
            </TextLine>
            <TextLine id="r1l15" custom="readingOrder {index:14;}">
                <Coords points="2150,1393 2310,1416 2435,1389 2678,1394 2715,1379 2714,1339 2149,1361"/>
                <Baseline points="2157,1399 2184,1396 2212,1394 2239,1392 2267,1391 2294,1389 2322,1388 2349,1387 2377,1386 2404,1385 2432,1384 2459,1384 2487,1383 2514,1383 2542,1383 2569,1382 2597,1382 2624,1382 2652,1382 2679,1382 2707,1382"/>
                <TextEquiv>
                    <Unicode>(Quellenangabe ohne Gewähr.)</Unicode>
                </TextEquiv>
            </TextLine>
            <TextLine id="r1l16" custom="readingOrder {index:15;}">
                <Coords points="633,1476 1274,1449 1383,1414 1379,1349 730,1376 630,1431"/>
                <Baseline points="640,1468 676,1462 713,1457 750,1452 787,1449 823,1446 860,1444 897,1441 934,1440 970,1439 1007,1437 1044,1436 1081,1435 1117,1433 1154,1432 1191,1430 1228,1427 1264,1424 1301,1421 1338,1416 1375,1410"/>
                <TextEquiv>
                    <Unicode>„OBSERVER“</Unicode>
                </TextEquiv>
            </TextLine>
            <TextLine id="r1l17" custom="readingOrder {index:16;}">
                <Coords points="1875,1516 2775,1504 2816,1472 3054,1481 3053,1433 2521,1414 1874,1468"/>
                <Baseline points="1882,1509 1940,1504 1998,1500 2056,1498 2115,1495 2173,1493 2231,1492 2289,1490 2348,1489 2406,1488 2464,1487 2522,1486 2581,1486 2639,1485 2697,1484 2755,1483 2814,1481 2872,1479 2930,1477 2988,1474 3047,1471"/>
                <TextEquiv>
                    <Unicode>Ausschnitt auRtEICHSWEHR, WIEN</Unicode>
                </TextEquiv>
            </TextLine>
            <TextLine id="r1l18" custom="readingOrder {index:17;}">
                <Coords points="457,1549 1568,1511 1528,1463 456,1491"/>
                <Baseline points="464,1532 518,1530 573,1528 628,1527 683,1526 738,1525 792,1524 847,1523 902,1522 957,1521 1012,1520 1066,1519 1121,1518 1176,1516 1231,1515 1286,1514 1340,1512 1395,1510 1450,1508 1505,1505 1560,1502"/>
                <TextEquiv>
                    <Unicode>Cösterr. behördl. konz. Bureau für Zeitungsberichte u. Personalnachrichten</Unicode>
                </TextEquiv>
            </TextLine>
            <TextLine id="r1l19" custom="readingOrder {index:18;}">
                <Coords points="633,1599 872,1617 935,1593 1208,1606 1402,1577 1401,1553 1347,1534 632,1553"/>
                <Baseline points="641,1592 678,1592 716,1592 753,1592 791,1592 829,1591 866,1590 904,1589 942,1588 979,1587 1017,1585 1055,1584 1092,1582 1130,1581 1168,1580 1205,1579 1243,1578 1281,1577 1318,1577 1356,1576 1394,1576"/>
                <TextEquiv>
                    <Unicode>Wien, I., Concordiaplatz 4.</Unicode>
                </TextEquiv>
            </TextLine>
            <TextLine id="r1l20" custom="readingOrder {index:19;}">
                <Coords points="1875,1597 1897,1598 1917,1613 1939,1606 1951,1618 1969,1619 1987,1612 2003,1619 2034,1614 2061,1601 2060,1564 2045,1557 2008,1558 1973,1576 1943,1575 1925,1559 1918,1565 1912,1559 1886,1575 1875,1573"/>
                <Baseline points="1883,1604 1911,1603 1939,1603 1968,1602 1996,1601 2024,1601 2053,1602"/>
                <TextEquiv>
                    <Unicode>vom:</Unicode>
                </TextEquiv>
            </TextLine>
            <TextLine id="r1l21" custom="readingOrder {index:20;}">
                <Coords points="872,1662 911,1655 971,1663 1033,1651 1122,1657 1162,1642 1162,1609 1075,1615 1011,1600 964,1617 903,1600 872,1617"/>
                <Baseline points="879,1647 904,1645 929,1644 954,1643 979,1643 1004,1642 1029,1642 1054,1642 1079,1641 1104,1641 1129,1641 1154,1642"/>
                <TextEquiv>
                    <Unicode>Vertretungen</Unicode>
                </TextEquiv>
            </TextLine>
            <TextLine id="r1l22" custom="readingOrder {index:21;}">
                <Coords points="453,1711 1580,1681 1458,1640 452,1674"/>
                <Baseline points="460,1702 515,1702 571,1702 626,1702 682,1701 738,1700 793,1699 849,1698 905,1696 960,1695 1016,1693 1072,1691 1127,1689 1183,1687 1239,1685 1294,1683 1350,1682 1406,1680 1461,1679 1517,1678 1573,1677"/>
                <TextEquiv>
                    <Unicode>in Berlin, Budapest, Chicago, Genf, London, New-York,</Unicode>
                </TextEquiv>
            </TextLine>
            <TextLine id="r1l23" custom="readingOrder {index:22;}">
                <Coords points="446,1743 672,1768 1581,1729 1462,1688 445,1724"/>
                <Baseline points="453,1743 509,1742 565,1741 621,1740 677,1739 733,1738 789,1736 845,1735 901,1734 957,1732 1013,1731 1069,1730 1125,1729 1181,1728 1237,1727 1293,1726 1349,1725 1405,1725 1461,1725 1517,1725 1573,1725"/>
                <TextEquiv>
                    <Unicode>Paris, Rom, Mailand, Stockholm, Christiania, St. Petersburg.</Unicode>
                </TextEquiv>
            </TextLine>
            <TextLine id="r1l24" custom="readingOrder {index:23;}">
                <Coords points="2170,1739 2250,1758 2361,1750 2387,1768 2467,1763 2470,1694 2433,1677 2407,1686 2388,1672 2341,1667 2173,1671"/>
                <Baseline points="2178,1734 2203,1737 2229,1738 2254,1740 2280,1741 2306,1742 2331,1743 2357,1743 2383,1744 2408,1744 2434,1744 2460,1743"/>
                <TextEquiv>
                    <Unicode>1338204</Unicode>
                </TextEquiv>
            </TextLine>
            <TextLine id="r1l25" custom="readingOrder {index:24;}">
                <Coords points="728,1795 782,1807 866,1788 902,1805 1110,1781 1206,1804 1226,1787 1309,1790 1309,1761 1254,1737 727,1756"/>
                <Baseline points="735,1793 763,1791 791,1790 819,1788 848,1786 876,1785 904,1783 933,1783 961,1781 989,1780 1018,1779 1046,1778 1074,1778 1102,1777 1131,1777 1159,1777 1187,1777 1216,1777 1244,1778 1272,1778 1301,1779"/>
                <TextEquiv>
                    <Unicode>(Quellenangabe ohne Gewähr.)</Unicode>
                </TextEquiv>
            </TextLine>
            <TextLine id="r1l26" custom="readingOrder {index:25;}">
                <Coords points="2012,1842 2991,1848 3051,1826 3051,1782 2011,1795"/>
                <Baseline points="2019,1836 2070,1837 2121,1837 2172,1838 2224,1838 2275,1838 2326,1838 2377,1838 2429,1838 2480,1838 2531,1837 2582,1837 2634,1836 2685,1835 2736,1834 2787,1833 2839,1831 2890,1830 2941,1829 2992,1826 3044,1825"/>
                <TextEquiv>
                    <Unicode>(Carltheater.) Zugunsten eines wohltätigen</Unicode>
                </TextEquiv>
            </TextLine>
            <TextLine id="r1l27" custom="readingOrder {index:26;}">
                <Coords points="1935,1893 3054,1877 3037,1835 2786,1868 2647,1836 1935,1853"/>
                <Baseline points="1942,1889 1997,1888 2052,1888 2107,1887 2162,1887 2218,1887 2273,1886 2328,1886 2383,1886 2438,1886 2494,1886 2549,1885 2604,1885 2659,1884 2714,1884 2770,1883 2825,1881 2880,1880 2935,1878 2990,1877 3046,1874"/>
                <TextEquiv>
                    <Unicode>Zweckes ein Axtur Schnitzler=Abend. Zur Auf¬</Unicode>
                </TextEquiv>
            </TextLine>
            <TextLine id="r1l28" custom="readingOrder {index:27;}">
                <Coords points="455,1901 611,1933 702,1895 1659,1883 1657,1821 1550,1806 454,1857"/>
                <Baseline points="462,1900 521,1897 580,1895 640,1893 699,1891 759,1891 818,1890 878,1889 937,1889 997,1889 1056,1888 1115,1888 1175,1887 1234,1886 1294,1884 1353,1882 1413,1879 1472,1876 1532,1871 1591,1867 1651,1860"/>
                <TextEquiv>
                    <Unicode>Ausschnitt aus: VATERLAND, WIEN</Unicode>
                </TextEquiv>
            </TextLine>
            <TextLine id="r1l29" custom="readingOrder {index:28;}">
                <Coords points="1936,1948 2638,1952 2971,1932 3051,1882 1935,1907"/>
                <Baseline points="1944,1939 1999,1938 2054,1938 2109,1937 2164,1937 2219,1937 2274,1936 2329,1936 2384,1936 2439,1935 2494,1935 2549,1934 2604,1934 2659,1933 2714,1932 2769,1930 2824,1929 2879,1927 2934,1925 2989,1923 3044,1920"/>
                <TextEquiv>
                    <Unicode>führung gelangten: „Die letzten Masken“</Unicode>
                </TextEquiv>
            </TextLine>
            <TextLine id="r1l30" custom="readingOrder {index:29;}">
                <Coords points="1931,1992 3054,1961 3026,1908 2439,1962 1930,1945"/>
                <Baseline points="1938,1986 1993,1985 2048,1985 2104,1984 2159,1984 2215,1984 2270,1984 2325,1984 2381,1984 2436,1983 2492,1983 2547,1983 2602,1982 2658,1981 2713,1980 2769,1978 2824,1976 2879,1973 2935,1970 2990,1965 3046,1961"/>
                <TextEquiv>
                    <Unicode>Schauspiel in einem Akt; „Der Puppenspieler“.</Unicode>
                </TextEquiv>
            </TextLine>
            <TextLine id="r1l31" custom="readingOrder {index:30;}">
                <Coords points="467,2004 499,2010 516,2003 544,2014 553,2005 603,2013 627,2000 650,2002 650,1966 623,1957 608,1958 598,1968 577,1958 559,1962 537,1948 501,1964 467,1964"/>
                <Baseline points="474,1995 502,1997 530,1998 558,1998 586,1997 614,1998 642,1999"/>
                <TextEquiv>
                    <Unicode>vom:</Unicode>
                </TextEquiv>
            </TextLine>
            <TextLine id="r1l32" custom="readingOrder {index:31;}">
                <Coords points="689,2039 728,2045 761,2038 795,2050 828,2033 846,2042 866,2030 886,2030 885,1943 834,1945 813,1956 795,1947 767,1968 689,1962"/>
                <Baseline points="697,2023 722,2020 748,2019 774,2020 800,2020 826,2021 852,2020 878,2016"/>
                <TextEquiv>
                    <Unicode>W</Unicode>
                </TextEquiv>
            </TextLine>
            <TextLine id="r1l33" custom="readingOrder {index:32;}">
                <Coords points="1937,2036 2922,2042 3063,2020 3063,1980 1937,1994"/>
                <Baseline points="1944,2033 1999,2033 2055,2033 2110,2033 2166,2033 2222,2033 2277,2033 2333,2032 2388,2032 2444,2032 2500,2031 2555,2031 2611,2030 2666,2030 2722,2029 2778,2028 2833,2028 2889,2027 2944,2027 3000,2026 3056,2025"/>
                <TextEquiv>
                    <Unicode>Studie in einem Akt, und „Literatur", Lustspiel in</Unicode>
                </TextEquiv>
            </TextLine>
            <TextLine id="r1l34" custom="readingOrder {index:33;}">
                <Coords points="1937,2096 3002,2084 3061,2073 3061,2036 1936,2036"/>
                <Baseline points="1944,2084 1999,2084 2055,2083 2110,2083 2166,2082 2221,2082 2277,2081 2332,2081 2388,2080 2443,2080 2499,2079 2554,2079 2610,2078 2665,2077 2721,2077 2776,2076 2832,2076 2887,2075 2943,2074 2998,2074 3054,2073"/>
                <TextEquiv>
                    <Unicode>einem Akt. „Der Puppenspieler“ war neu für Wien. Es</Unicode>
                </TextEquiv>
            </TextLine>
            <TextLine id="r1l35" custom="readingOrder {index:34;}">
                <Coords points="667,2142 1126,2100 1173,2124 1403,2116 1401,2066 1319,2023 1271,2047 1185,2033 1137,2063 1060,2038 979,2074 757,2045 665,2076"/>
                <Baseline points="674,2122 710,2121 746,2120 782,2119 818,2118 854,2117 890,2115 926,2114 962,2112 998,2110 1034,2108 1070,2106 1106,2105 1142,2104 1178,2102 1214,2101 1250,2099 1286,2098 1322,2098 1358,2097 1395,2097"/>
                <TextEquiv>
                    <Unicode>Theater und Kunst.</Unicode>
                </TextEquiv>
            </TextLine>
            <TextLine id="r1l36" custom="readingOrder {index:35;}">
                <Coords points="1927,2135 3055,2127 3054,2073 1927,2092"/>
                <Baseline points="1935,2131 1990,2131 2046,2131 2101,2131 2157,2130 2213,2130 2268,2130 2324,2130 2379,2129 2435,2129 2491,2129 2546,2128 2602,2127 2657,2127 2713,2126 2769,2126 2824,2125 2880,2124 2935,2123 2991,2122 3047,2120"/>
                <TextEquiv>
                    <Unicode>dürfte eine Vorstudie für Schnitzlers so feines und tiefes</Unicode>
                </TextEquiv>
            </TextLine>
            <TextLine id="r1l37" custom="readingOrder {index:36;}">
                <Coords points="1935,2187 3067,2188 3026,2124 1934,2148"/>
                <Baseline points="1942,2181 1997,2182 2053,2181 2109,2181 2165,2181 2221,2180 2277,2180 2333,2179 2389,2178 2445,2178 2501,2177 2556,2176 2612,2175 2668,2175 2724,2174 2780,2173 2836,2172 2892,2172 2948,2171 3004,2171 3060,2171"/>
                <TextEquiv>
                    <Unicode>Werk „Der einsame Weg“ sein, das uns hier leider noch</Unicode>
                </TextEquiv>
            </TextLine>
            <TextLine id="r1l38" custom="readingOrder {index:37;}">
                <Coords points="593,2208 1575,2171 1590,2102 790,2135 689,2172 590,2145"/>
                <Baseline points="600,2201 649,2199 698,2197 747,2194 797,2192 846,2191 895,2188 944,2186 994,2183 1043,2182 1092,2179 1141,2177 1191,2175 1240,2172 1289,2169 1338,2167 1388,2164 1437,2161 1486,2157 1535,2155 1585,2151"/>
                <TextEquiv>
                    <Unicode>(Carltheater.) Zum Besten eines Kinder¬</Unicode>
                </TextEquiv>
            </TextLine>
            <TextLine id="r1l39" custom="readingOrder {index:38;}">
                <Coords points="1930,2241 2975,2230 3055,2194 1929,2199"/>
                <Baseline points="1937,2231 1992,2230 2048,2230 2103,2229 2159,2229 2214,2228 2270,2228 2325,2227 2381,2227 2436,2227 2492,2226 2548,2226 2603,2225 2659,2224 2714,2224 2770,2223 2825,2222 2881,2221 2936,2219 2992,2218 3048,2216"/>
                <TextEquiv>
                    <Unicode>vorbehalten blieb. Der Puppenspieler ist ein durch Un¬</Unicode>
                </TextEquiv>
            </TextLine>
            <TextLine id="r1l40" custom="readingOrder {index:39;}">
                <Coords points="464,2258 1518,2218 1583,2207 1581,2165 461,2209"/>
                <Baseline points="472,2258 527,2255 582,2253 637,2251 692,2249 747,2245 802,2243 858,2240 913,2237 968,2234 1023,2231 1078,2228 1133,2224 1188,2222 1244,2218 1299,2215 1354,2212 1409,2209 1464,2205 1519,2202 1575,2199"/>
                <TextEquiv>
                    <Unicode>krankeninstitutes fand heute ein Arthur Schnitzlerabend</Unicode>
                </TextEquiv>
            </TextLine>
            <TextLine id="r1l41" custom="readingOrder {index:40;}">
                <Coords points="1929,2285 3057,2272 3056,2225 2950,2222 1929,2257"/>
                <Baseline points="1937,2282 1992,2280 2048,2279 2103,2278 2159,2277 2215,2276 2270,2276 2326,2275 2381,2275 2437,2274 2493,2274 2548,2274 2604,2273 2659,2273 2715,2272 2771,2271 2826,2270 2882,2269 2937,2267 2993,2265 3049,2263"/>
                <TextEquiv>
                    <Unicode>glück einsam gewordener Schriftsteller, dem die Freiheit</Unicode>
                </TextEquiv>
            </TextLine>
            <TextLine id="r1l42" custom="readingOrder {index:41;}">
                <Coords points="472,2303 1583,2265 1593,2225 471,2284"/>
                <Baseline points="480,2303 535,2301 590,2299 646,2297 701,2295 756,2292 812,2290 867,2287 922,2284 978,2280 1033,2278 1088,2274 1144,2272 1199,2268 1254,2265 1310,2262 1365,2258 1420,2256 1476,2253 1531,2251 1587,2248"/>
                <TextEquiv>
                    <Unicode>unter Mitwirkung von Hofschauspielern und Mitgliedern</Unicode>
                </TextEquiv>
            </TextLine>
            <TextLine id="r1l43" custom="readingOrder {index:42;}">
                <Coords points="1944,2330 3072,2333 3071,2280 2984,2271 1944,2287"/>
                <Baseline points="1952,2328 2007,2327 2063,2326 2118,2325 2174,2324 2230,2323 2285,2323 2341,2322 2397,2322 2452,2321 2508,2321 2564,2321 2619,2320 2675,2320 2731,2320 2786,2319 2842,2319 2898,2318 2953,2318 3009,2317 3065,2316"/>
                <TextEquiv>
                    <Unicode>von allen Banden das höchste Gut geworden ist. In</Unicode>
                </TextEquiv>
            </TextLine>
            <TextLine id="r1l44" custom="readingOrder {index:43;}">
                <Coords points="471,2370 1414,2322 1594,2297 1593,2263 468,2326"/>
                <Baseline points="478,2353 533,2350 588,2347 644,2344 699,2341 755,2338 810,2336 866,2332 921,2330 977,2327 1032,2324 1087,2321 1143,2318 1198,2315 1254,2312 1309,2308 1365,2305 1420,2301 1476,2298 1531,2294 1587,2290"/>
                <TextEquiv>
                    <Unicode>des Wiedener Theaters statt. Man hatte vielleicht Arthur</Unicode>
                </TextEquiv>
            </TextLine>
            <TextLine id="r1l45" custom="readingOrder {index:44;}">
                <Coords points="1939,2378 3052,2360 3042,2316 1939,2335"/>
                <Baseline points="1946,2375 2000,2374 2055,2374 2110,2373 2165,2373 2220,2372 2275,2372 2330,2371 2385,2371 2440,2370 2495,2370 2549,2369 2604,2369 2659,2368 2714,2368 2769,2367 2824,2366 2879,2366 2934,2364 2989,2364 3044,2362"/>
                <TextEquiv>
                    <Unicode>der Schaffensglut seiner Blütezeit ist ihm angesichts des</Unicode>
                </TextEquiv>
            </TextLine>
            <TextLine id="r1l46" custom="readingOrder {index:45;}">
                <Coords points="473,2404 1507,2364 1594,2338 1592,2301 471,2370"/>
                <Baseline points="480,2400 535,2398 590,2395 646,2393 701,2390 756,2388 812,2385 867,2382 922,2378 978,2375 1033,2373 1088,2369 1144,2366 1199,2363 1254,2360 1310,2357 1365,2354 1420,2351 1476,2348 1531,2346 1587,2343"/>
                <TextEquiv>
                    <Unicode>Schnitzler nur deshalb gewählt, weil er, wenn er</Unicode>
                </TextEquiv>
            </TextLine>
            <TextLine id="r1l47" custom="readingOrder {index:46;}">
                <Coords points="1931,2429 3049,2433 3048,2378 3005,2372 1931,2395"/>
                <Baseline points="1939,2425 1994,2424 2049,2424 2104,2423 2159,2422 2214,2422 2269,2421 2324,2421 2379,2420 2434,2420 2490,2419 2545,2419 2600,2418 2655,2418 2710,2417 2765,2417 2820,2416 2875,2415 2930,2415 2985,2414 3041,2413"/>
                <TextEquiv>
                    <Unicode>Lebens das künstlerische Bilden zu schal vorgekommen;</Unicode>
                </TextEquiv>
            </TextLine>
            <TextLine id="r1l48" custom="readingOrder {index:47;}">
                <Coords points="480,2451 1499,2417 1606,2385 1604,2345 478,2418"/>
                <Baseline points="487,2451 542,2448 598,2445 653,2443 709,2440 765,2436 820,2433 876,2430 931,2427 987,2424 1043,2422 1098,2419 1154,2416 1209,2413 1265,2410 1321,2407 1376,2405 1432,2401 1487,2399 1543,2397 1599,2394"/>
                <TextEquiv>
                    <Unicode>keine literarischen Exzesse begeht, sozusagen auch Arzt ist.</Unicode>
                </TextEquiv>
            </TextLine>
            <TextLine id="r1l49" custom="readingOrder {index:48;}">
                <Coords points="1946,2473 2939,2481 3057,2429 1946,2437"/>
                <Baseline points="1954,2474 2008,2474 2063,2473 2118,2473 2173,2472 2228,2471 2282,2471 2337,2470 2392,2470 2447,2469 2502,2468 2556,2467 2611,2467 2666,2466 2721,2465 2776,2464 2830,2464 2885,2463 2940,2462 2995,2461 3050,2460"/>
                <TextEquiv>
                    <Unicode>er hat wie mit Puppen mit den Menschen seiner Um¬</Unicode>
                </TextEquiv>
            </TextLine>
            <TextLine id="r1l50" custom="readingOrder {index:49;}">
                <Coords points="474,2501 1600,2442 1576,2403 1422,2399 1342,2435 473,2471"/>
                <Baseline points="482,2502 537,2498 593,2495 648,2492 704,2488 759,2485 815,2482 870,2480 926,2476 981,2473 1037,2470 1093,2467 1148,2464 1204,2461 1259,2458 1315,2455 1370,2452 1426,2449 1481,2446 1537,2443 1593,2440"/>
                <TextEquiv>
                    <Unicode>Zwei von den dramatischen Kleinigkeiten, welche zur</Unicode>
                </TextEquiv>
            </TextLine>
            <TextLine id="r1l51" custom="readingOrder {index:50;}">
                <Coords points="1946,2535 2974,2532 3046,2479 1945,2495"/>
                <Baseline points="1953,2523 2007,2523 2061,2522 2115,2522 2170,2521 2224,2520 2278,2520 2333,2519 2387,2518 2441,2518 2496,2517 2550,2516 2604,2515 2658,2514 2713,2514 2767,2513 2821,2512 2876,2510 2930,2510 2984,2508 3039,2507"/>
                <TextEquiv>
                    <Unicode>gebung gespielt und wollte ihr Schicksal bestimmen. Ein</Unicode>
                </TextEquiv>
            </TextLine>
            <TextLine id="r1l52" custom="readingOrder {index:51;}">
                <Coords points="483,2566 1373,2519 1573,2495 1596,2455 480,2511"/>
                <Baseline points="490,2550 545,2547 600,2544 655,2541 710,2538 765,2535 820,2531 875,2528 930,2525 985,2522 1040,2518 1095,2514 1150,2512 1205,2508 1260,2505 1315,2502 1370,2499 1425,2496 1480,2493 1535,2490 1590,2488"/>
                <TextEquiv>
                    <Unicode>Darstellung kamen, =Die letzten Masken= und</Unicode>
                </TextEquiv>
            </TextLine>
            <TextLine id="r1l53" custom="readingOrder {index:52;}">
                <Coords points="1946,2583 3054,2569 3054,2538 2941,2512 1946,2534"/>
                <Baseline points="1953,2571 2007,2571 2062,2571 2117,2570 2171,2570 2226,2569 2281,2569 2335,2568 2390,2568 2445,2567 2500,2567 2554,2566 2609,2565 2664,2565 2718,2564 2773,2563 2828,2562 2882,2562 2937,2561 2992,2560 3047,2559"/>
                <TextEquiv>
                    <Unicode>Mädchen, das ihm zugetan war, hat er bewogen, einem</Unicode>
                </TextEquiv>
            </TextLine>
            <TextLine id="r1l54" custom="readingOrder {index:53;}">
                <Coords points="485,2593 1474,2542 1608,2566 1603,2479 483,2564"/>
                <Baseline points="492,2593 547,2592 602,2591 658,2589 713,2586 768,2584 824,2581 879,2577 934,2575 990,2571 1045,2567 1100,2563 1156,2560 1211,2556 1266,2553 1322,2550 1377,2546 1432,2543 1488,2542 1543,2539 1599,2537"/>
                <TextEquiv>
                    <Unicode>=Literatur= sind bereits bekannt. Das erste Stück</Unicode>
                </TextEquiv>
            </TextLine>
            <TextLine id="r1l55" custom="readingOrder {index:54;}">
                <Coords points="1940,2632 3057,2599 2995,2566 1939,2589"/>
                <Baseline points="1947,2620 2002,2620 2057,2620 2112,2619 2167,2619 2222,2619 2277,2618 2333,2617 2388,2617 2443,2616 2498,2615 2553,2614 2608,2613 2663,2613 2719,2612 2774,2611 2829,2610 2884,2609 2939,2608 2994,2608 3050,2607"/>
                <TextEquiv>
                    <Unicode>schüchternen, jungen Musiker liebevoll entgegenzu¬</Unicode>
                </TextEquiv>
            </TextLine>
            <TextLine id="r1l56" custom="readingOrder {index:55;}">
                <Coords points="489,2649 1601,2582 1521,2539 486,2598"/>
                <Baseline points="497,2649 551,2645 606,2641 661,2638 716,2635 771,2632 825,2628 880,2625 935,2622 990,2619 1045,2616 1099,2612 1154,2609 1209,2606 1264,2603 1319,2600 1373,2597 1428,2593 1483,2589 1538,2585 1593,2580"/>
                <TextEquiv>
                    <Unicode>spielt im Allgemeinen Krankenhause und die Sekundar¬</Unicode>
                </TextEquiv>
            </TextLine>
            <TextLine id="r1l57" custom="readingOrder {index:56;}">
                <Coords points="493,2703 1527,2639 1595,2668 1623,2618 1382,2596 490,2661"/>
                <Baseline points="499,2695 554,2692 610,2689 666,2685 722,2682 778,2679 834,2675 889,2672 945,2669 1001,2665 1057,2662 1113,2658 1169,2655 1225,2652 1280,2649 1336,2646 1392,2643 1448,2640 1504,2637 1560,2635 1616,2632"/>
                <TextEquiv>
                    <Unicode>ärzte dürften von der wenig liebevollen Schilderung, die</Unicode>
                </TextEquiv>
            </TextLine>
            <TextLine id="r1l58" custom="readingOrder {index:57;}">
                <Coords points="1943,2668 3014,2669 3055,2623 1942,2628"/>
                <Baseline points="1950,2667 2004,2667 2059,2667 2114,2667 2169,2667 2224,2666 2279,2666 2334,2665 2389,2665 2444,2664 2499,2664 2553,2663 2608,2662 2663,2661 2718,2660 2773,2660 2828,2659 2883,2658 2938,2657 2993,2657 3048,2656"/>
                <TextEquiv>
                    <Unicode>kommen. Aus diesem Spiel aber ist den Beiden ein</Unicode>
                </TextEquiv>
            </TextLine>
            <TextLine id="r1l59" custom="readingOrder {index:58;}">
                <Coords points="496,2731 1611,2702 1609,2665 1527,2639 494,2704"/>
                <Baseline points="503,2741 558,2739 613,2736 668,2733 723,2730 778,2727 833,2724 888,2721 943,2716 998,2713 1053,2709 1108,2706 1163,2702 1218,2699 1273,2696 1328,2693 1383,2690 1438,2688 1493,2686 1548,2684 1603,2683"/>
                <TextEquiv>
                    <Unicode>ihnen der ehemalige Kollege Schnitzler angedeihen läßt,</Unicode>
                </TextEquiv>
            </TextLine>
            <TextLine id="r1l60" custom="readingOrder {index:59;}">
                <Coords points="1945,2720 3055,2703 2962,2658 2631,2689 1945,2668"/>
                <Baseline points="1952,2714 2006,2715 2061,2715 2116,2716 2171,2716 2226,2716 2280,2716 2335,2715 2390,2715 2445,2714 2500,2714 2554,2713 2609,2712 2664,2712 2719,2711 2774,2710 2828,2709 2883,2708 2938,2707 2993,2706 3048,2705"/>
                <TextEquiv>
                    <Unicode>Glück erwachsen, das der nach vielen Jahren Ver¬</Unicode>
                </TextEquiv>
            </TextLine>
            <TextLine id="r1l61" custom="readingOrder {index:60;}">
                <Coords points="497,2792 1620,2730 1617,2687 1495,2683 495,2759"/>
                <Baseline points="504,2790 559,2788 614,2784 670,2781 725,2778 781,2774 836,2771 891,2768 947,2765 1002,2762 1058,2758 1113,2755 1168,2752 1224,2749 1279,2746 1335,2743 1390,2739 1445,2737 1501,2734 1556,2731 1612,2728"/>
                <TextEquiv>
                    <Unicode>nicht sehr erbaut sein. Meisterhaft wurde die Szene</Unicode>
                </TextEquiv>
            </TextLine>
            <TextLine id="r1l62" custom="readingOrder {index:61;}">
                <Coords points="1938,2774 2609,2788 3008,2763 3055,2727 1938,2734"/>
                <Baseline points="1945,2765 2000,2765 2055,2765 2110,2764 2165,2764 2220,2763 2275,2763 2331,2762 2386,2761 2441,2761 2496,2760 2551,2759 2606,2758 2661,2758 2717,2757 2772,2757 2827,2756 2882,2756 2937,2756 2992,2756 3048,2756"/>
                <TextEquiv>
                    <Unicode>schollenseins wieder auftauchende Schriftsteller mit Ver¬</Unicode>
                </TextEquiv>
            </TextLine>
            <TextLine id="r1l63" custom="readingOrder {index:62;}">
                <Coords points="497,2846 1619,2786 1614,2728 496,2818"/>
                <Baseline points="504,2842 559,2838 614,2835 670,2831 725,2827 780,2823 836,2821 891,2817 946,2813 1002,2810 1057,2807 1112,2803 1168,2800 1223,2796 1278,2793 1334,2789 1389,2787 1444,2783 1500,2781 1555,2778 1611,2774"/>
                <TextEquiv>
                    <Unicode>zwischen dem kranken Journalisten (Herr Heine vom</Unicode>
                </TextEquiv>
            </TextLine>
            <TextLine id="r1l64" custom="readingOrder {index:63;}">
                <Coords points="1943,2827 3066,2816 3065,2751 1943,2774"/>
                <Baseline points="1950,2815 2005,2814 2060,2813 2116,2812 2171,2811 2227,2810 2282,2810 2338,2809 2393,2809 2449,2808 2504,2808 2559,2808 2615,2807 2670,2807 2726,2806 2781,2806 2837,2805 2892,2804 2948,2803 3003,2802 3059,2801"/>
                <TextEquiv>
                    <Unicode>wunderung und Neid betrachten m uß. Die aus der Tiefe</Unicode>
                </TextEquiv>
            </TextLine>
            <TextLine id="r1l65" custom="readingOrder {index:64;}">
                <Coords points="503,2901 1623,2832 1586,2785 500,2842"/>
                <Baseline points="510,2887 565,2884 620,2882 675,2878 731,2875 786,2871 841,2868 896,2864 952,2860 1007,2856 1062,2853 1117,2849 1173,2846 1228,2843 1283,2840 1338,2836 1394,2834 1449,2831 1504,2829 1559,2826 1615,2824"/>
                <TextEquiv>
                    <Unicode>Burgtheater) und dem kranken Schauspieler (Herr Treßler</Unicode>
                </TextEquiv>
            </TextLine>
            <TextLine id="r1l66" custom="readingOrder {index:65;}">
                <Coords points="1944,2871 3015,2871 3055,2865 3055,2820 1944,2825"/>
                <Baseline points="1951,2865 2005,2863 2060,2862 2115,2861 2170,2860 2225,2859 2280,2858 2334,2858 2389,2857 2444,2857 2499,2857 2554,2856 2609,2856 2664,2856 2718,2855 2773,2855 2828,2855 2883,2854 2938,2853 2993,2852 3048,2851"/>
                <TextEquiv>
                    <Unicode>geholten Motive, aus denen diesei Charakter zusammen¬</Unicode>
                </TextEquiv>
            </TextLine>
            <TextLine id="r1l67" custom="readingOrder {index:66;}">
                <Coords points="510,2938 1577,2892 1636,2881 1633,2830 507,2889"/>
                <Baseline points="518,2934 573,2932 629,2930 684,2928 740,2924 795,2922 851,2918 906,2914 962,2911 1017,2907 1073,2904 1129,2900 1184,2896 1240,2892 1295,2889 1351,2886 1406,2883 1462,2880 1517,2878 1573,2876 1629,2875"/>
                <TextEquiv>
                    <Unicode>vom Burgtheater) gespielt. Das Stückchen hat übrigens</Unicode>
                </TextEquiv>
            </TextLine>
            <TextLine id="r1l68" custom="readingOrder {index:67;}">
                <Coords points="1942,2927 3061,2898 3060,2862 2990,2857 1942,2881"/>
                <Baseline points="1950,2914 2005,2912 2060,2911 2115,2910 2170,2909 2225,2908 2280,2908 2336,2907 2391,2907 2446,2906 2501,2906 2556,2905 2611,2905 2666,2904 2722,2903 2777,2903 2832,2902 2887,2901 2942,2900 2997,2898 3053,2897"/>
                <TextEquiv>
                    <Unicode>gesetzt ist, sind jedoch so subtil, daß das im verwirrenden</Unicode>
                </TextEquiv>
            </TextLine>
            <TextLine id="r1l69" custom="readingOrder {index:68;}">
                <Coords points="502,2989 1621,2925 1613,2874 1065,2932 1027,2903 651,2952 499,2931"/>
                <Baseline points="510,2984 565,2981 620,2978 675,2975 730,2972 785,2969 840,2966 896,2963 951,2960 1006,2957 1061,2953 1116,2951 1171,2947 1226,2944 1282,2941 1337,2938 1392,2935 1447,2932 1502,2928 1557,2926 1613,2923"/>
                <TextEquiv>
                    <Unicode>kaum einen anderen Zweck, als den, daß der Verfasser</Unicode>
                </TextEquiv>
            </TextLine>
            <TextLine id="r1l70" custom="readingOrder {index:69;}">
                <Coords points="1939,2959 3057,2958 2965,2904 1939,2927"/>
                <Baseline points="1947,2961 2002,2960 2057,2959 2112,2959 2167,2958 2222,2958 2277,2957 2332,2956 2387,2956 2442,2955 2498,2955 2553,2954 2608,2954 2663,2953 2718,2952 2773,2952 2828,2951 2883,2951 2938,2950 2993,2950 3049,2949"/>
                <TextEquiv>
                    <Unicode>Bühnenbilde rasch gesprochene Wort nicht ausreicht, den</Unicode>
                </TextEquiv>
            </TextLine>
            <TextLine id="r1l71" custom="readingOrder {index:70;}">
                <Coords points="511,3031 1632,2965 1598,2925 509,3005"/>
                <Baseline points="518,3032 573,3029 628,3026 683,3023 739,3019 794,3016 849,3012 905,3009 960,3006 1015,3002 1071,2999 1126,2995 1181,2993 1236,2989 1292,2986 1347,2983 1402,2980 1458,2978 1513,2976 1568,2974 1624,2972"/>
                <TextEquiv>
                    <Unicode>einige boshafte Bemerkungen über Schauspieler, Dichter und</Unicode>
                </TextEquiv>
            </TextLine>
            <TextLine id="r1l72" custom="readingOrder {index:71;}">
                <Coords points="1940,3016 3051,3025 3060,2970 1940,2982"/>
                <Baseline points="1948,3009 2003,3008 2058,3007 2113,3007 2169,3006 2224,3005 2279,3005 2334,3004 2390,3003 2445,3003 2500,3002 2555,3002 2611,3002 2666,3002 2721,3002 2776,3001 2832,3001 2887,3001 2942,3002 2997,3002 3053,3002"/>
                <TextEquiv>
                    <Unicode>vollen Eindruck hervorzubringen. Hier führt das stille,</Unicode>
                </TextEquiv>
            </TextLine>
            <TextLine id="r1l73" custom="readingOrder {index:72;}">
                <Coords points="514,3097 1589,3035 1643,3023 1641,2980 511,3051"/>
                <Baseline points="520,3082 575,3078 631,3074 687,3071 743,3068 799,3065 854,3061 910,3058 966,3054 1022,3050 1078,3047 1133,3044 1189,3040 1245,3037 1301,3034 1357,3031 1412,3028 1468,3025 1524,3022 1580,3019 1636,3017"/>
                <TextEquiv>
                    <Unicode>Journalisten anbringen konnte. Dasselbe gilt in verstärktem</Unicode>
                </TextEquiv>
            </TextLine>
            <TextLine id="r1l74" custom="readingOrder {index:73;}">
                <Coords points="1953,3064 3082,3071 3081,2984 2789,3031 1953,3026"/>
                <Baseline points="1960,3057 2015,3056 2071,3056 2127,3056 2182,3056 2238,3055 2294,3055 2349,3054 2405,3054 2461,3053 2517,3053 2572,3052 2628,3052 2684,3052 2739,3051 2795,3051 2851,3051 2906,3051 2962,3051 3018,3052 3074,3052"/>
                <TextEquiv>
                    <Unicode>nachdenkliche Lesen viel eher zum Ziele, ein Zeichen.</Unicode>
                </TextEquiv>
            </TextLine>
            <TextLine id="r1l75" custom="readingOrder {index:74;}">
                <Coords points="515,3132 1644,3074 1631,3021 513,3098"/>
                <Baseline points="522,3131 577,3128 633,3124 689,3120 744,3116 800,3112 856,3109 911,3105 967,3101 1023,3098 1079,3094 1134,3091 1190,3087 1246,3084 1301,3081 1357,3077 1413,3075 1468,3072 1524,3070 1580,3067 1636,3065"/>
                <TextEquiv>
                    <Unicode>Maße auch von dem Lustspiele =Literatur=, in dem ebenfalls</Unicode>
                </TextEquiv>
            </TextLine>
            <TextLine id="r1l76" custom="readingOrder {index:75;}">
                <Coords points="1946,3124 3071,3105 3005,3056 2789,3046 1946,3062"/>
                <Baseline points="1954,3106 2009,3106 2064,3106 2120,3105 2175,3105 2231,3105 2286,3104 2342,3104 2397,3103 2453,3102 2508,3102 2563,3101 2619,3100 2674,3100 2730,3099 2785,3099 2841,3098 2896,3098 2952,3097 3007,3097 3063,3097"/>
                <TextEquiv>
                    <Unicode>daß der eigentlich novellistische Stoff aus der Szene</Unicode>
                </TextEquiv>
            </TextLine>
            <TextLine id="r1l77" custom="readingOrder {index:76;}">
                <Coords points="520,3179 1633,3120 1617,3074 518,3139"/>
                <Baseline points="528,3178 582,3175 637,3171 692,3168 747,3165 802,3161 857,3159 911,3155 966,3152 1021,3149 1076,3146 1131,3143 1186,3139 1241,3137 1295,3134 1350,3130 1405,3127 1460,3124 1515,3121 1570,3117 1625,3114"/>
                <TextEquiv>
                    <Unicode>die beiden genannten Hofschauspieler und Frau Retty</Unicode>
                </TextEquiv>
            </TextLine>
            <TextLine id="r1l78" custom="readingOrder {index:77;}">
                <Coords points="1943,3163 3056,3154 3056,3120 2992,3103 1943,3120"/>
                <Baseline points="1950,3154 2004,3154 2059,3153 2114,3153 2169,3153 2224,3152 2279,3152 2334,3152 2389,3151 2444,3151 2499,3151 2553,3150 2608,3149 2663,3149 2718,3148 2773,3148 2828,3147 2883,3146 2938,3145 2993,3145 3048,3143"/>
                <TextEquiv>
                    <Unicode>zurückstrebt. Das schöne Verdienst, diese Studie uns ver¬</Unicode>
                </TextEquiv>
            </TextLine>
            <TextLine id="r1l79" custom="readingOrder {index:78;}">
                <Coords points="520,3227 1565,3183 1634,3170 1632,3128 518,3196"/>
                <Baseline points="528,3226 582,3222 637,3219 692,3215 747,3211 802,3208 857,3205 912,3202 967,3198 1022,3196 1077,3193 1131,3190 1186,3187 1241,3184 1296,3181 1351,3177 1406,3174 1461,3171 1516,3167 1571,3163 1626,3160"/>
                <TextEquiv>
                    <Unicode>vom Burgtheater mitwirken. Vollkommen unverständlich blieb</Unicode>
                </TextEquiv>
            </TextLine>
            <TextLine id="r1l80" custom="readingOrder {index:79;}">
                <Coords points="1943,3204 3062,3202 3042,3150 1943,3162"/>
                <Baseline points="1950,3201 2005,3201 2060,3201 2115,3201 2171,3201 2226,3201 2281,3200 2336,3200 2392,3199 2447,3199 2502,3198 2557,3198 2613,3197 2668,3196 2723,3196 2778,3195 2834,3194 2889,3194 2944,3193 2999,3192 3055,3191"/>
                <TextEquiv>
                    <Unicode>mittelt zu haben, gebührt Direktor Jarno, der Georg</Unicode>
                </TextEquiv>
            </TextLine>
            <TextLine id="r1l81" custom="readingOrder {index:80;}">
                <Coords points="512,3271 1603,3226 1649,3218 1647,3176 511,3250"/>
                <Baseline points="520,3276 576,3271 632,3267 688,3263 744,3260 800,3256 856,3253 912,3249 968,3246 1024,3243 1080,3240 1136,3237 1192,3233 1248,3231 1304,3228 1360,3225 1416,3222 1472,3219 1528,3217 1584,3214 1641,3211"/>
                <TextEquiv>
                    <Unicode>die Novität =D er Puppenspieler=. Zwei</Unicode>
                </TextEquiv>
            </TextLine>
            <TextLine id="r1l82" custom="readingOrder {index:81;}">
                <Coords points="1943,3254 2905,3262 2966,3229 3058,3248 3058,3204 1942,3212"/>
                <Baseline points="1950,3250 2005,3249 2060,3249 2115,3248 2170,3248 2225,3248 2280,3247 2335,3247 2390,3247 2445,3246 2500,3246 2555,3246 2610,3245 2665,3245 2720,3245 2775,3244 2830,3243 2885,3242 2940,3241 2995,3241 3051,3239"/>
                <TextEquiv>
                    <Unicode>Merklin, den Puppenspieler, mit großer Kunst der</Unicode>
                </TextEquiv>
            </TextLine>
            <TextLine id="r1l83" custom="readingOrder {index:82;}">
                <Coords points="522,3329 1568,3265 1654,3291 1632,3213 520,3282"/>
                <Baseline points="530,3325 585,3320 641,3316 697,3312 753,3309 808,3305 864,3302 920,3299 976,3296 1031,3293 1087,3290 1143,3287 1199,3284 1254,3281 1310,3278 1366,3274 1422,3271 1477,3267 1533,3263 1589,3259 1645,3255"/>
                <TextEquiv>
                    <Unicode>Jugendfreunde treffen sich nach langen Jahren wieder;</Unicode>
                </TextEquiv>
            </TextLine>
            <TextLine id="r1l84" custom="readingOrder {index:83;}">
                <Coords points="1943,3300 3060,3293 2999,3247 1943,3258"/>
                <Baseline points="1951,3295 2006,3295 2061,3295 2116,3295 2171,3295 2226,3295 2281,3295 2336,3295 2391,3294 2446,3294 2501,3294 2556,3293 2611,3292 2666,3292 2721,3292 2776,3291 2831,3291 2886,3290 2941,3290 2996,3290 3052,3289"/>
                <TextEquiv>
                    <Unicode>Charakterzeichnung verkörperte, eine Leistung, die</Unicode>
                </TextEquiv>
            </TextLine>
            <TextLine id="r1l85" custom="readingOrder {index:84;}">
                <Coords points="531,3379 1424,3313 1649,3333 1657,3289 1572,3264 528,3333"/>
                <Baseline points="538,3369 593,3367 649,3364 704,3361 760,3358 816,3355 871,3352 927,3348 982,3345 1038,3341 1094,3338 1149,3335 1205,3332 1260,3328 1316,3325 1372,3322 1427,3318 1483,3315 1538,3311 1594,3308 1650,3304"/>
                <TextEquiv>
                    <Unicode>der eine von ihnen (Direktor Jarno) ist ein großer</Unicode>
                </TextEquiv>
            </TextLine>
            <TextLine id="r1l86" custom="readingOrder {index:85;}">
                <Coords points="1961,3358 3010,3351 3051,3340 3051,3291 1961,3307"/>
                <Baseline points="1968,3347 2021,3346 2075,3345 2129,3345 2183,3344 2237,3343 2290,3343 2344,3342 2398,3342 2452,3341 2506,3340 2559,3340 2613,3339 2667,3339 2721,3339 2775,3338 2828,3338 2882,3338 2936,3339 2990,3339 3044,3339"/>
                <TextEquiv>
                    <Unicode>schwerer ins Gewicht fällt, als mancher fünfaktige Held.</Unicode>
                </TextEquiv>
            </TextLine>
            <TextLine id="r1l87" custom="readingOrder {index:86;}">
                <Coords points="527,3414 1582,3371 1655,3350 1652,3301 525,3381"/>
                <Baseline points="534,3419 589,3416 645,3412 701,3409 756,3407 812,3403 868,3400 923,3396 979,3393 1035,3390 1091,3386 1146,3383 1202,3380 1258,3376 1313,3373 1369,3369 1425,3367 1480,3363 1536,3360 1592,3357 1648,3354"/>
                <TextEquiv>
                    <Unicode>Sonderling, er bildet sich offenbar ein, mit den Menschen</Unicode>
                </TextEquiv>
            </TextLine>
            <TextLine id="r1l88" custom="readingOrder {index:87;}">
                <Coords points="1961,3401 3051,3403 3051,3357 2996,3348 1961,3358"/>
                <Baseline points="1968,3396 2021,3395 2075,3394 2129,3394 2183,3393 2237,3392 2290,3391 2344,3390 2398,3390 2452,3389 2506,3388 2559,3387 2613,3387 2667,3386 2721,3386 2775,3385 2828,3385 2882,3385 2936,3385 2990,3385 3044,3386"/>
                <TextEquiv>
                    <Unicode>Ihm sekundierten mit viel Feingefühl und Stimmung</Unicode>
                </TextEquiv>
            </TextLine>
            <TextLine id="r1l89" custom="readingOrder {index:88;}">
                <Coords points="535,3467 1548,3422 1658,3408 1655,3350 533,3432"/>
                <Baseline points="542,3464 597,3462 652,3459 708,3456 763,3453 819,3450 874,3447 929,3444 985,3440 1040,3437 1096,3434 1151,3430 1206,3427 1262,3424 1317,3420 1373,3417 1428,3413 1483,3411 1539,3407 1594,3404 1650,3402"/>
                <TextEquiv>
                    <Unicode>svielen zu können, wie man mit Puppen spielt; sein Freund</Unicode>
                </TextEquiv>
            </TextLine>
            <TextLine id="r1l90" custom="readingOrder {index:89;}">
                <Coords points="1951,3449 2960,3447 3055,3436 3055,3403 1951,3410"/>
                <Baseline points="1958,3442 2012,3442 2067,3441 2121,3441 2176,3441 2230,3440 2285,3440 2339,3439 2394,3439 2448,3438 2503,3438 2557,3438 2612,3437 2666,3437 2721,3436 2775,3436 2830,3435 2884,3434 2939,3433 2993,3433 3048,3432"/>
                <TextEquiv>
                    <Unicode>die Mitglieder seiner Bühne, Herr Claar und Frau</Unicode>
                </TextEquiv>
            </TextLine>
            <TextLine id="r1l91" custom="readingOrder {index:90;}">
                <Coords points="531,3511 1617,3467 1656,3407 529,3483"/>
                <Baseline points="538,3516 593,3512 649,3510 704,3506 760,3503 816,3500 871,3497 927,3493 983,3490 1038,3487 1094,3483 1150,3481 1205,3477 1261,3474 1317,3471 1372,3468 1428,3465 1484,3462 1539,3458 1595,3456 1651,3453"/>
                <TextEquiv>
                    <Unicode>(Herr Claar) überzeugt ihn aber, daß auch mit ihm</Unicode>
                </TextEquiv>
            </TextLine>
            <TextLine id="r1l92" custom="readingOrder {index:91;}">
                <Coords points="1955,3498 3058,3498 3057,3451 3006,3435 1955,3449"/>
                <Baseline points="1962,3491 2016,3491 2070,3491 2125,3490 2179,3490 2234,3489 2288,3488 2342,3487 2397,3486 2451,3486 2506,3485 2560,3484 2614,3483 2669,3483 2723,3482 2778,3482 2832,3481 2886,3481 2941,3482 2995,3482 3050,3482"/>
                <TextEquiv>
                    <Unicode>Wagen, als Ehepaar Jagisch. — Der Einakter „Die</Unicode>
                </TextEquiv>
            </TextLine>
            <TextLine id="r1l93" custom="readingOrder {index:92;}">
                <Coords points="535,3567 1631,3511 1663,3442 534,3549"/>
                <Baseline points="542,3568 597,3563 653,3559 709,3556 765,3552 821,3548 877,3544 932,3541 988,3538 1044,3534 1100,3532 1156,3529 1212,3525 1268,3522 1323,3519 1379,3516 1435,3513 1491,3509 1547,3506 1603,3503 1659,3499"/>
                <TextEquiv>
                    <Unicode>gespielt wurde, da ihn eine Frau, von der er sich geliebt</Unicode>
                </TextEquiv>
            </TextLine>
            <TextLine id="r1l94" custom="readingOrder {index:93;}">
                <Coords points="1959,3546 3030,3550 3067,3545 3067,3496 2584,3486 2302,3525 2253,3492 1958,3499"/>
                <Baseline points="1966,3539 2020,3539 2075,3538 2129,3538 2184,3538 2239,3537 2293,3537 2348,3536 2403,3536 2457,3535 2512,3534 2567,3534 2621,3533 2676,3533 2731,3532 2785,3532 2840,3531 2895,3531 2949,3531 3004,3530 3059,3530"/>
                <TextEquiv>
                    <Unicode>letzten Masken“, um den sich die Heren Heine,</Unicode>
                </TextEquiv>
            </TextLine>
            <TextLine id="r1l95" custom="readingOrder {index:94;}">
                <Coords points="535,3626 1570,3568 1662,3534 1349,3519 532,3589"/>
                <Baseline points="542,3616 597,3612 653,3608 708,3604 764,3600 820,3596 875,3592 931,3589 987,3585 1042,3581 1098,3578 1154,3575 1209,3572 1265,3568 1321,3566 1376,3562 1432,3559 1488,3556 1543,3553 1599,3550 1655,3547"/>
                <TextEquiv>
                    <Unicode>glaubte, zum Besten gehalten hat. Nach dieser ihn schwer</Unicode>
                </TextEquiv>
            </TextLine>
            <TextLine id="r1l96" custom="readingOrder {index:95;}">
                <Coords points="1959,3596 3061,3589 2995,3539 1958,3546"/>
                <Baseline points="1966,3587 2020,3587 2074,3587 2129,3586 2183,3586 2237,3585 2292,3585 2346,3584 2400,3583 2455,3583 2509,3582 2563,3582 2618,3581 2672,3580 2726,3579 2781,3579 2835,3578 2889,3578 2944,3577 2998,3577 3053,3576"/>
                <TextEquiv>
                    <Unicode>Treßler und Schmidt vom Burgtheater ange¬</Unicode>
                </TextEquiv>
            </TextLine>
            <TextLine id="r1l97" custom="readingOrder {index:96;}">
                <Coords points="543,3659 1634,3612 1673,3603 1671,3555 541,3631"/>
                <Baseline points="550,3660 605,3656 661,3652 717,3648 773,3644 828,3641 884,3637 940,3634 996,3630 1051,3627 1107,3624 1163,3621 1219,3618 1274,3615 1330,3612 1386,3608 1442,3605 1497,3603 1553,3600 1609,3598 1665,3595"/>
                <TextEquiv>
                    <Unicode>treffenden Enthüllung verläßt der Sonderling das Zimmer;</Unicode>
                </TextEquiv>
            </TextLine>
            <TextLine id="r1l98" custom="readingOrder {index:97;}">
                <Coords points="1950,3645 2965,3644 3070,3633 3069,3585 1949,3605"/>
                <Baseline points="1957,3634 2012,3635 2067,3636 2122,3636 2178,3635 2233,3635 2288,3634 2344,3634 2399,3633 2454,3632 2510,3631 2565,3630 2620,3629 2675,3628 2731,3627 2786,3626 2841,3626 2897,3625 2952,3625 3007,3625 3063,3626"/>
                <TextEquiv>
                    <Unicode>nommen hatten, erreichte nicht die Wirkung, die das</Unicode>
                </TextEquiv>
            </TextLine>
            <TextLine id="r1l99" custom="readingOrder {index:98;}">
                <Coords points="539,3710 1660,3657 1668,3604 536,3673"/>
                <Baseline points="546,3709 601,3705 657,3702 713,3698 769,3695 825,3692 881,3688 936,3685 992,3681 1048,3678 1104,3675 1160,3672 1216,3668 1272,3664 1327,3662 1383,3658 1439,3655 1495,3652 1551,3649 1607,3646 1663,3643"/>
                <TextEquiv>
                    <Unicode>sein Freund setzt sich mit Frau und Kind zu Tische und</Unicode>
                </TextEquiv>
            </TextLine>
            <TextLine id="r1l100" custom="readingOrder {index:99;}">
                <Coords points="1961,3687 3010,3695 3063,3678 3063,3640 1960,3642"/>
                <Baseline points="1968,3684 2022,3684 2076,3683 2131,3682 2185,3682 2240,3681 2294,3681 2348,3680 2403,3679 2457,3678 2512,3677 2566,3677 2620,3676 2675,3675 2729,3674 2784,3674 2838,3673 2892,3673 2947,3672 3001,3672 3056,3672"/>
                <TextEquiv>
                    <Unicode>Gastspiel des Berliner Deutschen Theaters damit er¬</Unicode>
                </TextEquiv>
            </TextLine>
            <TextLine id="r1l101" custom="readingOrder {index:100;}">
                <Coords points="553,3773 1329,3705 1670,3715 1667,3661 1585,3655 550,3713"/>
                <Baseline points="560,3756 615,3751 670,3748 725,3744 780,3740 835,3736 890,3734 945,3731 1000,3728 1055,3725 1110,3722 1165,3719 1220,3716 1275,3713 1330,3710 1385,3707 1440,3705 1495,3702 1550,3698 1605,3695 1661,3691"/>
                <TextEquiv>
                    <Unicode>der Vorbang fällt. Die langen Dialoge dieser =Studie“,</Unicode>
                </TextEquiv>
            </TextLine>
            <TextLine id="r1l102" custom="readingOrder {index:101;}">
                <Coords points="1958,3748 3038,3734 3066,3686 1957,3701"/>
                <Baseline points="1966,3735 2020,3733 2075,3732 2129,3730 2184,3729 2239,3728 2293,3727 2348,3726 2402,3726 2457,3725 2512,3725 2566,3724 2621,3724 2675,3723 2730,3723 2785,3723 2839,3722 2894,3722 2948,3721 3003,3721 3058,3720"/>
                <TextEquiv>
                    <Unicode>zielte. Dagegen brachten Frau Retty, Herr Heinc¬</Unicode>
                </TextEquiv>
            </TextLine>
            <TextLine id="r1l103" custom="readingOrder {index:102;}">
                <Coords points="542,3812 1559,3749 1678,3778 1685,3707 594,3756 541,3787"/>
                <Baseline points="549,3803 605,3799 662,3795 718,3792 775,3789 831,3786 888,3783 944,3781 1001,3777 1057,3774 1114,3772 1170,3769 1227,3767 1283,3764 1340,3761 1396,3758 1453,3755 1509,3753 1566,3750 1622,3747 1679,3744"/>
                <TextEquiv>
                    <Unicode>wie sie Schnitzler nennt, wirkten geradezu ermüdend. Klug</Unicode>
                </TextEquiv>
            </TextLine>
            <TextLine id="r1l104" custom="readingOrder {index:103;}">
                <Coords points="1959,3787 2972,3761 3038,3787 3063,3736 1959,3749"/>
                <Baseline points="1967,3779 2021,3780 2075,3780 2130,3780 2184,3779 2239,3779 2293,3778 2348,3777 2402,3776 2457,3775 2511,3774 2565,3773 2620,3772 2674,3772 2729,3771 2783,3770 2838,3770 2892,3770 2947,3770 3001,3770 3056,3771"/>
                <TextEquiv>
                    <Unicode>und Hzri Treßler das Lustspiel „Literatur“ zu</Unicode>
                </TextEquiv>
            </TextLine>
            <TextLine id="r1l105" custom="readingOrder {index:104;}">
                <Coords points="1955,3841 2982,3838 3072,3821 3071,3765 1954,3796"/>
                <Baseline points="1962,3832 2017,3829 2072,3827 2127,3825 2182,3824 2237,3823 2292,3822 2347,3821 2402,3821 2457,3821 2513,3821 2568,3821 2623,3821 2678,3821 2733,3821 2788,3822 2843,3822 2898,3822 2953,3822 3008,3822 3064,3821"/>
                <TextEquiv>
                    <Unicode>seiner Bark erheiternden Geltung. Das volle Haus</Unicode>
                </TextEquiv>
            </TextLine>
            <TextLine id="r1l106" custom="readingOrder {index:105;}">
                <Coords points="546,3858 889,3868 1302,3805 1454,3843 1568,3798 1672,3834 1695,3773 894,3784 545,3831"/>
                <Baseline points="553,3847 609,3845 666,3843 723,3841 780,3838 837,3835 893,3833 950,3831 1007,3828 1064,3825 1121,3823 1177,3821 1234,3818 1291,3815 1348,3813 1405,3810 1461,3808 1518,3805 1575,3803 1632,3801 1689,3798"/>
                <TextEquiv>
                    <Unicode>wird daraus niemand geworden sein. Das Theater war</Unicode>
                </TextEquiv>
            </TextLine>
            <TextLine id="r1l107" custom="readingOrder {index:106;}">
                <Coords points="1960,3883 3058,3867 3057,3821 1960,3842"/>
                <Baseline points="1968,3876 2022,3876 2076,3876 2130,3875 2184,3875 2238,3875 2292,3874 2346,3874 2400,3873 2454,3873 2509,3872 2563,3872 2617,3871 2671,3871 2725,3870 2779,3869 2833,3869 2887,3868 2941,3868 2995,3867 3050,3866"/>
                <TextEquiv>
                    <Unicode>spendete allen, um das Gelingen des Abends so ver¬</Unicode>
                </TextEquiv>
            </TextLine>
            <TextLine id="r1l108" custom="readingOrder {index:107;}">
                <Coords points="547,3920 615,3920 626,3911 665,3919 672,3911 695,3923 741,3895 761,3900 822,3880 821,3870 757,3846 738,3860 679,3848 666,3858 656,3851 647,3859 578,3855 555,3877 544,3876"/>
                <Baseline points="553,3905 579,3902 605,3900 631,3897 657,3895 684,3893 710,3891 736,3889 762,3888 788,3886 815,3885"/>
                <TextEquiv>
                    <Unicode>ausverkauft.</Unicode>
                </TextEquiv>
            </TextLine>
            <TextLine id="r1l109" custom="readingOrder {index:108;}">
                <Coords points="2887,3911 2902,3911 2922,3920 2936,3914 2942,3919 2954,3916 2967,3929 3007,3915 3037,3921 3037,3903 3013,3902 2976,3872 2967,3876 2960,3871 2929,3870 2906,3880 2898,3871 2887,3871"/>
                <Baseline points="2894,3915 2921,3915 2948,3915 2975,3915 3002,3916 3029,3916"/>
                <TextEquiv>
                    <Unicode>FT.</Unicode>
                </TextEquiv>
            </TextLine>
            <TextLine id="r1l110" custom="readingOrder {index:109;}">
                <Coords points="1952,3934 2611,3933 2610,3900 2528,3874 1951,3890"/>
                <Baseline points="1959,3923 1991,3924 2023,3925 2055,3926 2087,3926 2120,3926 2152,3925 2184,3925 2216,3924 2248,3923 2281,3922 2313,3921 2345,3920 2377,3919 2409,3918 2442,3918 2474,3917 2506,3917 2538,3917 2570,3918 2603,3919"/>
                <TextEquiv>
                    <Unicode>dienten Darstellern viel Beifall.</Unicode>
                </TextEquiv>
            </TextLine>
            <TextEquiv>
                <Unicode>box 34/9
10. Der Puppenspieler
„Mai
Telephon 12801.
Alex. Weigls Unternehmen für Zeitungs-Ausschnitto
„OBSERVER“
I. österr. behördl. konz. Burean für Zeltungsberichte u. Personalnachrichten
Wien, I., Concordiaplatz 4.

Telephon 12801.
Vertretungen
in Berlin, Budapest, Chicago, Genf, London, New-York,
Alex. Weigls Unternehmen für Zeitungs-Ause
Paris, Rom, Mailand, Stockholm, Christiania, St. Petersburg.
(Quellenangabe ohne Gewähr.)
„OBSERVER“
Ausschnitt auRtEICHSWEHR, WIEN
Cösterr. behördl. konz. Bureau für Zeitungsberichte u. Personalnachrichten
Wien, I., Concordiaplatz 4.
vom:
Vertretungen
in Berlin, Budapest, Chicago, Genf, London, New-York,
Paris, Rom, Mailand, Stockholm, Christiania, St. Petersburg.
1338204
(Quellenangabe ohne Gewähr.)
(Carltheater.) Zugunsten eines wohltätigen
Zweckes ein Axtur Schnitzler=Abend. Zur Auf¬
Ausschnitt aus: VATERLAND, WIEN
führung gelangten: „Die letzten Masken“
Schauspiel in einem Akt; „Der Puppenspieler“.
vom:
W
Studie in einem Akt, und „Literatur", Lustspiel in
einem Akt. „Der Puppenspieler“ war neu für Wien. Es
Theater und Kunst.
dürfte eine Vorstudie für Schnitzlers so feines und tiefes
Werk „Der einsame Weg“ sein, das uns hier leider noch
(Carltheater.) Zum Besten eines Kinder¬
vorbehalten blieb. Der Puppenspieler ist ein durch Un¬
krankeninstitutes fand heute ein Arthur Schnitzlerabend
glück einsam gewordener Schriftsteller, dem die Freiheit
unter Mitwirkung von Hofschauspielern und Mitgliedern
von allen Banden das höchste Gut geworden ist. In
des Wiedener Theaters statt. Man hatte vielleicht Arthur
der Schaffensglut seiner Blütezeit ist ihm angesichts des
Schnitzler nur deshalb gewählt, weil er, wenn er
Lebens das künstlerische Bilden zu schal vorgekommen;
keine literarischen Exzesse begeht, sozusagen auch Arzt ist.
er hat wie mit Puppen mit den Menschen seiner Um¬
Zwei von den dramatischen Kleinigkeiten, welche zur
gebung gespielt und wollte ihr Schicksal bestimmen. Ein
Darstellung kamen, =Die letzten Masken= und
Mädchen, das ihm zugetan war, hat er bewogen, einem
=Literatur= sind bereits bekannt. Das erste Stück
schüchternen, jungen Musiker liebevoll entgegenzu¬
spielt im Allgemeinen Krankenhause und die Sekundar¬
ärzte dürften von der wenig liebevollen Schilderung, die
kommen. Aus diesem Spiel aber ist den Beiden ein
ihnen der ehemalige Kollege Schnitzler angedeihen läßt,
Glück erwachsen, das der nach vielen Jahren Ver¬
nicht sehr erbaut sein. Meisterhaft wurde die Szene
schollenseins wieder auftauchende Schriftsteller mit Ver¬
zwischen dem kranken Journalisten (Herr Heine vom
wunderung und Neid betrachten m uß. Die aus der Tiefe
Burgtheater) und dem kranken Schauspieler (Herr Treßler
geholten Motive, aus denen diesei Charakter zusammen¬
vom Burgtheater) gespielt. Das Stückchen hat übrigens
gesetzt ist, sind jedoch so subtil, daß das im verwirrenden
kaum einen anderen Zweck, als den, daß der Verfasser
Bühnenbilde rasch gesprochene Wort nicht ausreicht, den
einige boshafte Bemerkungen über Schauspieler, Dichter und
vollen Eindruck hervorzubringen. Hier führt das stille,
Journalisten anbringen konnte. Dasselbe gilt in verstärktem
nachdenkliche Lesen viel eher zum Ziele, ein Zeichen.
Maße auch von dem Lustspiele =Literatur=, in dem ebenfalls
daß der eigentlich novellistische Stoff aus der Szene
die beiden genannten Hofschauspieler und Frau Retty
zurückstrebt. Das schöne Verdienst, diese Studie uns ver¬
vom Burgtheater mitwirken. Vollkommen unverständlich blieb
mittelt zu haben, gebührt Direktor Jarno, der Georg
die Novität =D er Puppenspieler=. Zwei
Merklin, den Puppenspieler, mit großer Kunst der
Jugendfreunde treffen sich nach langen Jahren wieder;
Charakterzeichnung verkörperte, eine Leistung, die
der eine von ihnen (Direktor Jarno) ist ein großer
schwerer ins Gewicht fällt, als mancher fünfaktige Held.
Sonderling, er bildet sich offenbar ein, mit den Menschen
Ihm sekundierten mit viel Feingefühl und Stimmung
svielen zu können, wie man mit Puppen spielt; sein Freund
die Mitglieder seiner Bühne, Herr Claar und Frau
(Herr Claar) überzeugt ihn aber, daß auch mit ihm
Wagen, als Ehepaar Jagisch. — Der Einakter „Die
gespielt wurde, da ihn eine Frau, von der er sich geliebt
letzten Masken“, um den sich die Heren Heine,
glaubte, zum Besten gehalten hat. Nach dieser ihn schwer
Treßler und Schmidt vom Burgtheater ange¬
treffenden Enthüllung verläßt der Sonderling das Zimmer;
nommen hatten, erreichte nicht die Wirkung, die das
sein Freund setzt sich mit Frau und Kind zu Tische und
Gastspiel des Berliner Deutschen Theaters damit er¬
der Vorbang fällt. Die langen Dialoge dieser =Studie“,
zielte. Dagegen brachten Frau Retty, Herr Heinc¬
wie sie Schnitzler nennt, wirkten geradezu ermüdend. Klug
und Hzri Treßler das Lustspiel „Literatur“ zu
seiner Bark erheiternden Geltung. Das volle Haus
wird daraus niemand geworden sein. Das Theater war
spendete allen, um das Gelingen des Abends so ver¬
ausverkauft.
FT.
dienten Darstellern viel Beifall.</Unicode>
            </TextEquiv>
        </TextRegion>
        <TextRegion orientation="0.0" id="r2" custom="readingOrder {index:1;}">
            <Coords points="3061,2447 3061,2605 3121,2605 3121,2447"/>
            <TextLine id="r2l1" custom="readingOrder {index:0;}">
                <Coords points="3057,2583 3071,2578 3081,2583 3090,2575 3092,2577 3096,2574 3101,2578 3114,2580 3120,2574 3124,2577 3132,2576 3125,2521 3111,2526 3097,2520 3091,2527 3082,2522 3074,2523 3069,2529 3050,2533"/>
                <Baseline points="3061,2555 3091,2549 3121,2547"/>
                <TextEquiv>
                    <Unicode>22</Unicode>
                </TextEquiv>
            </TextLine>
            <TextEquiv>
                <Unicode>22</Unicode>
            </TextEquiv>
        </TextRegion>
    </Page>
</PcGts>
