<?xml version="1.0" encoding="UTF-8" standalone="yes"?>
<PcGts xmlns="http://schema.primaresearch.org/PAGE/gts/pagecontent/2013-07-15" xmlns:xsi="http://www.w3.org/2001/XMLSchema-instance" xsi:schemaLocation="http://schema.primaresearch.org/PAGE/gts/pagecontent/2013-07-15 http://schema.primaresearch.org/PAGE/gts/pagecontent/2013-07-15/pagecontent.xsd">
    <Metadata>
        <Creator>prov=University of Rostock/Institute of Mathematics/CITlab/Gundram Leifert/gundram.leifert@uni-rostock.de:name=ONB_Newseye_GT_M1+(htr_id=10810)::::v=2.4.2
prov=University of Rostock/Institute of Mathematics/CITlab/Tobias Gruening/tobias.gruening@uni-rostock.de:name=de.uros.citlab.module.baseline2polygon.B2PSeamMultiOriented:v=2.4.2
prov=University of Rostock/Institute of Mathematics/CITlab/Tobias Gruening/tobias.gruening@uni-rostock.de:name=/mnt/transkribus/LA/DEA/URO/LA_news_onb_att.pb:de.uros.citlab.segmentation.CITlab_LA_ML:v=2.4.2
Transkribus</Creator>
        <Created>2019-10-07T12:13:28.961+02:00</Created>
        <LastChange>2019-10-08T21:28:46.728+02:00</LastChange>
        <TranskribusMetadata docId="224044" pageId="9507075" pageNr="1" tsid="16610173" status="IN_PROGRESS" userId="40391" imgUrl="https://files.transkribus.eu/Get?id=LNAQOTIJLGASGCRXSVJNFRNJ&amp;fileType=view" xmlUrl="https://files.transkribus.eu/Get?id=IAFBSEOUKWFUKGVVBJYAKPTN" imageId="6196837"/>
    </Metadata>
    <Page imageFilename="224044_0001.jpeg" imageWidth="3296" imageHeight="4352">
        <ReadingOrder>
            <OrderedGroup id="ro_1711444427969" caption="Regions reading order">
                <RegionRefIndexed index="0" regionRef="r1"/>
                <RegionRefIndexed index="1" regionRef="r2"/>
            </OrderedGroup>
        </ReadingOrder>
        <TextRegion orientation="0.0" id="r1" custom="readingOrder {index:0;}">
            <Coords points="107,291 107,4077 1420,4077 1420,291"/>
            <TextLine id="r1l1" custom="readingOrder {index:0;}">
                <Coords points="98,326 907,356 1147,347 1170,296 1016,251 796,284 312,256 244,302 99,261"/>
                <Baseline points="107,315 159,319 212,322 265,326 318,328 370,330 423,331 476,332 529,332 581,333 634,332 687,332 740,332 792,331 845,331 898,330 951,330 1003,330 1056,330 1109,330 1162,331"/>
                <TextEquiv>
                    <Unicode>10. Der Puppenspieler</Unicode>
                </TextEquiv>
            </TextLine>
            <TextLine id="r1l2" custom="readingOrder {index:1;}">
                <Coords points="609,680 754,701 773,688 935,695 936,639 858,610 822,629 791,606 719,625 704,612 661,620 650,610 609,623"/>
                <Baseline points="616,667 642,664 668,662 694,661 720,660 746,660 772,660 798,661 824,662 850,663 876,664 902,665 928,665"/>
                <TextEquiv>
                    <Unicode>'ephon 12801.</Unicode>
                </TextEquiv>
            </TextLine>
            <TextLine id="r1l3" custom="readingOrder {index:2;}">
                <Coords points="591,783 847,749 1029,787 1117,758 1271,784 1297,737 1251,703 964,717 934,695 836,713 702,708 672,686 629,717 592,707"/>
                <Baseline points="600,741 634,743 668,746 703,747 737,749 772,750 806,751 841,751 875,752 910,752 944,752 978,752 1013,752 1047,752 1082,752 1116,752 1151,752 1185,752 1220,752 1254,752 1289,752"/>
                <TextEquiv>
                    <Unicode>Samen für Zeitungs-Ausschnitte</Unicode>
                </TextEquiv>
            </TextLine>
            <TextLine id="r1l4" custom="readingOrder {index:3;}">
                <Coords points="477,899 588,857 709,885 771,866 1028,887 1130,837 1130,809 1076,782 658,786 616,767 477,823"/>
                <Baseline points="485,852 516,851 548,852 580,852 612,853 644,854 676,856 708,856 740,858 772,859 804,860 835,861 867,861 899,861 931,860 963,859 995,856 1027,853 1059,848 1091,843 1123,836"/>
                <TextEquiv>
                    <Unicode>ASERVER“</Unicode>
                </TextEquiv>
            </TextLine>
            <TextLine id="r1l5" custom="readingOrder {index:4;}">
                <Coords points="408,964 552,942 1181,963 1310,922 487,877 409,906"/>
                <Baseline points="416,930 460,931 504,933 548,934 593,936 637,937 681,939 726,940 770,942 814,943 859,944 903,945 947,946 991,946 1036,946 1080,946 1124,946 1169,945 1213,943 1257,941 1302,939"/>
                <TextEquiv>
                    <Unicode>„Konz. Bureau für Zeitungsberichte u. Personalpachrichten</Unicode>
                </TextEquiv>
            </TextLine>
            <TextLine id="r1l6" custom="readingOrder {index:5;}">
                <Coords points="363,1023 1138,1029 1138,987 1079,961 1042,981 831,953 779,975 565,947 364,971"/>
                <Baseline points="372,1004 411,1005 451,1006 491,1006 531,1007 571,1008 611,1008 651,1009 691,1010 731,1010 771,1011 811,1011 851,1012 891,1012 931,1012 971,1013 1011,1013 1051,1013 1091,1012 1131,1012"/>
                <TextEquiv>
                    <Unicode>Wien, I., Concordiaplatz 4.</Unicode>
                </TextEquiv>
            </TextLine>
            <TextLine id="r1l7" custom="readingOrder {index:6;}">
                <Coords points="589,1077 630,1071 655,1081 672,1073 732,1088 748,1076 773,1085 847,1075 865,1083 882,1078 883,1036 824,1042 815,1032 769,1032 756,1020 733,1034 698,1026 663,1040 589,1027"/>
                <Baseline points="597,1065 622,1065 647,1065 672,1065 698,1065 723,1065 748,1065 773,1066 799,1066 824,1067 849,1067 875,1068"/>
                <TextEquiv>
                    <Unicode>Vertretungen</Unicode>
                </TextEquiv>
            </TextLine>
            <TextLine id="r1l8" custom="readingOrder {index:7;}">
                <Coords points="326,1116 1290,1116 1233,1075 938,1094 896,1066 732,1088 326,1059"/>
                <Baseline points="333,1112 380,1112 427,1112 475,1113 522,1113 570,1114 617,1114 665,1115 712,1116 760,1116 807,1117 854,1118 902,1118 949,1119 997,1119 1044,1120 1092,1120 1139,1120 1187,1120 1234,1120 1282,1120"/>
                <TextEquiv>
                    <Unicode>in, Budapest, Chicago, Genf, London, New-Vork</Unicode>
                </TextEquiv>
            </TextLine>
            <TextLine id="r1l9" custom="readingOrder {index:8;}">
                <Coords points="166,1159 1316,1169 1242,1128 166,1109"/>
                <Baseline points="174,1155 230,1153 287,1151 344,1150 400,1149 457,1149 514,1149 570,1150 627,1151 684,1152 741,1154 797,1156 854,1157 911,1159 967,1161 1024,1162 1081,1163 1137,1164 1194,1165 1251,1166 1308,1166"/>
                <TextEquiv>
                    <Unicode>aris. Rom, Mailand, Stockholm, Christiania, St. Petersburg</Unicode>
                </TextEquiv>
            </TextLine>
            <TextLine id="r1l10" custom="readingOrder {index:9;}">
                <Coords points="436,1200 486,1227 567,1207 692,1251 746,1203 787,1230 891,1215 964,1260 1043,1265 1129,1248 1132,1189 1060,1165 824,1181 607,1157 437,1179"/>
                <Baseline points="444,1202 477,1202 511,1203 545,1203 579,1202 613,1202 647,1202 680,1202 714,1202 748,1202 782,1203 816,1204 850,1206 884,1208 917,1210 951,1214 985,1217 1019,1222 1053,1228 1087,1234 1121,1242"/>
                <TextEquiv>
                    <Unicode>(Quellenangabe ohne Gewähr.))</Unicode>
                </TextEquiv>
            </TextLine>
            <TextLine id="r1l11" custom="readingOrder {index:10;}">
                <Coords points="151,1311 585,1321 714,1282 1380,1342 1427,1333 1428,1271 939,1272 825,1227 639,1266 152,1248"/>
                <Baseline points="159,1307 222,1306 285,1305 348,1304 411,1302 474,1301 537,1300 600,1300 663,1299 726,1298 789,1298 852,1298 915,1299 978,1300 1041,1302 1104,1304 1167,1306 1230,1310 1293,1314 1356,1319 1420,1325"/>
                <TextEquiv>
                    <Unicode>Ausschnitt aus: emez ericerc</Unicode>
                </TextEquiv>
            </TextLine>
            <TextLine id="r1l12" custom="readingOrder {index:11;}">
                <Coords points="391,1421 417,1425 450,1401 494,1414 526,1395 549,1414 603,1394 622,1402 652,1397 651,1358 568,1350 510,1326 485,1338 459,1320 423,1347 388,1342"/>
                <Baseline points="398,1395 425,1398 452,1398 480,1398 507,1396 534,1395 562,1392 589,1390 616,1389 644,1389"/>
                <TextEquiv>
                    <Unicode>TAla</Unicode>
                </TextEquiv>
            </TextLine>
            <TextLine id="r1l13" custom="readingOrder {index:12;}">
                <Coords points="159,1394 177,1387 205,1416 232,1424 262,1416 299,1435 322,1420 399,1422 400,1403 345,1361 310,1377 279,1372 261,1380 251,1370 189,1368 162,1349"/>
                <Baseline points="166,1403 191,1405 216,1407 241,1410 266,1412 291,1414 316,1416 341,1417 366,1416 392,1413"/>
                <TextEquiv>
                    <Unicode>voni:</Unicode>
                </TextEquiv>
            </TextLine>
            <TextLine id="r1l14" custom="readingOrder {index:13;}">
                <Coords points="120,1429 132,1427 149,1440 156,1434 158,1436 166,1435 160,1355 149,1357 146,1361 140,1361 135,1357 129,1362 115,1361"/>
                <Baseline points="127,1429 158,1427"/>
                <TextEquiv>
                    <Unicode>20</Unicode>
                </TextEquiv>
            </TextLine>
            <TextLine id="r1l15" custom="readingOrder {index:14;}">
                <Coords points="493,1438 507,1443 523,1431 559,1436 570,1445 599,1436 629,1456 654,1459 685,1443 688,1405 661,1406 650,1394 630,1402 602,1395 575,1413 568,1406 547,1413 526,1395 495,1407"/>
                <Baseline points="501,1425 526,1425 551,1428 577,1432 602,1436 628,1438 653,1438 679,1431"/>
                <TextEquiv>
                    <Unicode>—</Unicode>
                </TextEquiv>
            </TextLine>
            <TextLine id="r1l16" custom="readingOrder {index:15;}">
                <Coords points="159,1466 1172,1524 1151,1462 1096,1487 163,1414"/>
                <Baseline points="168,1459 217,1462 267,1465 317,1467 367,1470 417,1473 466,1476 516,1479 566,1483 616,1486 666,1489 715,1493 765,1496 815,1500 865,1504 915,1507 964,1511 1014,1515 1064,1519 1114,1523 1164,1526"/>
                <TextEquiv>
                    <Unicode>lnfer Korrespondent stelegraphiert aus Wien:</Unicode>
                </TextEquiv>
            </TextLine>
            <TextLine id="r1l17" custom="readingOrder {index:16;}">
                <Coords points="114,1504 996,1572 1110,1569 1164,1524 117,1455"/>
                <Baseline points="123,1492 174,1496 226,1499 277,1503 329,1507 380,1511 432,1515 483,1520 535,1523 586,1527 638,1531 690,1535 741,1539 793,1543 844,1546 896,1550 947,1553 999,1555 1050,1558 1102,1560 1154,1562"/>
                <TextEquiv>
                    <Unicode>Der zu wohltätigem Zwecke im Carltheater veran¬</Unicode>
                </TextEquiv>
            </TextLine>
            <TextLine id="r1l18" custom="readingOrder {index:17;}">
                <Coords points="119,1535 1018,1610 1159,1598 1162,1561 121,1505"/>
                <Baseline points="127,1532 178,1536 229,1540 280,1544 331,1547 382,1551 433,1555 485,1558 536,1562 587,1566 638,1570 689,1573 740,1577 791,1581 843,1585 894,1589 945,1592 996,1597 1047,1600 1098,1605 1150,1609"/>
                <TextEquiv>
                    <Unicode>staltete Schnitzler=Abend brachte nur geteilte</Unicode>
                </TextEquiv>
            </TextLine>
            <TextLine id="r1l19" custom="readingOrder {index:18;}">
                <Coords points="114,1573 1090,1655 1149,1651 1153,1599 569,1558 454,1580 282,1532 117,1534"/>
                <Baseline points="122,1571 175,1575 229,1579 282,1584 336,1588 390,1592 443,1596 497,1600 551,1604 604,1607 658,1612 711,1616 765,1620 819,1623 872,1627 926,1631 980,1636 1033,1640 1087,1645 1141,1649"/>
                <TextEquiv>
                    <Unicode>Wirkung hervor. „Letzte Masken“ ergriffen durch</Unicode>
                </TextEquiv>
            </TextLine>
            <TextLine id="r1l20" custom="readingOrder {index:19;}">
                <Coords points="112,1611 1129,1705 1144,1650 114,1581"/>
                <Baseline points="120,1611 170,1615 221,1620 271,1624 322,1628 373,1632 423,1635 474,1639 525,1643 575,1646 626,1650 677,1653 727,1657 778,1661 829,1664 879,1668 930,1671 981,1675 1031,1680 1082,1684 1133,1689"/>
                <TextEquiv>
                    <Unicode>die nexvonerregend wahre Verkörperung Rademachers</Unicode>
                </TextEquiv>
            </TextLine>
            <TextLine id="r1l21" custom="readingOrder {index:20;}">
                <Coords points="111,1661 1134,1735 1137,1691 1097,1685 115,1614"/>
                <Baseline points="120,1654 170,1658 220,1662 271,1665 321,1669 371,1672 422,1676 472,1680 522,1684 573,1688 623,1692 673,1695 724,1699 774,1703 824,1707 875,1710 925,1713 975,1717 1026,1720 1076,1723 1127,1726"/>
                <TextEquiv>
                    <Unicode>durch Heine. „Der Puppenspieler“ für Wien</Unicode>
                </TextEquiv>
            </TextLine>
            <TextLine id="r1l22" custom="readingOrder {index:21;}">
                <Coords points="118,1702 1123,1778 1144,1731 121,1658"/>
                <Baseline points="126,1696 176,1699 226,1702 277,1706 327,1710 377,1713 428,1717 478,1720 528,1724 579,1728 629,1731 679,1735 730,1739 780,1742 830,1746 881,1749 931,1753 981,1756 1032,1760 1082,1763 1133,1766"/>
                <TextEquiv>
                    <Unicode>Novität, brachte es zu keiner tieferen Wirkung, weil</Unicode>
                </TextEquiv>
            </TextLine>
            <TextLine id="r1l23" custom="readingOrder {index:22;}">
                <Coords points="123,1741 1099,1817 1137,1815 1140,1774 125,1707"/>
                <Baseline points="130,1741 180,1744 230,1747 280,1750 330,1753 380,1757 430,1760 480,1763 530,1767 580,1770 630,1774 680,1777 730,1781 780,1784 830,1787 880,1791 930,1795 980,1798 1030,1801 1080,1804 1130,1807"/>
                <TextEquiv>
                    <Unicode>zn'skizzenhaft und an inneren Widersprüchen krankend.</Unicode>
                </TextEquiv>
            </TextLine>
            <TextLine id="r1l24" custom="readingOrder {index:23;}">
                <Coords points="119,1764 919,1857 1085,1858 1137,1814 121,1742"/>
                <Baseline points="126,1776 176,1780 226,1785 276,1789 326,1793 376,1797 426,1802 476,1805 526,1809 576,1813 626,1816 676,1819 726,1823 776,1825 826,1829 876,1833 926,1836 976,1839 1026,1843 1076,1847 1126,1850"/>
                <TextEquiv>
                    <Unicode>####o der in der Titelrolle eine feinziselierte</Unicode>
                </TextEquiv>
            </TextLine>
            <TextLine id="r1l25" custom="readingOrder {index:24;}">
                <Coords points="110,1823 242,1830 309,1849 357,1837 380,1848 415,1840 417,1811 367,1795 339,1802 286,1778 260,1800 240,1790 197,1796 157,1779 145,1786 114,1759"/>
                <Baseline points="118,1818 144,1820 170,1821 196,1823 223,1825 249,1828 275,1830 301,1832 328,1833 354,1834 380,1834 407,1834"/>
                <TextEquiv>
                    <Unicode>Charakterstädie</Unicode>
                </TextEquiv>
            </TextLine>
            <TextLine id="r1l26" custom="readingOrder {index:25;}">
                <Coords points="412,1839 814,1884 941,1874 1130,1915 1131,1837 1097,1860 980,1844 945,1864 786,1820 732,1845 703,1822 557,1828 477,1801 414,1816"/>
                <Baseline points="421,1841 456,1844 491,1847 526,1850 561,1852 596,1854 631,1858 666,1860 701,1863 736,1865 772,1868 807,1870 842,1873 877,1875 912,1878 947,1880 982,1882 1017,1885 1052,1888 1087,1890 1123,1892"/>
                <TextEquiv>
                    <Unicode>dot, wurde lebhaft gerufen.</Unicode>
                </TextEquiv>
            </TextLine>
            <TextLine id="r1l27" custom="readingOrder {index:26;}">
                <Coords points="113,1868 428,1867 986,1942 1112,1944 1115,1903 116,1824"/>
                <Baseline points="121,1860 170,1863 219,1866 268,1870 317,1873 367,1877 416,1882 465,1885 514,1889 563,1892 613,1897 662,1900 711,1904 760,1907 809,1911 859,1914 908,1917 957,1920 1006,1923 1055,1926 1105,1928"/>
                <TextEquiv>
                    <Unicode>„Litteratur“ zum ersten Mal mit Burgschau¬</Unicode>
                </TextEquiv>
            </TextLine>
            <TextLine id="r1l28" custom="readingOrder {index:27;}">
                <Coords points="110,1901 1127,1971 1025,1927 112,1868"/>
                <Baseline points="118,1899 168,1903 218,1907 268,1912 318,1916 368,1920 418,1925 468,1928 518,1932 568,1936 618,1940 668,1944 718,1948 768,1950 818,1954 868,1957 918,1960 968,1962 1018,1965 1068,1967 1119,1969"/>
                <TextEquiv>
                    <Unicode>spielern besetzt, amüsierte durch die echtrassige, flotte</Unicode>
                </TextEquiv>
            </TextLine>
            <TextLine id="r1l29" custom="readingOrder {index:28;}">
                <Coords points="105,1941 833,1992 835,1962 787,1947 735,1966 702,1939 560,1949 390,1918 323,1935 108,1902"/>
                <Baseline points="114,1937 149,1941 185,1945 220,1949 256,1952 291,1956 327,1959 362,1962 398,1965 433,1968 469,1970 505,1973 540,1976 576,1978 611,1980 647,1982 682,1984 718,1986 753,1987 789,1989 825,1990"/>
                <TextEquiv>
                    <Unicode>Darstellung der Frau Retty als</Unicode>
                </TextEquiv>
            </TextLine>
            <TextLine id="r1l30" custom="readingOrder {index:29;}">
                <Coords points="845,1986 878,2002 1014,2010 1030,2024 1077,2014 1097,2022 1117,2019 1121,1973 1079,1981 1054,1970 1019,1979 963,1967 940,1975 895,1958 846,1966"/>
                <Baseline points="852,1994 877,1997 903,2000 929,2002 955,2005 981,2007 1006,2008 1032,2009 1058,2011 1084,2011 1110,2011"/>
                <TextEquiv>
                    <Unicode>Margarethe,</Unicode>
                </TextEquiv>
            </TextLine>
            <TextLine id="r1l31" custom="readingOrder {index:30;}">
                <Coords points="104,1994 531,2010 662,2055 747,2029 1014,2071 1111,2044 1113,2015 849,1986 108,1943"/>
                <Baseline points="112,1982 161,1985 211,1988 260,1992 310,1995 359,1999 409,2003 458,2007 508,2011 557,2014 607,2018 657,2022 706,2026 756,2030 805,2033 855,2037 904,2040 954,2044 1003,2047 1053,2050 1103,2052"/>
                <TextEquiv>
                    <Unicode>Preßlers als gräfliches Gigerl und Heines köstlich un¬</Unicode>
                </TextEquiv>
            </TextLine>
            <TextLine id="r1l32" custom="readingOrder {index:31;}">
                <Coords points="109,2033 270,2040 291,2052 374,2045 397,2059 426,2047 495,2062 497,2035 465,2013 410,2017 397,2003 363,2009 343,1996 295,2008 267,1989 244,2004 204,1989 174,1998 164,1987 113,1989"/>
                <Baseline points="118,2019 144,2022 170,2024 197,2026 223,2029 249,2031 276,2034 302,2036 328,2039 355,2042 381,2044 407,2047 434,2049 460,2052 487,2054"/>
                <TextEquiv>
                    <Unicode>erschämten Gilbert.</Unicode>
                </TextEquiv>
            </TextLine>
            <TextLine id="r1l33" custom="readingOrder {index:32;}">
                <Coords points="545,2315 750,2315 770,2327 791,2316 875,2318 876,2234 741,2219 717,2229 702,2218 678,2232 657,2220 637,2232 547,2224"/>
                <Baseline points="554,2285 580,2286 606,2287 632,2287 658,2288 684,2288 711,2288 737,2289 763,2289 789,2290 815,2291 841,2292 868,2293"/>
                <TextEquiv>
                    <Unicode>eteptien 12801.</Unicode>
                </TextEquiv>
            </TextLine>
            <TextLine id="r1l34" custom="readingOrder {index:33;}">
                <Coords points="130,2370 480,2408 1249,2381 1246,2324 130,2336"/>
                <Baseline points="138,2371 193,2371 248,2372 303,2373 358,2373 413,2374 468,2375 524,2375 579,2376 634,2376 689,2377 744,2377 799,2378 854,2378 910,2378 965,2378 1020,2378 1075,2378 1130,2378 1185,2378 1241,2378"/>
                <TextEquiv>
                    <Unicode>Alex. Weigls Unternehmen für Zeitungs-Ausschnitte</Unicode>
                </TextEquiv>
            </TextLine>
            <TextLine id="r1l35" custom="readingOrder {index:34;}">
                <Coords points="316,2501 919,2510 1066,2463 1064,2406 421,2410 360,2453 314,2447"/>
                <Baseline points="324,2505 360,2499 397,2493 434,2489 470,2487 507,2485 544,2484 580,2484 617,2484 654,2484 691,2485 727,2486 764,2486 801,2486 837,2486 874,2485 911,2484 947,2481 984,2477 1021,2472 1058,2466"/>
                <TextEquiv>
                    <Unicode>„OBSERVER“</Unicode>
                </TextEquiv>
            </TextLine>
            <TextLine id="r1l36" custom="readingOrder {index:35;}">
                <Coords points="140,2569 1159,2592 1254,2565 1255,2527 141,2525"/>
                <Baseline points="149,2562 203,2561 258,2561 313,2561 368,2561 423,2562 478,2563 532,2563 587,2565 642,2566 697,2567 752,2568 807,2569 862,2570 916,2570 971,2570 1026,2570 1081,2569 1136,2568 1191,2566 1246,2563"/>
                <TextEquiv>
                    <Unicode>L. österr. behördl. konz. Bureau für Zeitungsberichte u. Personalnachrichten</Unicode>
                </TextEquiv>
            </TextLine>
            <TextLine id="r1l37" custom="readingOrder {index:36;}">
                <Coords points="325,2639 920,2655 1087,2635 1031,2590 997,2606 936,2581 546,2598 325,2574"/>
                <Baseline points="333,2626 370,2628 407,2628 444,2630 482,2630 519,2631 556,2631 594,2632 631,2633 668,2633 706,2634 743,2634 780,2634 817,2634 855,2634 892,2634 929,2634 967,2634 1004,2634 1041,2634 1079,2633"/>
                <TextEquiv>
                    <Unicode>Wien, I., Concordiaplatz 4.</Unicode>
                </TextEquiv>
            </TextLine>
            <TextLine id="r1l38" custom="readingOrder {index:37;}">
                <Coords points="540,2685 582,2701 664,2694 677,2706 694,2697 708,2706 734,2699 787,2707 827,2688 844,2691 844,2663 830,2661 731,2662 707,2651 674,2662 649,2651 619,2662 579,2650 540,2664"/>
                <Baseline points="547,2690 573,2689 599,2688 626,2688 652,2688 678,2688 705,2689 731,2690 757,2690 784,2690 810,2690 837,2689"/>
                <TextEquiv>
                    <Unicode>Vertretungen</Unicode>
                </TextEquiv>
            </TextLine>
            <TextLine id="r1l39" custom="readingOrder {index:38;}">
                <Coords points="132,2732 1226,2766 1264,2763 1265,2711 132,2688"/>
                <Baseline points="139,2731 194,2733 250,2734 306,2735 362,2736 418,2736 474,2737 529,2738 585,2738 641,2739 697,2739 753,2740 809,2740 865,2741 920,2741 976,2742 1032,2742 1088,2743 1144,2744 1200,2744 1256,2745"/>
                <TextEquiv>
                    <Unicode>in Berlin, Budapest, Chicago, Genf, London, New-Vork,</Unicode>
                </TextEquiv>
            </TextLine>
            <TextLine id="r1l40" custom="readingOrder {index:39;}">
                <Coords points="137,2788 1258,2784 1134,2742 138,2742"/>
                <Baseline points="145,2772 200,2773 255,2773 310,2774 366,2774 421,2775 476,2775 531,2776 587,2776 642,2777 697,2777 752,2778 808,2779 863,2779 918,2780 973,2781 1029,2782 1084,2783 1139,2784 1194,2786 1250,2787"/>
                <TextEquiv>
                    <Unicode>T’aris, Rom, Mailand, Stockholm, Christiania, St. Petersburg.</Unicode>
                </TextEquiv>
            </TextLine>
            <TextLine id="r1l41" custom="readingOrder {index:40;}">
                <Coords points="403,2830 501,2855 695,2822 767,2847 797,2831 969,2832 969,2803 863,2782 761,2804 721,2788 403,2791"/>
                <Baseline points="411,2833 438,2832 466,2830 493,2829 521,2829 548,2828 576,2827 603,2827 631,2827 658,2827 686,2826 713,2827 741,2827 768,2827 796,2827 823,2828 851,2828 878,2829 906,2829 933,2829 961,2830"/>
                <TextEquiv>
                    <Unicode>(Quellenangabe ohne Gewähr.)</Unicode>
                </TextEquiv>
            </TextLine>
            <TextLine id="r1l42" custom="readingOrder {index:41;}">
                <Coords points="135,2943 487,2968 642,2924 880,2954 1002,2922 1310,2961 1312,2866 1215,2913 896,2907 828,2856 660,2903 462,2858 136,2893"/>
                <Baseline points="143,2928 201,2928 259,2928 317,2927 375,2927 433,2927 491,2926 549,2926 607,2926 665,2926 723,2926 781,2927 839,2928 897,2929 955,2931 1013,2933 1071,2936 1129,2939 1187,2943 1245,2948 1303,2954"/>
                <TextEquiv>
                    <Unicode>Ausschnitt aus: da7 Zerne dain</Unicode>
                </TextEquiv>
            </TextLine>
            <TextLine id="r1l43" custom="readingOrder {index:42;}">
                <Coords points="134,3024 150,3025 163,3040 178,3034 195,3043 208,3037 242,3046 258,3040 313,3041 316,2991 287,2994 282,2988 267,2999 227,2994 210,3000 166,2989 136,2999"/>
                <Baseline points="142,3025 169,3027 196,3028 224,3029 251,3030 278,3032 306,3035"/>
                <TextEquiv>
                    <Unicode>vom:</Unicode>
                </TextEquiv>
            </TextLine>
            <TextLine id="r1l44" custom="readingOrder {index:43;}">
                <Coords points="475,3081 520,3077 569,3096 599,3077 771,3087 790,3080 791,3020 694,2996 653,3012 603,2981 568,2977 476,3010"/>
                <Baseline points="483,3069 508,3067 533,3065 558,3065 583,3065 608,3066 633,3067 658,3068 683,3070 708,3070 733,3071 758,3071 783,3069"/>
                <TextEquiv>
                    <Unicode>G</Unicode>
                </TextEquiv>
            </TextLine>
            <TextLine id="r1l45" custom="readingOrder {index:44;}">
                <Coords points="970,3084 1007,3104 1130,3091 1167,3118 1187,3102 1267,3104 1269,3063 1231,3066 1161,3018 1127,3045 1073,3050 1066,3041 1029,3067 1013,3054 970,3059"/>
                <Baseline points="978,3086 1003,3085 1029,3086 1054,3086 1080,3088 1106,3089 1131,3091 1157,3092 1183,3093 1208,3093 1234,3093 1260,3092"/>
                <TextEquiv>
                    <Unicode>Watene</Unicode>
                </TextEquiv>
            </TextLine>
            <TextLine id="r1l46" custom="readingOrder {index:45;}">
                <Coords points="635,3152 1029,3167 1160,3147 1161,3107 1137,3094 1039,3120 973,3100 938,3117 688,3096 635,3111"/>
                <Baseline points="642,3147 667,3146 693,3146 718,3146 744,3146 769,3146 795,3147 820,3148 846,3149 871,3150 897,3151 922,3151 948,3152 973,3153 999,3153 1024,3153 1050,3153 1075,3152 1101,3151 1126,3150 1152,3148"/>
                <TextEquiv>
                    <Unicode>Da bot ein im Karl¬</Unicode>
                </TextEquiv>
            </TextLine>
            <TextLine id="r1l47" custom="readingOrder {index:46;}">
                <Coords points="236,3190 1151,3211 1134,3147 1027,3168 237,3142"/>
                <Baseline points="244,3187 289,3187 334,3187 379,3188 424,3188 469,3188 514,3189 559,3190 604,3191 649,3191 694,3192 739,3193 784,3194 829,3194 874,3195 919,3195 964,3196 1009,3196 1054,3196 1099,3196 1144,3195"/>
                <TextEquiv>
                    <Unicode>theater veranstalteler Arthur Schnitz¬</Unicode>
                </TextEquiv>
            </TextLine>
            <TextLine id="r1l48" custom="readingOrder {index:47;}">
                <Coords points="247,3220 538,3253 1146,3241 1146,3212 1004,3199 972,3223 914,3192 247,3201"/>
                <Baseline points="254,3229 298,3230 342,3231 386,3232 430,3233 474,3233 518,3234 563,3235 607,3236 651,3236 695,3237 739,3238 783,3238 827,3239 872,3239 916,3240 960,3240 1004,3240 1048,3241 1092,3241 1137,3242"/>
                <TextEquiv>
                    <Unicode>ler=Abend schon mehr des Genusses. Arthur</Unicode>
                </TextEquiv>
            </TextLine>
            <TextLine id="r1l49" custom="readingOrder {index:48;}">
                <Coords points="256,3273 1021,3301 1139,3286 1140,3239 870,3261 709,3232 256,3238"/>
                <Baseline points="264,3272 307,3274 350,3275 394,3276 437,3277 481,3278 524,3279 567,3280 611,3281 654,3281 698,3282 741,3282 784,3283 828,3283 871,3284 915,3284 958,3284 1001,3285 1045,3285 1088,3286 1132,3287"/>
                <TextEquiv>
                    <Unicode>Schnitzler ist gegenwärtig von den Wiener</Unicode>
                </TextEquiv>
            </TextLine>
            <TextLine id="r1l50" custom="readingOrder {index:49;}">
                <Coords points="255,3325 1139,3330 1070,3284 521,3299 256,3273"/>
                <Baseline points="264,3316 307,3318 350,3319 394,3320 437,3321 480,3322 524,3323 567,3323 610,3324 654,3324 697,3324 740,3324 784,3325 827,3325 870,3326 914,3327 957,3327 1000,3328 1044,3330 1087,3332 1131,3334"/>
                <TextEquiv>
                    <Unicode>Bühnen, so unglaublich es erscheinen mag,</Unicode>
                </TextEquiv>
            </TextLine>
            <TextLine id="r1l51" custom="readingOrder {index:50;}">
                <Coords points="260,3374 662,3380 703,3351 1145,3388 1145,3353 1007,3326 954,3352 761,3322 260,3330"/>
                <Baseline points="268,3362 311,3362 354,3362 398,3362 441,3362 485,3362 528,3363 572,3364 615,3364 659,3365 702,3366 745,3366 789,3367 832,3368 876,3369 919,3370 963,3371 1006,3372 1050,3373 1093,3373 1137,3374"/>
                <TextEquiv>
                    <Unicode>so viel wie verbannt. Wollen wir ihn von</Unicode>
                </TextEquiv>
            </TextLine>
            <TextLine id="r1l52" custom="readingOrder {index:51;}">
                <Coords points="255,3423 1097,3425 1143,3418 1144,3385 712,3361 256,3380"/>
                <Baseline points="263,3406 306,3405 350,3405 393,3405 437,3405 481,3406 524,3406 568,3407 611,3408 655,3409 699,3409 742,3411 786,3411 829,3412 873,3413 917,3414 960,3415 1004,3415 1047,3416 1091,3416 1135,3417"/>
                <TextEquiv>
                    <Unicode>der Bühne herab genießen, so müssen wir</Unicode>
                </TextEquiv>
            </TextLine>
            <TextLine id="r1l53" custom="readingOrder {index:52;}">
                <Coords points="265,3452 766,3470 948,3447 1134,3473 1135,3430 265,3419"/>
                <Baseline points="273,3453 315,3452 358,3451 401,3451 443,3451 486,3450 529,3450 571,3451 614,3451 657,3451 700,3452 742,3453 785,3453 828,3454 870,3455 913,3456 956,3457 998,3458 1041,3459 1084,3460 1127,3461"/>
                <TextEquiv>
                    <Unicode>auf das Sommergastspiel einer Berliner</Unicode>
                </TextEquiv>
            </TextLine>
            <TextLine id="r1l54" custom="readingOrder {index:53;}">
                <Coords points="258,3488 442,3515 1075,3504 1142,3541 1143,3483 1094,3459 1056,3482 799,3455 258,3466"/>
                <Baseline points="266,3494 309,3494 352,3493 396,3493 439,3494 483,3494 526,3495 569,3495 613,3496 656,3497 700,3498 743,3499 786,3500 830,3501 873,3501 917,3502 960,3502 1003,3503 1047,3502 1090,3502 1134,3501"/>
                <TextEquiv>
                    <Unicode>Schauspiellruppe warten. Mitunter mag es</Unicode>
                </TextEquiv>
            </TextLine>
            <TextLine id="r1l55" custom="readingOrder {index:54;}">
                <Coords points="263,3545 1135,3552 1074,3504 443,3515 263,3491"/>
                <Baseline points="271,3536 313,3537 356,3538 399,3539 442,3539 485,3540 527,3541 570,3542 613,3543 656,3544 699,3544 741,3545 784,3545 827,3546 870,3546 913,3546 955,3546 998,3546 1041,3546 1084,3545 1127,3545"/>
                <TextEquiv>
                    <Unicode>sich auch ereignen, daß der Zufall einer Wohl¬</Unicode>
                </TextEquiv>
            </TextLine>
            <TextLine id="r1l56" custom="readingOrder {index:55;}">
                <Coords points="264,3577 1138,3601 1113,3546 264,3551"/>
                <Baseline points="272,3582 314,3582 357,3583 400,3583 443,3584 486,3584 529,3585 571,3586 614,3587 657,3587 700,3588 743,3589 786,3589 829,3590 871,3591 914,3592 957,3592 1000,3592 1043,3593 1086,3593 1129,3593"/>
                <TextEquiv>
                    <Unicode>tätigkeitsvorstellung uns einige Schnitzlersche</Unicode>
                </TextEquiv>
            </TextLine>
            <TextLine id="r1l57" custom="readingOrder {index:56;}">
                <Coords points="253,3621 1144,3647 1145,3598 254,3578"/>
                <Baseline points="262,3621 305,3622 349,3623 393,3624 436,3625 480,3626 524,3626 567,3627 611,3628 655,3629 699,3630 742,3630 786,3631 830,3632 873,3632 917,3633 961,3634 1004,3634 1048,3635 1092,3636 1136,3636"/>
                <TextEquiv>
                    <Unicode>Einakter bringt. Einer solchen verdanken wir</Unicode>
                </TextEquiv>
            </TextLine>
            <TextLine id="r1l58" custom="readingOrder {index:57;}">
                <Coords points="261,3702 1150,3722 1152,3657 262,3633"/>
                <Baseline points="270,3672 313,3671 357,3670 401,3669 444,3669 488,3669 532,3670 575,3671 619,3672 663,3673 707,3675 750,3677 794,3678 838,3679 881,3681 925,3682 969,3683 1012,3683 1056,3683 1100,3683 1144,3682"/>
                <TextEquiv>
                    <Unicode>auch die Bekanntschaft mit der in Berlin</Unicode>
                </TextEquiv>
            </TextLine>
            <TextLine id="r1l59" custom="readingOrder {index:58;}">
                <Coords points="256,3746 1133,3760 1094,3721 959,3710 257,3703"/>
                <Baseline points="263,3744 306,3744 349,3744 392,3744 435,3745 478,3746 521,3746 564,3747 607,3748 650,3749 694,3751 737,3752 780,3753 823,3754 866,3755 909,3757 952,3757 995,3759 1038,3760 1081,3761 1125,3761"/>
                <TextEquiv>
                    <Unicode>längst gewürdigten prächtigen Studie „Der</Unicode>
                </TextEquiv>
            </TextLine>
            <TextLine id="r1l60" custom="readingOrder {index:59;}">
                <Coords points="261,3785 1019,3822 1105,3811 1136,3774 262,3747"/>
                <Baseline points="269,3789 311,3789 354,3789 397,3790 440,3791 483,3792 526,3793 569,3795 612,3797 655,3798 698,3799 740,3801 783,3802 826,3803 869,3804 912,3805 955,3805 998,3805 1041,3805 1084,3804 1127,3802"/>
                <TextEquiv>
                    <Unicode>Puppenspieler“, deren Erstaufführung sich die</Unicode>
                </TextEquiv>
            </TextLine>
            <TextLine id="r1l61" custom="readingOrder {index:60;}">
                <Coords points="252,3825 1039,3861 1128,3841 1129,3797 1022,3819 253,3798"/>
                <Baseline points="260,3828 303,3829 346,3830 389,3832 432,3834 475,3835 518,3836 561,3838 604,3839 647,3841 690,3842 733,3843 776,3844 819,3845 862,3846 905,3846 948,3847 991,3847 1034,3848 1077,3848 1120,3848"/>
                <TextEquiv>
                    <Unicode>Wiedergabe der Einakter „Die letzten Masken“</Unicode>
                </TextEquiv>
            </TextLine>
            <TextLine id="r1l62" custom="readingOrder {index:61;}">
                <Coords points="256,3876 1131,3893 1132,3844 999,3879 959,3845 752,3867 721,3841 257,3831"/>
                <Baseline points="264,3873 309,3874 354,3875 399,3877 444,3878 490,3879 535,3880 580,3882 625,3883 670,3884 716,3885 761,3886 806,3887 851,3888 896,3889 942,3889 987,3890 1032,3891 1077,3891 1123,3892"/>
                <TextEquiv>
                    <Unicode>und „Literatur“ anschloß. Das Beste, was</Unicode>
                </TextEquiv>
            </TextLine>
            <TextLine id="r1l63" custom="readingOrder {index:62;}">
                <Coords points="249,3942 345,3915 1101,3946 1147,3934 1149,3884 1046,3906 251,3874"/>
                <Baseline points="258,3917 302,3917 346,3918 390,3919 434,3920 478,3921 522,3922 566,3924 610,3925 654,3926 699,3928 743,3930 787,3931 831,3932 875,3934 919,3935 963,3937 1007,3938 1051,3939 1095,3940 1140,3941"/>
                <TextEquiv>
                    <Unicode>das Burgtheater und das Josefstädter Theater</Unicode>
                </TextEquiv>
            </TextLine>
            <TextLine id="r1l64" custom="readingOrder {index:63;}">
                <Coords points="244,3982 604,3983 671,3951 741,3985 841,3969 998,3998 1032,3952 582,3920 245,3940"/>
                <Baseline points="252,3961 290,3961 329,3961 367,3961 406,3962 445,3962 483,3963 522,3964 560,3965 599,3967 638,3968 676,3969 715,3971 753,3973 792,3973 831,3975 869,3976 908,3977 946,3978 985,3978 1024,3979"/>
                <TextEquiv>
                    <Unicode>an Schauspielkräften besitzt, hat sich</Unicode>
                </TextEquiv>
            </TextLine>
            <TextLine id="r1l65" custom="readingOrder {index:64;}">
                <Coords points="248,3999 1148,4040 1149,3993 1113,3981 735,3986 671,3951 605,3984 249,3968"/>
                <Baseline points="256,3999 300,4001 344,4002 388,4003 432,4005 477,4006 521,4008 565,4009 609,4010 653,4011 698,4012 742,4013 786,4014 830,4015 874,4017 919,4018 963,4019 1007,4020 1051,4022 1095,4023 1140,4025"/>
                <TextEquiv>
                    <Unicode>den Dienst der — nebst dem wohltätigen Zweck</Unicode>
                </TextEquiv>
            </TextLine>
            <TextLine id="r1l66" custom="readingOrder {index:65;}">
                <Coords points="239,4064 460,4056 515,4078 556,4052 616,4083 774,4063 980,4082 1023,4065 1024,4037 281,4017 241,3990"/>
                <Baseline points="247,4050 285,4050 323,4051 362,4052 400,4052 439,4053 477,4054 516,4055 554,4055 593,4056 631,4057 669,4058 708,4059 746,4060 785,4061 823,4062 862,4063 900,4064 939,4065 977,4065 1016,4066"/>
                <TextEquiv>
                    <Unicode>auch literarisch — guten Sache gestellt.</Unicode>
                </TextEquiv>
            </TextLine>
            <TextEquiv>
                <Unicode>10. Der Puppenspieler
'ephon 12801.
Samen für Zeitungs-Ausschnitte
ASERVER“
„Konz. Bureau für Zeitungsberichte u. Personalpachrichten
Wien, I., Concordiaplatz 4.
Vertretungen
in, Budapest, Chicago, Genf, London, New-Vork
aris. Rom, Mailand, Stockholm, Christiania, St. Petersburg
(Quellenangabe ohne Gewähr.))
Ausschnitt aus: emez ericerc
TAla
voni:
20
—
lnfer Korrespondent stelegraphiert aus Wien:
Der zu wohltätigem Zwecke im Carltheater veran¬
staltete Schnitzler=Abend brachte nur geteilte
Wirkung hervor. „Letzte Masken“ ergriffen durch
die nexvonerregend wahre Verkörperung Rademachers
durch Heine. „Der Puppenspieler“ für Wien
Novität, brachte es zu keiner tieferen Wirkung, weil
zn'skizzenhaft und an inneren Widersprüchen krankend.
####o der in der Titelrolle eine feinziselierte
Charakterstädie
dot, wurde lebhaft gerufen.
„Litteratur“ zum ersten Mal mit Burgschau¬
spielern besetzt, amüsierte durch die echtrassige, flotte
Darstellung der Frau Retty als
Margarethe,
Preßlers als gräfliches Gigerl und Heines köstlich un¬
erschämten Gilbert.
eteptien 12801.
Alex. Weigls Unternehmen für Zeitungs-Ausschnitte
„OBSERVER“
L. österr. behördl. konz. Bureau für Zeitungsberichte u. Personalnachrichten
Wien, I., Concordiaplatz 4.
Vertretungen
in Berlin, Budapest, Chicago, Genf, London, New-Vork,
T’aris, Rom, Mailand, Stockholm, Christiania, St. Petersburg.
(Quellenangabe ohne Gewähr.)
Ausschnitt aus: da7 Zerne dain
vom:
G
Watene
Da bot ein im Karl¬
theater veranstalteler Arthur Schnitz¬
ler=Abend schon mehr des Genusses. Arthur
Schnitzler ist gegenwärtig von den Wiener
Bühnen, so unglaublich es erscheinen mag,
so viel wie verbannt. Wollen wir ihn von
der Bühne herab genießen, so müssen wir
auf das Sommergastspiel einer Berliner
Schauspiellruppe warten. Mitunter mag es
sich auch ereignen, daß der Zufall einer Wohl¬
tätigkeitsvorstellung uns einige Schnitzlersche
Einakter bringt. Einer solchen verdanken wir
auch die Bekanntschaft mit der in Berlin
längst gewürdigten prächtigen Studie „Der
Puppenspieler“, deren Erstaufführung sich die
Wiedergabe der Einakter „Die letzten Masken“
und „Literatur“ anschloß. Das Beste, was
das Burgtheater und das Josefstädter Theater
an Schauspielkräften besitzt, hat sich
den Dienst der — nebst dem wohltätigen Zweck
auch literarisch — guten Sache gestellt.</Unicode>
            </TextEquiv>
        </TextRegion>
        <TextRegion orientation="0.0" id="r2" custom="readingOrder {index:1;}">
            <Coords points="1329,284 1329,3719 2877,3719 2877,284"/>
            <TextLine id="r2l1" custom="readingOrder {index:0;}">
                <Coords points="1321,315 1378,331 1513,312 1583,329 1728,326 1778,294 1778,251 1712,261 1688,247 1617,268 1571,253 1488,274 1363,254 1321,278"/>
                <Baseline points="1329,317 1355,315 1381,314 1407,314 1433,313 1459,313 1485,313 1511,314 1537,314 1563,314 1589,314 1615,314 1641,314 1667,314 1693,313 1719,312 1745,311 1771,309"/>
                <TextEquiv>
                    <Unicode>box 34//9</Unicode>
                </TextEquiv>
            </TextLine>
            <TextLine id="r2l2" custom="readingOrder {index:1;}">
                <Coords points="1616,1084 1765,1095 1850,1072 1908,1096 1949,1079 2001,1103 2080,1102 2118,1086 2119,1004 2062,1024 1901,995 1814,1015 1776,994 1730,1031 1685,1013 1617,1026"/>
                <Baseline points="1624,1064 1649,1068 1675,1070 1700,1072 1726,1073 1751,1074 1777,1074 1803,1074 1828,1074 1854,1074 1879,1073 1905,1072 1930,1071 1956,1071 1982,1071 2007,1071 2033,1072 2058,1073 2084,1076 2110,1079"/>
                <TextEquiv>
                    <Unicode>W,</Unicode>
                </TextEquiv>
            </TextLine>
            <TextLine id="r2l3" custom="readingOrder {index:2;}">
                <Coords points="2049,1346 2431,1341 2460,1323 2460,1278 2401,1255 2365,1271 2334,1261 2266,1273 2242,1254 2179,1253 2102,1282 2048,1281"/>
                <Baseline points="2057,1314 2083,1315 2109,1315 2136,1316 2162,1316 2189,1316 2215,1315 2241,1315 2268,1315 2294,1315 2321,1314 2347,1314 2373,1313 2400,1313 2426,1312 2453,1311"/>
                <TextEquiv>
                    <Unicode>Telephon 12801.</Unicode>
                </TextEquiv>
            </TextLine>
            <TextLine id="r2l4" custom="readingOrder {index:3;}">
                <Coords points="1684,1415 2506,1422 2819,1395 2818,1352 2466,1320 2405,1359 1986,1367 1914,1337 1683,1387"/>
                <Baseline points="1692,1406 1750,1406 1809,1406 1868,1406 1927,1406 1986,1406 2045,1405 2104,1405 2163,1404 2222,1403 2280,1402 2339,1401 2398,1399 2457,1398 2516,1396 2575,1394 2634,1392 2693,1391 2752,1388 2811,1386"/>
                <TextEquiv>
                    <Unicode>Alex. Weigls Unternehmen für Zeilüngs-Ausschnitte</Unicode>
                </TextEquiv>
            </TextLine>
            <TextLine id="r2l5" custom="readingOrder {index:4;}">
                <Coords points="1879,1543 2523,1526 2568,1496 2646,1502 2642,1423 1985,1442 1876,1496"/>
                <Baseline points="1886,1537 1923,1531 1961,1526 1998,1521 2036,1518 2073,1516 2111,1514 2148,1513 2186,1512 2223,1511 2261,1511 2299,1510 2336,1509 2374,1507 2411,1506 2449,1503 2486,1500 2524,1496 2561,1490 2599,1484 2637,1476"/>
                <TextEquiv>
                    <Unicode>„OBSERVER“</Unicode>
                </TextEquiv>
            </TextLine>
            <TextLine id="r2l6" custom="readingOrder {index:5;}">
                <Coords points="1702,1632 2825,1585 2824,1542 2701,1517 2574,1553 2160,1522 2031,1563 1701,1558"/>
                <Baseline points="1709,1599 1764,1598 1819,1597 1875,1596 1930,1596 1986,1595 2041,1595 2096,1595 2152,1595 2207,1594 2263,1594 2318,1593 2373,1592 2429,1591 2484,1590 2540,1589 2595,1587 2650,1585 2706,1582 2761,1579 2817,1575"/>
                <TextEquiv>
                    <Unicode>L. österr. behördl. konz. Bureau für Zeitungsberichte u. Personalnachrichten</Unicode>
                </TextEquiv>
            </TextLine>
            <TextLine id="r2l7" custom="readingOrder {index:6;}">
                <Coords points="1886,1662 1961,1689 2069,1667 2664,1678 2664,1618 2586,1605 2171,1610 2127,1633 2083,1611 2050,1634 1886,1614"/>
                <Baseline points="1894,1664 1932,1663 1970,1663 2008,1662 2046,1662 2084,1661 2122,1661 2160,1660 2198,1660 2236,1660 2275,1659 2313,1659 2351,1658 2389,1658 2427,1657 2465,1656 2503,1655 2541,1655 2579,1654 2617,1652 2656,1651"/>
                <TextEquiv>
                    <Unicode>Wien, I., Concordiaplatz 4.</Unicode>
                </TextEquiv>
            </TextLine>
            <TextLine id="r2l8" custom="readingOrder {index:7;}">
                <Coords points="2116,1732 2141,1736 2161,1723 2187,1733 2229,1722 2267,1733 2288,1723 2349,1732 2411,1719 2410,1681 2397,1676 2342,1686 2295,1666 2271,1684 2234,1689 2203,1669 2185,1679 2151,1668 2115,1672"/>
                <Baseline points="2123,1719 2148,1718 2173,1717 2199,1716 2224,1716 2249,1716 2275,1716 2300,1716 2325,1715 2351,1715 2376,1715 2402,1714"/>
                <TextEquiv>
                    <Unicode>Vertretungen</Unicode>
                </TextEquiv>
            </TextLine>
            <TextLine id="r2l9" custom="readingOrder {index:8;}">
                <Coords points="1703,1765 2779,1771 2829,1754 2828,1713 2292,1751 1702,1736"/>
                <Baseline points="1710,1772 1765,1773 1821,1773 1876,1773 1932,1772 1987,1772 2043,1771 2098,1770 2154,1769 2209,1768 2265,1767 2321,1766 2376,1764 2432,1763 2487,1761 2543,1760 2598,1759 2654,1758 2709,1757 2765,1757 2821,1756"/>
                <TextEquiv>
                    <Unicode>in Berlin, Budapest, Chicago, Genf, London, New-Tork,</Unicode>
                </TextEquiv>
            </TextLine>
            <TextLine id="r2l10" custom="readingOrder {index:9;}">
                <Coords points="1707,1832 2758,1823 2831,1801 2831,1763 1706,1789"/>
                <Baseline points="1714,1814 1769,1813 1824,1812 1880,1811 1935,1810 1991,1809 2046,1808 2102,1808 2157,1807 2213,1806 2268,1805 2323,1805 2379,1804 2434,1804 2490,1803 2545,1802 2601,1802 2656,1801 2712,1800 2767,1800 2823,1799"/>
                <TextEquiv>
                    <Unicode>Taris, Rom, Mailand, Stockholm, Christiania, St. Petersburg.</Unicode>
                </TextEquiv>
            </TextLine>
            <TextLine id="r2l11" custom="readingOrder {index:10;}">
                <Coords points="1985,1880 2022,1887 2081,1862 2266,1881 2356,1854 2384,1881 2537,1854 2536,1818 2454,1807 2434,1821 2413,1806 2284,1813 2261,1832 2206,1811 2060,1833 1984,1823"/>
                <Baseline points="1993,1862 2019,1862 2046,1861 2073,1860 2100,1859 2127,1859 2153,1858 2180,1857 2207,1856 2234,1856 2261,1855 2287,1854 2314,1854 2341,1854 2368,1853 2395,1853 2421,1853 2448,1853 2475,1853 2502,1854 2529,1855"/>
                <TextEquiv>
                    <Unicode>(Quellenangabe ohne Gewähr.)</Unicode>
                </TextEquiv>
            </TextLine>
            <TextLine id="r2l12" custom="readingOrder {index:11;}">
                <Coords points="1695,1998 2138,1985 2206,1943 2884,2005 2884,1924 2739,1887 2608,1930 2356,1887 2163,1928 1695,1926"/>
                <Baseline points="1703,1975 1761,1971 1820,1968 1879,1964 1937,1962 1996,1961 2055,1960 2113,1959 2172,1959 2231,1959 2290,1960 2348,1960 2407,1961 2466,1962 2524,1963 2583,1964 2642,1964 2700,1965 2759,1966 2818,1966 2877,1966"/>
                <TextEquiv>
                    <Unicode>Ausschnitt aus: Wiener beben</Unicode>
                </TextEquiv>
            </TextLine>
            <TextLine id="r2l13" custom="readingOrder {index:12;}">
                <Coords points="1703,2058 1782,2084 1897,2066 1956,2085 2191,2072 2219,2055 2217,1983 2023,1990 1904,2034 1702,2023"/>
                <Baseline points="1711,2069 1736,2069 1761,2070 1786,2071 1811,2072 1836,2073 1861,2074 1886,2075 1911,2076 1936,2076 1961,2076 1986,2076 2011,2075 2036,2074 2061,2072 2086,2070 2111,2068 2136,2065 2161,2061 2186,2055 2211,2050"/>
                <TextEquiv>
                    <Unicode>vom: 247M</Unicode>
                </TextEquiv>
            </TextLine>
            <TextLine id="r2l14" custom="readingOrder {index:13;}">
                <Coords points="1914,2194 2297,2167 2444,2186 2551,2166 2550,2136 2488,2117 2184,2137 2135,2121 1913,2153"/>
                <Baseline points="1922,2176 1953,2175 1984,2174 2015,2174 2046,2172 2077,2171 2108,2170 2139,2169 2170,2168 2201,2167 2232,2166 2263,2165 2294,2164 2325,2164 2356,2163 2387,2163 2418,2162 2449,2162 2480,2162 2511,2163 2543,2163"/>
                <TextEquiv>
                    <Unicode>Arthur Schnitzler-Abend.</Unicode>
                </TextEquiv>
            </TextLine>
            <TextLine id="r2l15" custom="readingOrder {index:14;}">
                <Coords points="2098,2223 2106,2223 2109,2226 2112,2223 2126,2223 2134,2229 2145,2230 2156,2218 2170,2218 2169,2183 2148,2184 2144,2181 2131,2189 2125,2186 2112,2188 2109,2192 2097,2189"/>
                <Baseline points="2106,2218 2134,2219 2162,2216"/>
                <TextEquiv>
                    <Unicode>A</Unicode>
                </TextEquiv>
            </TextLine>
            <TextLine id="r2l16" custom="readingOrder {index:15;}">
                <Coords points="1816,2253 1901,2278 2143,2237 2666,2251 2722,2232 2721,2193 2464,2184 2406,2212 2266,2173 2091,2224 1989,2181 1815,2231"/>
                <Baseline points="1824,2258 1868,2255 1913,2253 1957,2251 2002,2249 2046,2248 2091,2246 2135,2245 2180,2244 2224,2242 2269,2241 2314,2240 2358,2239 2403,2238 2447,2237 2492,2236 2536,2236 2581,2235 2625,2234 2670,2233 2715,2231"/>
                <TextEquiv>
                    <Unicode>Im Carltheäter wurde Montag den 12. De¬</Unicode>
                </TextEquiv>
            </TextLine>
            <TextLine id="r2l17" custom="readingOrder {index:16;}">
                <Coords points="1720,2311 2679,2300 2730,2272 2606,2239 1719,2282"/>
                <Baseline points="1728,2308 1777,2306 1827,2304 1877,2303 1927,2301 1976,2298 2026,2297 2076,2295 2126,2294 2175,2293 2225,2291 2275,2290 2325,2288 2374,2287 2424,2286 2474,2284 2524,2283 2573,2282 2623,2281 2673,2280 2723,2279"/>
                <TextEquiv>
                    <Unicode>zember zu wohltätigem Zweck ein Arthur</Unicode>
                </TextEquiv>
            </TextLine>
            <TextLine id="r2l18" custom="readingOrder {index:17;}">
                <Coords points="1720,2362 2671,2349 2735,2320 2642,2285 1719,2332"/>
                <Baseline points="1727,2356 1777,2354 1827,2352 1877,2350 1927,2348 1977,2347 2027,2345 2077,2343 2127,2342 2177,2340 2227,2338 2277,2336 2327,2335 2377,2334 2427,2332 2477,2331 2527,2330 2577,2329 2627,2328 2677,2328 2727,2327"/>
                <TextEquiv>
                    <Unicode>Schnitzler-Abend veranstaltet, der drei</Unicode>
                </TextEquiv>
            </TextLine>
            <TextLine id="r2l19" custom="readingOrder {index:18;}">
                <Coords points="1726,2401 1855,2425 2387,2380 2657,2394 2735,2354 1725,2362"/>
                <Baseline points="1734,2404 1783,2402 1833,2400 1883,2397 1932,2395 1982,2394 2032,2392 2081,2390 2131,2389 2181,2387 2231,2386 2280,2385 2330,2384 2380,2383 2429,2382 2479,2381 2529,2380 2578,2379 2628,2378 2678,2377 2728,2376"/>
                <TextEquiv>
                    <Unicode>Stücke dieses Autors und zwar „die letzten</Unicode>
                </TextEquiv>
            </TextLine>
            <TextLine id="r2l20" custom="readingOrder {index:19;}">
                <Coords points="1728,2459 2630,2456 2745,2439 2744,2392 1727,2424"/>
                <Baseline points="1736,2452 1786,2449 1836,2447 1886,2445 1936,2443 1986,2442 2036,2440 2086,2439 2136,2438 2186,2437 2236,2436 2286,2435 2336,2434 2386,2434 2436,2433 2486,2432 2536,2431 2586,2430 2636,2429 2686,2427 2737,2426"/>
                <TextEquiv>
                    <Unicode>Masken“, zum erstenmale den „Puppen¬</Unicode>
                </TextEquiv>
            </TextLine>
            <TextLine id="r2l21" custom="readingOrder {index:20;}">
                <Coords points="1738,2529 2748,2531 2748,2491 2522,2466 2458,2495 2069,2464 1976,2501 1948,2474 1738,2485"/>
                <Baseline points="1747,2522 1796,2524 1846,2525 1895,2526 1945,2527 1995,2527 2044,2527 2094,2526 2144,2526 2193,2525 2243,2524 2293,2524 2342,2523 2392,2522 2442,2521 2491,2521 2541,2520 2591,2520 2640,2521 2690,2522 2740,2522"/>
                <TextEquiv>
                    <Unicode>spieler“ und „Literatur“ zur Aufführung</Unicode>
                </TextEquiv>
            </TextLine>
            <TextLine id="r2l22" custom="readingOrder {index:21;}">
                <Coords points="1733,2588 1930,2561 2001,2589 2627,2588 2739,2541 1732,2534"/>
                <Baseline points="1741,2572 1790,2573 1840,2575 1889,2575 1939,2576 1988,2576 2038,2576 2087,2576 2137,2576 2186,2576 2236,2575 2286,2574 2335,2573 2385,2572 2434,2572 2484,2571 2533,2570 2583,2570 2632,2569 2682,2569 2732,2569"/>
                <TextEquiv>
                    <Unicode>brachte. Die kleine Studie „der Puppen¬</Unicode>
                </TextEquiv>
            </TextLine>
            <TextLine id="r2l23" custom="readingOrder {index:22;}">
                <Coords points="1733,2633 2745,2618 2744,2592 2498,2571 1733,2594"/>
                <Baseline points="1741,2619 1790,2621 1840,2622 1890,2622 1940,2623 1989,2623 2039,2623 2089,2623 2139,2623 2188,2623 2238,2622 2288,2622 2338,2621 2387,2620 2437,2620 2487,2619 2537,2619 2586,2618 2636,2618 2686,2617 2736,2617"/>
                <TextEquiv>
                    <Unicode>spieler“ bringt, wie viele Dramen des Autors,</Unicode>
                </TextEquiv>
            </TextLine>
            <TextLine id="r2l24" custom="readingOrder {index:23;}">
                <Coords points="1733,2664 1916,2690 2257,2657 2339,2688 2744,2671 2744,2635 2692,2621 1733,2633"/>
                <Baseline points="1741,2668 1790,2669 1840,2670 1890,2670 1940,2671 1990,2671 2039,2671 2089,2671 2139,2671 2189,2670 2239,2670 2288,2669 2338,2669 2388,2668 2438,2667 2488,2667 2537,2666 2587,2665 2637,2664 2687,2663 2737,2662"/>
                <TextEquiv>
                    <Unicode>Vergangenheit auf die Gegenwart gepfropft.</Unicode>
                </TextEquiv>
            </TextLine>
            <TextLine id="r2l25" custom="readingOrder {index:24;}">
                <Coords points="1733,2711 2087,2739 2747,2723 2747,2682 2706,2668 1733,2692"/>
                <Baseline points="1741,2717 1790,2717 1840,2717 1890,2717 1940,2718 1990,2718 2040,2718 2090,2718 2140,2718 2190,2718 2240,2718 2289,2717 2339,2717 2389,2717 2439,2716 2489,2715 2539,2714 2589,2713 2639,2712 2689,2710 2739,2709"/>
                <TextEquiv>
                    <Unicode>Der Musikus Jagisch wurde vor so und soviel</Unicode>
                </TextEquiv>
            </TextLine>
            <TextLine id="r2l26" custom="readingOrder {index:25;}">
                <Coords points="1741,2769 2752,2769 2752,2734 2629,2719 1741,2734"/>
                <Baseline points="1749,2764 1798,2765 1848,2766 1898,2766 1948,2766 1998,2766 2047,2766 2097,2766 2147,2766 2197,2765 2247,2765 2296,2764 2346,2763 2396,2763 2446,2762 2496,2762 2545,2761 2595,2760 2645,2760 2695,2760 2745,2759"/>
                <TextEquiv>
                    <Unicode>Jahren an einem traulichen Abend von seinem</Unicode>
                </TextEquiv>
            </TextLine>
            <TextLine id="r2l27" custom="readingOrder {index:26;}">
                <Coords points="1725,2798 2328,2830 2747,2799 2716,2765 2110,2790 1725,2767"/>
                <Baseline points="1733,2808 1783,2808 1833,2809 1884,2810 1934,2810 1984,2811 2035,2811 2085,2811 2135,2810 2186,2810 2236,2810 2286,2810 2337,2809 2387,2809 2437,2809 2488,2808 2538,2808 2588,2808 2639,2808 2689,2808 2740,2808"/>
                <TextEquiv>
                    <Unicode>Freunde Merklin zum Scherz in ein Liebesspiel</Unicode>
                </TextEquiv>
            </TextLine>
            <TextLine id="r2l28" custom="readingOrder {index:27;}">
                <Coords points="1737,2867 2739,2853 2738,2821 2648,2814 1737,2820"/>
                <Baseline points="1744,2858 1793,2858 1842,2858 1892,2858 1941,2858 1990,2858 2040,2858 2089,2858 2138,2858 2188,2857 2237,2857 2286,2857 2336,2856 2385,2856 2434,2856 2484,2855 2533,2854 2582,2854 2632,2853 2681,2853 2731,2852"/>
                <TextEquiv>
                    <Unicode>mit der schönen Anna verwickelt, aus dem</Unicode>
                </TextEquiv>
            </TextLine>
            <TextLine id="r2l29" custom="readingOrder {index:28;}">
                <Coords points="1732,2905 2738,2902 2609,2854 1732,2875"/>
                <Baseline points="1739,2904 1788,2904 1838,2905 1887,2905 1937,2906 1987,2906 2036,2906 2086,2906 2135,2906 2185,2905 2235,2905 2284,2905 2334,2904 2383,2904 2433,2903 2483,2902 2532,2902 2582,2901 2631,2900 2681,2900 2731,2899"/>
                <TextEquiv>
                    <Unicode>später Ernst und eine Heirat mit Jagisch ge¬</Unicode>
                </TextEquiv>
            </TextLine>
            <TextLine id="r2l30" custom="readingOrder {index:29;}">
                <Coords points="1736,2956 2710,2960 2736,2916 1736,2923"/>
                <Baseline points="1745,2951 1794,2953 1843,2954 1892,2955 1941,2955 1991,2956 2040,2956 2089,2956 2138,2955 2187,2955 2237,2954 2286,2954 2335,2953 2384,2953 2433,2952 2483,2951 2532,2950 2581,2949 2630,2948 2679,2948 2729,2947"/>
                <TextEquiv>
                    <Unicode>worden ist. Die feurigen Blicke Annas, die sie</Unicode>
                </TextEquiv>
            </TextLine>
            <TextLine id="r2l31" custom="readingOrder {index:30;}">
                <Coords points="1744,3011 2741,3008 2740,2964 2657,2952 2608,2986 2542,2956 2084,2982 1743,2957"/>
                <Baseline points="1752,3002 1801,3002 1850,3002 1899,3002 1948,3002 1997,3002 2046,3001 2095,3001 2144,3001 2193,3001 2242,3001 2291,3000 2340,3000 2389,2999 2438,2999 2487,2998 2536,2998 2585,2997 2634,2996 2683,2995 2733,2994"/>
                <TextEquiv>
                    <Unicode>damals Jagisch zuwarf, galten Merklin, dem</Unicode>
                </TextEquiv>
            </TextLine>
            <TextLine id="r2l32" custom="readingOrder {index:31;}">
                <Coords points="1738,3050 2503,3066 2640,3033 2719,3058 2739,3007 2490,3030 2450,3004 2378,3034 2327,3007 1737,3014"/>
                <Baseline points="1745,3044 1794,3046 1843,3047 1893,3049 1942,3050 1991,3050 2041,3050 2090,3051 2139,3051 2189,3050 2238,3050 2287,3050 2337,3049 2386,3048 2435,3048 2485,3047 2534,3046 2583,3045 2633,3045 2682,3044 2732,3043"/>
                <TextEquiv>
                    <Unicode>Puppenspieler, der Jagisch und Anna wie</Unicode>
                </TextEquiv>
            </TextLine>
            <TextLine id="r2l33" custom="readingOrder {index:32;}">
                <Coords points="1738,3097 2746,3100 2616,3046 1932,3081 1738,3050"/>
                <Baseline points="1746,3095 1795,3095 1845,3096 1894,3096 1944,3096 1994,3096 2043,3096 2093,3096 2142,3096 2192,3096 2242,3096 2291,3096 2341,3096 2390,3095 2440,3095 2490,3095 2539,3095 2589,3094 2638,3094 2688,3093 2738,3093"/>
                <TextEquiv>
                    <Unicode>Puppen an Schnüren führte. Die glückliche</Unicode>
                </TextEquiv>
            </TextLine>
            <TextLine id="r2l34" custom="readingOrder {index:33;}">
                <Coords points="1729,3163 2748,3135 2721,3102 1830,3119 1729,3094"/>
                <Baseline points="1737,3145 1787,3145 1837,3145 1887,3145 1937,3145 1988,3145 2038,3145 2088,3145 2138,3146 2188,3146 2239,3146 2289,3146 2339,3146 2389,3145 2439,3145 2490,3145 2540,3144 2590,3143 2640,3143 2690,3142 2741,3140"/>
                <TextEquiv>
                    <Unicode>Ehe der Beiden, die Merklin nach sovielen</Unicode>
                </TextEquiv>
            </TextLine>
            <TextLine id="r2l35" custom="readingOrder {index:34;}">
                <Coords points="1735,3190 2510,3213 2718,3198 2746,3158 1735,3160"/>
                <Baseline points="1744,3194 1793,3194 1843,3194 1893,3194 1942,3193 1992,3193 2042,3193 2091,3193 2141,3193 2191,3192 2241,3192 2290,3192 2340,3191 2390,3191 2439,3190 2489,3190 2539,3190 2588,3189 2638,3189 2688,3188 2738,3188"/>
                <TextEquiv>
                    <Unicode>Jahren findet, treibt diesen aus dem glücklichen</Unicode>
                </TextEquiv>
            </TextLine>
            <TextLine id="r2l36" custom="readingOrder {index:35;}">
                <Coords points="1738,3243 2743,3257 2694,3193 1870,3225 1738,3202"/>
                <Baseline points="1745,3238 1794,3239 1843,3239 1893,3240 1942,3240 1992,3241 2041,3241 2091,3241 2140,3241 2190,3241 2239,3240 2288,3240 2338,3240 2387,3240 2437,3239 2486,3239 2536,3239 2585,3239 2635,3239 2684,3238 2734,3239"/>
                <TextEquiv>
                    <Unicode>Heim. Jarno spielte die Titelrolle vorzüglich,</Unicode>
                </TextEquiv>
            </TextLine>
            <TextLine id="r2l37" custom="readingOrder {index:36;}">
                <Coords points="1832,3294 2751,3286 2751,3262 2589,3243 1832,3253"/>
                <Baseline points="1839,3284 1884,3286 1929,3287 1974,3288 2019,3289 2065,3289 2110,3290 2155,3291 2200,3291 2245,3291 2291,3291 2336,3291 2381,3290 2426,3290 2471,3289 2517,3289 2562,3288 2607,3287 2652,3287 2697,3286 2743,3285"/>
                <TextEquiv>
                    <Unicode>so Claar (Jagisch) und Frieda Wagen</Unicode>
                </TextEquiv>
            </TextLine>
            <TextLine id="r2l38" custom="readingOrder {index:37;}">
                <Coords points="1870,3351 2276,3333 2391,3360 2736,3328 2619,3293 1870,3299"/>
                <Baseline points="1879,3335 1921,3335 1964,3336 2006,3336 2049,3336 2091,3336 2134,3336 2176,3336 2219,3336 2261,3336 2304,3336 2346,3336 2389,3336 2431,3335 2474,3335 2516,3335 2559,3334 2601,3333 2644,3333 2686,3332 2729,3331"/>
                <TextEquiv>
                    <Unicode> ihre Partien. In den „letzten Mas¬</Unicode>
                </TextEquiv>
            </TextLine>
            <TextLine id="r2l39" custom="readingOrder {index:38;}">
                <Coords points="1861,3395 2637,3399 2746,3388 2746,3345 1861,3353"/>
                <Baseline points="1869,3377 1912,3380 1955,3381 1999,3382 2042,3383 2086,3383 2129,3384 2172,3384 2216,3383 2259,3383 2303,3383 2346,3382 2389,3382 2433,3381 2476,3381 2520,3381 2563,3381 2606,3381 2650,3382 2693,3382 2737,3384"/>
                <TextEquiv>
                    <Unicode>und in „Literatur“ zeigte Herr Heine</Unicode>
                </TextEquiv>
            </TextLine>
            <TextLine id="r2l40" custom="readingOrder {index:39;}">
                <Coords points="1973,3453 2747,3436 2747,3396 2668,3389 2615,3408 1973,3394"/>
                <Baseline points="1981,3430 2018,3430 2056,3431 2094,3431 2132,3431 2170,3432 2208,3432 2246,3432 2284,3432 2322,3432 2360,3431 2397,3431 2435,3431 2473,3431 2511,3430 2549,3430 2587,3430 2625,3429 2663,3429 2701,3428 2739,3428"/>
                <TextEquiv>
                    <Unicode>Heiteren wie im Tragischen seine</Unicode>
                </TextEquiv>
            </TextLine>
            <TextLine id="r2l41" custom="readingOrder {index:40;}">
                <Coords points="1727,3440 1738,3444 1774,3434 1812,3452 1843,3441 1855,3450 1884,3437 1887,3382 1861,3381 1844,3362 1789,3409 1756,3403 1739,3383 1731,3382"/>
                <Baseline points="1736,3429 1764,3430 1792,3431 1820,3434 1848,3435 1876,3437"/>
                <TextEquiv>
                    <Unicode>8040</Unicode>
                </TextEquiv>
            </TextLine>
            <TextLine id="r2l42" custom="readingOrder {index:41;}">
                <Coords points="1728,3493 1763,3495 1774,3486 1810,3493 1821,3485 1835,3493 1857,3483 1878,3493 1907,3469 1925,3471 1926,3449 1877,3436 1855,3450 1842,3441 1815,3455 1792,3438 1773,3434 1754,3437 1743,3448 1729,3446"/>
                <Baseline points="1736,3477 1762,3476 1788,3475 1814,3476 1840,3477 1866,3477 1892,3478 1918,3479"/>
                <TextEquiv>
                    <Unicode>Kraft.</Unicode>
                </TextEquiv>
            </TextLine>
            <TextLine id="r2l43" custom="readingOrder {index:42;}">
                <Coords points="2037,3476 2183,3501 2238,3472 2265,3491 2488,3469 2512,3488 2763,3487 2763,3464 2641,3432 2567,3451 2037,3448"/>
                <Baseline points="2045,3478 2080,3479 2116,3480 2151,3481 2187,3481 2222,3481 2258,3481 2293,3481 2329,3480 2364,3480 2400,3479 2435,3478 2471,3478 2506,3477 2542,3477 2577,3477 2613,3477 2648,3477 2684,3477 2719,3478 2755,3479"/>
                <TextEquiv>
                    <Unicode>Retty und Herr Treßler,</Unicode>
                </TextEquiv>
            </TextLine>
            <TextLine id="r2l44" custom="readingOrder {index:43;}">
                <Coords points="1731,3524 2644,3551 2755,3515 2682,3482 1731,3492"/>
                <Baseline points="1739,3524 1789,3525 1839,3526 1890,3526 1940,3527 1991,3527 2041,3528 2091,3528 2142,3529 2192,3529 2243,3529 2293,3529 2343,3529 2394,3529 2444,3529 2495,3529 2545,3528 2595,3528 2646,3528 2696,3527 2747,3527"/>
                <TextEquiv>
                    <Unicode>namentlieetztere, gaben wackere Gestalten</Unicode>
                </TextEquiv>
            </TextLine>
            <TextLine id="r2l45" custom="readingOrder {index:44;}">
                <Coords points="1734,3585 1759,3582 1772,3594 1783,3584 1808,3589 1837,3577 1947,3597 2002,3577 2003,3533 1916,3544 1904,3534 1882,3540 1858,3532 1825,3547 1804,3529 1779,3539 1735,3524"/>
                <Baseline points="1742,3569 1767,3572 1792,3573 1817,3575 1842,3575 1868,3576 1893,3576 1918,3576 1943,3575 1968,3575 1994,3575"/>
                <TextEquiv>
                    <Unicode>Schnitzle</Unicode>
                </TextEquiv>
            </TextLine>
            <TextLine id="r2l46" custom="readingOrder {index:45;}">
                <Coords points="2266,3700 2293,3714 2315,3701 2325,3713 2368,3707 2438,3732 2451,3720 2481,3729 2503,3722 2518,3737 2531,3726 2552,3731 2555,3660 2516,3666 2478,3655 2462,3667 2444,3656 2373,3667 2325,3656 2267,3669"/>
                <Baseline points="2274,3693 2301,3695 2328,3697 2355,3699 2382,3701 2409,3704 2436,3706 2463,3707 2490,3707 2517,3706 2545,3704"/>
                <TextEquiv>
                    <Unicode> </Unicode>
                </TextEquiv>
            </TextLine>
            <TextEquiv>
                <Unicode>box 34//9
W,
Telephon 12801.
Alex. Weigls Unternehmen für Zeilüngs-Ausschnitte
„OBSERVER“
L. österr. behördl. konz. Bureau für Zeitungsberichte u. Personalnachrichten
Wien, I., Concordiaplatz 4.
Vertretungen
in Berlin, Budapest, Chicago, Genf, London, New-Tork,
Taris, Rom, Mailand, Stockholm, Christiania, St. Petersburg.
(Quellenangabe ohne Gewähr.)
Ausschnitt aus: Wiener beben
vom: 247M
Arthur Schnitzler-Abend.
A
Im Carltheäter wurde Montag den 12. De¬
zember zu wohltätigem Zweck ein Arthur
Schnitzler-Abend veranstaltet, der drei
Stücke dieses Autors und zwar „die letzten
Masken“, zum erstenmale den „Puppen¬
spieler“ und „Literatur“ zur Aufführung
brachte. Die kleine Studie „der Puppen¬
spieler“ bringt, wie viele Dramen des Autors,
Vergangenheit auf die Gegenwart gepfropft.
Der Musikus Jagisch wurde vor so und soviel
Jahren an einem traulichen Abend von seinem
Freunde Merklin zum Scherz in ein Liebesspiel
mit der schönen Anna verwickelt, aus dem
später Ernst und eine Heirat mit Jagisch ge¬
worden ist. Die feurigen Blicke Annas, die sie
damals Jagisch zuwarf, galten Merklin, dem
Puppenspieler, der Jagisch und Anna wie
Puppen an Schnüren führte. Die glückliche
Ehe der Beiden, die Merklin nach sovielen
Jahren findet, treibt diesen aus dem glücklichen
Heim. Jarno spielte die Titelrolle vorzüglich,
so Claar (Jagisch) und Frieda Wagen
 ihre Partien. In den „letzten Mas¬
und in „Literatur“ zeigte Herr Heine
Heiteren wie im Tragischen seine
8040
Kraft.
Retty und Herr Treßler,
namentlieetztere, gaben wackere Gestalten
Schnitzle
 </Unicode>
            </TextEquiv>
        </TextRegion>
    </Page>
</PcGts>
