3344 4352
174 310 1257 397 10. Der Puppenspieler
264 1127 473 1234 end
704 1438 1119 1533 Telephon 12801.
338 1498 1469 1630 Alex. Weigls Unternehmen für Zeitungs-Ausschnitte
526 1595 1288 1741 „EOSEKUER·
344 1693 1482 1803 Lösterr. behördl. konz. Bureau für Zeitungsberichte u. Persenalrachrichten
550 1768 1299 1877 Wien, I., Concordiaplatz 4.
770 1854 1094 1909 Vertretungen
397 1885 1485 1978 n Berlin, Budapest, Chicago, Genf, London, New-Vork,
354 1940 1490 2012 Paris, Rom, Mailand, Stockholm, Christiania, St. Petersburg.
646 1979 1210 2063 (Quellenangabe ohne Gewähr.
373 2086 1511 2173 Ausschnitt auaypeiter Zeitung, Wien
593 2162 816 2253 3. 72.1904
388 2216 564 2278 vom:
591 2273 1306 2389 Theater und Kunst.
485 2361 1517 2442 Carl=Theater. Zu Gunsten eines humanitären Instituts
388 2407 1526 2501 wurden gestern drei Schnitzler sche Einakter unter Mitwirlung
391 2450 1528 2541 von Schauspielern vornehmer Wiener Bühnen aufgeführt. „Die
394 2493 1518 2587 letzten Masken“ und die sittige Burleske „Literatur“
395 2544 1539 2646 sind unserem Publikum von zwei früheren Darstellungen her
386 2588 1543 2696 bekannt. Ueber den Krankenhausszenen des ersten Stückes lag
397 2638 1531 2744 gestern nicht die Stimmung des Grausig=Lächerlichen, auf die es
405 2679 1536 2776 der Dichter hier abgesehen hat. Herr Treßler als der tuberkulöse
407 2727 1538 2825 Schmierenschauspieler ließ sich doch allzusehr von seinem parodisti¬
396 2781 1547 2875 schen Uebermut fortreißen. Bei Herrn Heine kam trotz allem
408 2824 1550 2923 äußerlichen technisch tadellosen Naturalismus das verzehrende
404 2864 1575 2958 innere Feuer des Rademacher nicht zum Vorschein. Herrn Erich #
395 2943 1543 3023 Schmidt lag die Rolle des Wehgast durchaus nicht. Die
409 2999 1542 3072 anderen Rollen waren unvergleichlich minderwertigen Kräften
410 3041 1544 3123 anvertrant. Dagegen wirkte „Literatur“ in der Darstellung durch
412 3088 1550 3164 Frau Retty und die Herren Treßler und Heine
401 3150 1551 3211 außerordentlich. Namentlich der zweite fand hier den richtigen
406 3182 1557 3259 cynischen Ton des aufschneiderischen Bohemelileraten. Zwischen
406 3226 1549 3315 den genannten Stücken wurde eine hier noch nicht
419 3267 1543 3361 aufgeführte Studie „Der Puppenspieler“
410 3322 1551 3401 gegeben, die eine jener verunglückten Künstlerexistenzen vorführt,
419 3372 1559 3445 denen das Leben mit glücklichem Betrug die Schutzvorstellung
418 3412 1554 3487 unermeßlicher innerer Kraft gegeben hat, so daß sie, immer tiefer
423 3460 1558 3543 in den Abgrund sinkend, auf den Gipfeln zu wandeln glauben.
417 3502 1558 3587 Daneben wird angedeutet, daß, wie schrecklich auch eine fremde
430 3551 1562 3632 Macht in unser Schicksal sich einmengen mag, kein Zauber
431 3601 1569 3684 besteht, den nicht der eigene, zum Guten strebende Wille lösen
431 3659 1562 3733 könnte. Aber über Andeutungen kommt das Stück eigentlich nicht
438 3693 1562 3772 hinaus, eine dramatische Spannung stellt sich nicht ein und in der
433 3744 1571 3827 psychologischen Entwicklung ist allzuviel Verkünsteltes. Herr
435 3793 1566 3872 Jarno und Herr Claar sowie Frau Wagen suchten sich
439 3835 1526 3914 nach Möglichkeit in die Gestalten des Dichters einzufühlen. —
418 3891 1260 3985 Der Beifall war nach allen Stücken sehr stark.
1403 296 1859 384 box 34/9
2333 186 2825 241 Quellenangabe ohne Gewahr.
2029 261 2499 341 Ausschnitt aus:
2291 264 3101 411 efinstriertes Wiener Extrablatt
2025 376 2222 439 vom:
2227 495 2918 613 Theaterzeitung.
2192 596 3074 664 Carl=Theater. Arthur Schnitzler=Abend
2083 645 3078 710 zu Gunsten des unter dem Protectorate Ihrer Durch¬
2080 703 3085 746 laucht der Frau Fürstin Lothar Metternich=Winne¬
2081 709 3087 767 burg stehenden Ersten öffentlichen Kinder=Kranken¬
2086 755 3081 806 instnuts in Wien. — Es wurden drei von den geist¬
2090 802 3086 852 reichen Einactern gespielt, in denen Schnitzler, als
2094 829 3088 888 wollte er mit ein paar unheimlichen letzten Wahrheiten
2087 886 3092 928 über Wesen und Gewicht des dichterischen Berufes um
2089 905 3087 979 jeden Preis mit Hilfe der Phantasie, der Speculation
2094 941 3083 999 oder des abwehrenden Lächelns, fertig werden, das
2086 981 3094 1046 unsichere Verhältniß von Scheinen und Sein, von
2102 1010 3098 1078 Schaffen und Leben, von Dichten und Spielen
2101 1056 3088 1119 immer wieder, immer heftiger und hartnäckiger,
2645 1089 3095 1148 heimtückischer könnte
2090 1106 2558 1151 immer schlauer, immer
2090 1128 3095 1186 man sagen, angeht, um es von einer neuen
2097 1164 3096 1223 Seite her, in einem anderen Licht, an einem noch
2098 1199 3102 1262 verborgeneren Ende seiner Bedeutsamkeit abzufassen.
2094 1246 3100 1305 Das endgiltige Product an dauernder Wahrbeit, der
2110 1275 3099 1335 Schatz von Documenten der Zeiteultur, der mit
2105 1316 3100 1378 dieser sonderbar hartnäckigen und ein wenig an¬
2094 1348 3105 1409 gestrengten Arbeit aufgespeichert wird, läßt sich vor¬
2096 1379 3096 1446 läufig nicht klar bestimmen. Sicher ist aber, daß wir
2104 1422 3103 1485 diesem dramatischen Eingehen in's Feinste und
2113 1459 3106 1524 Abstracteste auf möglichst engem Raum, Erweiterungen
2104 1492 3107 1564 der Technik verdanken, für die in der modernen
2112 1527 3108 1597 Literatur Schnitzler einzig und allein der Dank und
2106 1574 3110 1646 der Ruhm gebührt. Seine in bewußtem Raffinement
2105 1618 3117 1679 auf's Höchste gesteigerte Gabe, ein menschliches
2113 1648 3107 1709 Verhältniß, das ihn interessirt, von Punkt zu
2115 1680 3117 1753 Punkt heller und schärfer aufleuchten zu lassen,
2109 1728 3111 1777 ohne daß ihm die Reibungen einer äußeren Hand¬
2121 1755 3106 1822 lung dazu dienen müssen, hat beträchtliche Gebiete,
2114 1798 3112 1858 die vordem der Novelle reservirt waren, dem leben¬
2111 1835 3112 1901 digen Genuß des Bühnenspieles eröffnet. In diesen
2117 1868 3096 1937 Einactern der letzten Jahre — schon von „Paracelsus“
2121 1901 3113 1973 angefangen — hat sich seine Kunst, ein nicht sehr
2122 1938 3133 2013 großes Stück jener nicht sehr concreten Welt von
2115 1984 3115 2046 Fragen und Problemen immer tiefer, immer ge¬
2112 2018 3120 2087 wundener zu durchhöhlen, auf ihrer erstaunlichsten Höhe
2123 2069 3126 2124 gezeigt. Von den drei Stücken, die gestern gegeben
2117 2096 3119 2159 wurden, war „Der Puppenspieler“ neu für Wien.
2113 2135 3125 2200 Er wächst bevenklicher in die Speculation hinein, als
2123 2169 3126 2240 alle anderen Versuche des Dichters auf jenem nebel¬
2117 2208 3126 2270 reichen Gebiet, das er so zu lieben scheint. Ein
2121 2262 3113 2315 Mensch, der, den Stolz des Dichters über alle
2123 2283 3122 2355 Grenzen der Kunst hinaustreibend, sich vermißt,
2125 2317 3116 2385 Schicksal zu spielen, die Menschen wie Puppen nach
2121 2366 3115 2423 seinem Willen zu dirigiren. Er hat einmal in dieser
2124 2418 3121 2456 Laune ein Mädchen und einen armen jungen
2130 2432 3128 2500 Menschen zusammengeführt; er wollte für dieses
2122 2471 3131 2538 Mal iyr Schicksal sein. Da er sie nach vielen Jahren
2135 2505 3117 2575 wieder findet, friedlich, bürgerlich, glücklich ver¬
2124 2557 3122 2608 heiratet, während er heimlos und glücklos herumirrt,
2126 2588 3132 2646 setzt er noch immer seinen schöpferischen Stolz des
2129 2617 3128 2686 Menschen=Puppenspielers gegen ihre lächelnde, satte
2132 2654 3124 2726 Zufriedenheit, wie sehr er auch fühlenmuß, daß sich das
2138 2691 3132 2763 Schicksal an ihm rächt, daß es seine Spiele stört und
2129 2719 3126 2804 zu anderen Zielen führt daß es ihm selbst Nichts
2129 2767 3134 2834 mehr als sein Spiel gelassen hat, daß er eigentlich
2138 2809 3134 2875 ein Verdammter ist, wo er sich Herrscher und Lenker
2139 2843 3137 2914 glaubte. Dies wird mit einem vornehmen Ernst, mit
2142 2884 3127 2947 einer discreten Hochachtung vor dem Machtbewußt¬
2132 2931 3133 2981 sein des Dichters, auch auf dieser verstiegenen Höhe
2131 2955 3127 3025 vorgetragen, so daß in keinem Moment die schöne
2133 2990 3135 3058 Bedeutsamkeit des Vorwurfes angetastet wird. Freilich,
2139 3034 3131 3099 die große Schwierigkeit, dem Zuschauer festen
2145 3067 3124 3129 Glauben an den Bestand einer so kühnen, so seltsam
2145 3105 3130 3170 erhabenen Lebenslüge zu juggeriren, ihn zum deut¬
2144 3143 3137 3207 lichen Festhalten der allzu feinen Uebergänge vom
2139 3183 3131 3247 Willen zur Phantasie, von der Phantasie zur Wirk¬
2139 3217 3133 3284 lichkeit zu zwingen, hat der Dichter hier nicht ganz
2142 3254 3137 3317 überwinden können. Es bleibt etwas dem Drama¬
2141 3303 3136 3361 tischen ganz Fremdes zurück, das sich beim Lesen nicht
2149 3338 3127 3396 und nicht, auf der Bühne ganz rein auflöst. Das
2141 3367 3143 3440 Stück wurde von Herrn Jarno, der die Titelrolle
2142 3405 3128 3476 gab, in seiner sehr gescheiten und energischen Art,
2151 3440 3135 3508 von Herrn Claar und Frau Waagen annehmbar
2149 3480 3142 3548 gut gespielt. Vorher wurden „Die letzten Masken“
2141 3523 3128 3582 und „Literatur" gegeben, Beide von dem Gastspiel der
2146 3553 3140 3616 Berliner und von den Aufführungen am Volks¬
2147 3598 3141 3655 theater her dem Publicum bekannt. Herr Treßler
2145 3630 3138 3701 zeigte als Schauspieler Jackwerth und als Clemens
2147 3668 3134 3729 seine außerordentlichen Fertigkeiten im Finden
2157 3705 3144 3766 kleiner, lustiger, parodistischer, tyvisch charakteri¬
2152 3743 3141 3809 sirender Nuancen, seine schnelle, einfallsreiche.
2147 3787 3143 3841 übermüthig frohe Kunst der Verwandlung — also
2150 3820 3141 3880 der eigentlichsten Schauspielerei. Herr Heine wandte
2159 3851 3154 3919 sein scharfes Temverament, das im verbissenen
2153 3889 3146 3948 Grimm des Journalisten Rademacher sehr beweglich
2158 3925 3152 3993 stöhnte und stürmte, in der Rolle des Literaten
2153 3959 3147 4020 Gilbert parodistisch um und brachte damit eine
2164 4000 3149 4063 Leistung voll wirksamster Ironie heraus. Als
2165 4039 3146 4104 Margarethe zeigte Frau Retty ihren Charme ein¬
2161 4073 3146 4137 mal von einer anderen, schlimmeren Seite, aber er
2982 4111 3124 4168 w. h.
2149 4125 2743 4187 war darum nicht weniger süß.
