3344 4352
155 226 1226 341 10. Der Puppenspieler
488 449 1171 542 Schnitzler im Volkstheater.
578 518 1406 617 A. S. Wieder einmal entschloß man sich in
484 557 1395 662 der Stadt der Lieder (ach, wie garstig llngen
491 616 1400 705 ihre Melodien!), einen Schnitzler=Abend einzu¬
478 664 1392 745 schmuggeln. Man wählte dre. Einakter, die sonst
485 706 1397 794 in anderem Reigen aufgeführt zu werden pfleg¬
476 769 1380 832 ten: den „Puppen, peler“, den „grünen Kakabu“
478 815 1388 887 und die „Komtesse Mizzl“. Daß man in diesen
468 856 1394 933 tiefschürfenden, nachdenklichen Lebensbildern,
473 888 1396 998 die äußerlich keine Verb ndung auswesen, aber
478 946 1391 1034 innerlich doch solche Zusammenhänge in sich
1029 1007 1060 1034 —*
469 989 1392 1084 bergen, Bassermann und Monsi sah, schaffo für
461 1045 1379 1112 das wackere Volkstheaterinventar wahrlich keine
467 1090 1384 1178 lechten Aufgaben. Onno spielte den Georg und
460 1155 1389 1217 den Henri — ##e Rollen der erwähnten großen
466 1207 1383 1274 Berliner — und man merkte deutlich, daß er
461 1236 1375 1316 sie gründlich durchgearbeitet, sich völlig in den
470 1290 1373 1373 Gest des Dichters h.neinversetzt hat. Hoffentlich
467 1325 1375 1423 war die in erster Reihe stimmliche Kopierung
468 1387 1377 1469 Harry Waldens nur Zufall, nicht Absicht. Bis¬
464 1425 1381 1517 wellen vermeinte man, wenn man die Augen
461 1468 1371 1564 schloß, wirklich den Herrn Direktor der
468 1532 1381 1607 Renaissancebüne dort oben gastierend zu hören,
451 1583 1374 1661 der ja heute im eigenen Hem Schnitzlor wie
461 1617 1370 1711 einst im Mai des Burgtheaters mimen soll. Von
452 1668 1366 1746 den vielen braven Männlein und Weiblein, de
454 1719 1366 1817 das Volkstheater unter Rosenchals verläßlicher
447 1764 1370 1842 Spielleitung ins Treffen geschickt, sei vor allem
448 1807 1362 1897 Homma genannt, der Trad tion im besten Sinne
447 1869 1360 1941 des Wortes bleibt. Das ist noch Ener, der
446 1913 1363 1992 eigentlich nie spielt, sondern immer lebt, echt und
457 1962 1361 2034 ungekünstelt, ein Mensch in jeder Maske und Ge¬
306 1967 351 2049 4
442 2009 1359 2092 stalt. De Herren Schldkraut, Dietz und Ranzen¬
444 2061 1362 2126 hofer seien gleichfalls summa cum laude
448 2107 1369 2202 zitiert. Bei Fräulein Woiwode wollen wir uns
445 2160 1363 2238 auf „cum laude“ beschränben. Uebrigens: die
437 2192 1360 2293 37 Jahre glaubt hr keiner. Das Haus war natür¬
452 2240 1349 2336 lich halb leer. Solange Arthur Schnitzler, der
447 2295 1355 2393 bescheiden im Hintergrunde einer Loge allen
444 2342 1353 2433 Hervorrufen der Stehparterre=Enthusiasten
445 2389 1346 2476 trotzte, nicht nach zehn Uhr nachts ins Café
441 2436 1348 2528 Exquisit übersiedelt, muß er sich an solche Er¬
434 2482 856 2568 gebnisse gewöhnen ..
290 2611 601 2700 —
388 2608 1512 2727 (Dertsches Volkstheater.) Die drei Einakter Schnitz¬
263 2679 1491 2771 slexs. die das Plaudertalent des Dichters in farben###
281 2722 1471 2793 Abwechslung strahlen lassen, bereichern ein Theaterrepertoir
291 2769 1468 2849 immer anregend, wenn sie ausschließlich den Wunsch ans¬
295 2799 1472 2885 lösen, das am Ende weniger (reden) mehr wäre . . Von ihnen
285 2844 1479 2928 ist „Der Puppenspieler“ der am wenigsten erquickliche, weil
289 2879 1488 2966 er ein Problem stellt, das ein Erlebnis mit Worten dar¬
296 2918 1479 3011 stellt. Dazu sind weder Herr Onno, noch Frl. Trebirsch
301 2962 1480 3043 leichtblütig genug, Schnitzlerschen Dialog zu belelen. Herr
296 3011 1491 3083 Nowotny ist immer sympathisch und anregend. Im „Grunenf
1312 3053 1362 3124 220
557 3235 1390 3342 Winen Montags Jourasi, Wienr
1171 3419 1443 3498 Nr. 1983
576 3434 935 3503 15. März 1920
265 3551 1467 3650 Kakadu“ brilliert diesmal der junge Schildkraut mit sei¬
288 3621 1473 3677 nem feurigen Talent, das allerdings nach der rhelorischen
290 3648 1468 3710 Seite noch der strammen Zucht bedarf. Frl. Woiwode is
291 3699 1474 3743 eine blendend schöne Leokadie, Herr Iwald ein wirksamer
291 3726 1478 3783 Rollin, Frl. Gebühr wächst zu einem sehr hübschen Talent
292 3770 1476 3843 heraus. Das sprühende Stück wird farbensatt abgeführt. In
297 3811 1480 3869 „Komtesse Mizzi“ dieser Prasselnden Satyre auf feudale Skru¬
295 3847 1473 3909 pellosigkeit, spielt diesmal Frl. Woiwode die ledige Mutter
295 3883 1492 3944 ganz ergötzlich, wenn auch nicht so zungenscharf wie ihre un¬
298 3928 1483 3986 nittelbare Vorgängerin. Die Herren Homma und Iwaid
309 3975 1479 4033 und Frl. Föry ergänzen das köstliche Ensemble des Jumor¬
309 4028 1492 4062 vollen Einakters. Im Ganzen ein wirklich anregender Abend,
727 4040 1474 4111 sentimentale Vergleiche mit „einstmals“
312 4055 721 4122 wenn er auch etwas
305 4093 528 4158 auslöst ..
1391 224 1835 323 box 34/9
1842 366 3015 495 Theater, Kunit und Musik.
2002 469 3016 539 Neuinszenier Schnitlerscher Einakter. Am
1846 520 3016 601 Dfeutschen Volke##ater wurde „Der Puppen¬
1859 568 3011 646 shieler“ mit Ferkinand Onno als Merklin gegeben.
1847 608 3021 674 Roch immer [dtrotz Onnos feiner Analyse des
1853 656 3020 721 Charakters d Spiel mit Schicksal und Tod, in matten
1850 706 3027 774 Tönen gent##t, eine beschwerte Stimmung aus. Es folgte
1860 742 3020 814 die Grot#ske „Der grüne Kakadu“, die dafür kräf¬
1850 780 3028 859 tigste, Garben auflegt. Das Vorherrschen eines kritisch
1854 826 3027 893 wägenden Verstandes über den Affekt erzengt Schnitzlers
1857 871 3031 939 spezifische Technik des Versteckten, Geistreich=Paradoxen,
1854 915 3023 979 des Zwielicht, in dem er z. B. den schauspielernden Ver¬
1865 952 3030 1034 brecher vom verbrecherischen Schauspieler nicht mehr
1864 1013 3035 1070 unterscheidbar macht. An Seite Onnos müssen
2258 1052 3040 1105 Homma, Ranzenhofer und
1860 1062 2240 1125 Schildkraut,
1864 1084 3039 1165 Teubler, sämtliche von eindringlichster Charakteristik,
1867 1129 3039 1212 gerühmt werden. Das Stück selbst ist mit seiner als
1873 1167 3045 1256 selbstverständlich lächelnd hingestellten moralischen Fäul¬
1869 1210 3058 1297 nis seither nicht wohlriechender geworden, tro#'der geisti¬
1867 1265 3036 1329 gen Essenzen, die darüber gegossen sind, ##l Härry Wal¬
1873 1330 3040 1373 den brachte auf der Renaissancebühne die „Ko¬
1875 1344 3040 1428 mödie der Worte“ selbst Träger der Hauptrollen,
1875 1388 3034 1474 am bedeutendsten in der „Großen Szene“ Wieder sind
1877 1434 3035 1516 viele Worte um Schnitzlers unerquickliches Problem des
1879 1461 3043 1540 Ehebruches gerankt; die Variationen wollen aber in ihrer
1868 1516 3051 1621 Eigenart, nicht im Verhältnis zum Thema genommen
2866 1567 3032 1638 grag.—
1879 1591 2106 1657 verdn
2819 1621 2891 1676 EOT
1976 1645 3030 1751 Schuitler=Abende. Eleich ein halbes Dutzend Einatter“
1868 1711 3017 1796 von Arthur Schnitzter ist an zwei aufeinanderfolgenden
1883 1760 3024 1834 Abenden neuinszeniert gespielt worden, im Volksthcater
1871 1810 3032 1895 drei der besten aus älterer Zeit und in der Renaissance¬
1878 1856 3029 1933 Bühne der aus dem Burgtheater übernommene Zyklus
1883 1910 3020 1980 „Komödic der Worte“. Nächst einzelnen Novellen hat Schnitzler
1881 1955 3021 2036 im Einakter sein bestes Gelingen zu verzeichnen, hier hat er
1880 2003 3012 2090 oft theatralische Spannung aus Angelegenheiten von gering¬
1889 2069 3018 2122 wertiger Substanz zu holen gewußt. Beeinträchtigt wird diese
1893 2100 3035 2170 Wirkung, im Gegensatz zu ähnlichen Werken französischer
1886 2142 3026 2220 Provenienz, leider durch eine gewisse Gedunsenheit der in¬
1885 2200 3020 2281 neren Form, kein Zeichen von völliger Gesundheit, doch kann
1894 2244 3024 2322 hierüber gute Darstellung einigermaßen hinweghelfen. Beide
1887 2294 3021 2372 Abende boten denn auch schauspielerisch Verdienstliches. Im
1893 2344 3035 2417 Volkstheater war es besonders erfreulich, wieder die große
1896 2399 3038 2455 Verwandlungsfähigkeit Hans Hommas zu sehen, der im
1896 2446 3012 2510 „Grünen Kakadu“ einem Strolch und in der „Komtesse Mizzi“
1895 2514 3027 2563 einem alten Grafen prächtigste Lebendigkeit verlieh. Des fer¬
1893 2561 3039 2611 neren hatten Lina Woiwode und Ferdinand Onno an
1885 2588 3026 2669 dem Erfolg wesentlichen Anteil, Fräulein Worwode als Kom¬
1898 2632 3032 2705 tesse Migzi und in dem (übrigens zu lärmend gespielten) Re¬
1892 2675 3033 2767 volutionsdrama mit warmblütiger Laune, Onno überschäu¬
1894 2738 3024 2805 mend vor vornehmer Zurückhaltung. Im „Puppenspieler“
1893 2783 3037 2851 strahlte Martha Trebitsch leider nicht die Sonnigkeit aus,
1892 2824 3036 2907 di das freundliche Haus des Oboespielers erfüllen soll. Wal¬
1897 2895 3035 2949 ther Dietz fiel in zwei Rollen als junger Kavalier angenehm
1895 2925 3035 2999 auf. In der Renaissance=Bühne stand Harry Walden in
1903 2971 3048 3052 allen drei Stücken im Mittelpunkt der Darstellung. Er spricht
1908 3034 3048 3103 ####t manchmal etwas zu schleppend, manchmal gerät auch ein
1898 3082 3038 3147 dazustimmendes saloppes Gehen an die Grenze der Manier;
1905 3122 3051 3198 immerhin noch ohne dem feinen künstlerischen Reiz wesentlich
1911 3164 3050 3237 Abbruch zu tun: Er spielte in der „Stunde des Erkennens“
1910 3220 3041 3303 den zuwidern Gatten, der zehn Jahre gewartet hat, den Fehl¬
1910 3286 3048 3355 tritt seiner Frau zu strafen, mit nötigem Spießertum. Dem
1911 3319 3031 3387 unentwegt siegreichen Komödianten in der „Großen Szene“
1913 3378 3046 3452 gab er manches brillaute Detail, der Dichter im „Bacchusfest,
1919 3415 3044 3493 stat voll gewinnender Ironie. Im erstgenannten Stück war
1917 3469 3048 3546 Frieda Walden seine berlinerisch forsche Partnerin, im
1906 3528 3064 3603 zweiten Lola Kneidinger reizend schön und vornehm, im
2608 3564 2702 3653 17
2249 3608 2989 3697 e
1855 3618 2166 3703 eee en
2226 3669 2985 3732 reuemm rech
1858 3694 2986 3782 dritten Nora Herbert sehr niedlich. Kleinigkeiten abge¬
1859 3738 3007 3840 rechnet (der Jüngling, der zum Hofschauspieler Rechenschaft
1864 3783 2988 3879 fordern kommt, war schmerzlich), erweckt die Aufführung die
1856 3832 3025 3927 günstigste-Meinung auch über den Svielleiten Peden. M. M. —
2010 3890 2123 3971 gene
2652 3905 3050 3992 Fec e Nlr. 1920
2225 3904 2649 4009 Wienes Mtg.
3041 2572 3116 2657 0
