3392 4320
289 982 654 1083 oesC
640 1159 1034 1254 Telephon 12801.
274 1218 1404 1333 Alex. Weigls Unternehmen für Zeitungs-Ausschhitto
462 1320 1228 1437 „OBSERVER“
283 1428 1398 1525 L. österr. behördl. konz. Bureau für Zeitungsberichte u. Personalnachrichten
471 1494 1232 1585 Wien, I., Concordiaplatz 4.
690 1565 989 1630 Vertretungen
280 1601 1379 1687 in Berlin, Budapest, Chicago, Genf, London, New-Tork,
277 1651 1398 1725 Paris, Rom, Mailand, Stockholm, Christiania, St. Petersburg.
546 1703 1116 1780 (Quellenangabe ohne Gewähr.)
267 1757 1424 1901 Ausschnitt Alsrarisches Centralblatt, Leipzig
277 1906 462 1963 vom:
259 1963 1427 2057 Pen Winer Wostlaligteisvorstelung halten wir es zu dauten¬
288 2043 1411 2104 daß wir Arthur Schnitzlers Studie „Der Puppenspieler“
288 2087 1429 2143 erstmalig zu fehen beramen. Eine im wahrsten Sinne des
290 2143 1434 2195 Wortes feine Arbeit, voll jener geschmeidigen Ironie, die
282 2188 1437 2239 wir bei Schnitzler niemals zu bewundern müde werden.
282 2225 1431 2286 Georg Merklin hat sich ein Idealreich gegründet und lebt
288 2276 1435 2340 darin glücklich und zufrieden. Er hat mit den gewöhnlichen
292 2323 1439 2383 Menschenkindern nichts gemein. Er liebt es mit den Menschen
280 2383 1434 2430 geradeso zu spielen, wie mit dem Leben und den Puppen.
289 2429 1432 2479 Und da er so neben dem Leben geht, wird er ein glänzender
286 2475 1437 2534 Beobachter und stiftet manches Glück. Das Leben narrt er
292 2543 1443 2601 soviel als er nur vermag. „Dem wahren Künstler kann nie
301 2596 1447 2652 etwas einfallen, denn er hat alles in sich, er hat die innere
297 2642 1447 2703 Fülle. Das ist es, darauf kommt es an.“ Und so kommt
296 2682 1445 2741 es, daß dieser Weltironiker Merklin (er hat in seiner Jugend
292 2734 1447 2787 gedichtet) seine Stücke wohl durchlebt, aber niemals nieder¬
297 2778 1451 2837 schreibt. Einmal sagt er „Ruhm? Zehn Jahre, tausend
288 2826 1443 2887 Jahre, zehntausend? sag mir, in welchem Jahre die Unsterb¬
298 2882 1447 2934 lichkeit anfängt und ich will um meinen Ruhm besorgt sein.
306 2937 1450 2981 Reichtum? Zehn Gulden, tausend, eine Million? Sag' mir,
308 2984 1444 3034 um wieviel die Welt zu kaufen ist, und ich will mich um
305 3010 1451 3076 Reichtum bemühen. Vorläufig ist mir der Unterschied zwischen
301 3057 1460 3122 Armut und Reichtum, zwischen Dunkelheit und Ruhm zu
300 3107 1452 3180 gering, als daß es sich mir lohnte, einen Finger darum zu
306 3152 1455 3215 rühren. Laß mich spazieren gehen, Freund, und mit Menschen
296 3205 1457 3263 spielen. Das ist das einzige, was eines Menschen meiner
295 3249 1464 3306 Art würdig ist.“ Diese espritvolle Ironie geht durch das
298 3292 1456 3366 ganze Werk. Als Dichtung ist diese Studie gewiß keine
299 3341 1461 3416 hochbedeutsame Arbeit, aber sie zeigt uns den vornehmen
300 3399 1452 3464 und eleganten Filigrankünstler Schnitzler auf seiner Höhe.
304 3442 1453 3493 Bühnenwirkung hat dies Stück auch nicht sonderlich, aber
303 3489 1459 3551 es packt an einzelnen Stellen mit unbezwinglicher Ge¬
304 3535 1461 3596 walt. Die Aufnahme war eine überaus freundliche und
305 3580 1458 3650 vielleicht gibt dieser Erfolg dem einen oder dem anderen
302 3639 1452 3686 Theaterdirektor Wiens einigen Ansporn, das Stück in seinen
317 3683 796 3759 Spielplan aufzunehmen.
1059 3704 1420 3785 Rudolf Huppert.
2124 226 2531 332 Telephon 12801.
1747 187 1916 344 7
1767 329 2887 398 Alen. Weigls Unternehmen für Zeitungs-Ausschniito
1957 401 2702 539 „OBSERVER“
1769 504 2895 603 L. österr. behördl. konz. Bureau für Zeitungsberichte u. Personalnachrichten
1974 583 2722 671 Wien, I., Concordiaplatz 4.
2188 649 2491 720 Vortretungen
1783 699 2898 765 in Berlin, Budapest, Chicago, Genf, London, New-Vork,
1777 735 2898 822 Paris, Rom, Mailand, Stockholm, Christiania, St. Petersburg.
2061 786 2635 851 (Quellenangabe ohne Gewähr.)
2143 842 3123 975 u
1783 878 2146 988 Ausschhif
1786 1005 1979 1072 vom:
2443 1020 2752 1133 S
2167 1100 2559 1168 Wiener Peief.
1826 1136 2937 1220 (Originalbericht der „Jernationalen Kunst= und Theaterzeitung“.)
1821 1197 3012 1266 Ein „Arthur Schuitzler=Abend“, wie er am 12. Dezember im
1735 1232 3013 1319 Larl=Theater veranstaltetet wurde, gehört immer zu den bedeutendsten
1763 1365 3041 1444 Saisonereignissen des geistigen und literarischen Wien. Und dies um¬
1770 1445 3050 1499 somehr, wenn man weiß, wie selten dieser größte moderne Dramatiker
1772 1471 3044 1537 Oesterreichs in seiner Vaterstadt überhaupt zu Worte gelangt. Daher
1763 1525 3051 1580 ist es nicht hoch genug anzuschlagen, daß sich ein Ensemble namhafter
1769 1563 3052 1631 Schauspieler zusammengefunden hat, mit der löhlichen Absicht, drei
1765 1612 3057 1673 von den geistvollsten Stücken des Dichters in einer fein abgetönten
1768 1669 3041 1728 Darstellung dem Wiener Publikum vorzuführen. Man gab drei
1769 1708 3058 1778 kleine Einakter „Die letzten Masken“ und „Literatur“ — beide schon
1769 1750 3056 1816 durch Berliner Gastspiele hier flüchtig bekannt gemacht — ferner eine
1770 1789 3053 1859 Premiere: die feine psychologische Komödie „Der Puppenspieler“. Es
1768 1838 3058 1923 ist ein eigenes Verhängnis, das die Stücke Schnitzlers von den
1767 1895 3047 1964 Bühnen Wiens fernhält. Während sie für das Burgtheater, von
1777 1939 3060 2004 einigen farbloseren abgesehen, zu wenig dezent sind, sind sie für das
1772 1990 3060 2048 Volkstheater zu subtil und daher zu wenig kassenkräftig, so daß
1773 2054 3048 2095 nur noch das Theater in der Josefstadt in Betracht kommt, das an
1798 2079 3053 2144 seinen literorischen Abenden“ einige seiner kleinen Einakter aufgeführt
1773 2128 3058 2194 hat. Auch der zur erstmaligen Bühnendarstellung gebrachte Einakter
1787 2188 3110 2260 „Der Puppenspieler“ ist seiner Entstehung nach nicht mehr neuesten
1782 2239 3053 2292 Datums, da er schon vor nun 2 Jahren, — wenn ich mich nicht
1781 2286 2970 2340 irre, war es in der Pfingst=Nummer der „Neuen freien Presse“.
1779 2321 2502 2389 zum ersten Mal abgedruckt worden ist.
2587 2316 3062 2385 Georg Merklin ist ein
1775 2376 3059 2434 phantasiebegabter, junger Künster gewesen, der es in der Welt vielleicht
1783 2432 3063 2475 weit gebracht haben würde, hätte er es gelernt, sich ruhig an den
1770 2481 3057 2529 Schreibpult u setzen und zu schaffen. Da er soweit niemals ge¬
1777 2513 3057 2569 kommen, mehr sich damit begnügte, zu seiner eigenen Lust, gleich
1781 2558 3049 2614 einem Puppenspieler, an unsichtbaren Fäden das Schicksal anderer zu
1771 2607 3052 2652 leiten, so war er allmählich herabgekommen, arm und hilflos geworden.
1772 2654 3052 2718 In diesem Zustande hatte ihn auf der Straße ein alter Freund, der
1777 2691 3047 2755 Hautboist Jagitsch getroffen, der den sich Sträubenden endlich bewogen,
1780 2747 3047 2791 ihm in sein Haus zu folgen. Jagiisch hatte vor 11 Jahren in Ge¬
1778 2792 3046 2850 sellschaft seines Freundes Merklin einen unvergeßlichen, beglückenden
1774 2835 3051 2905 Abend verlebt, dem er sein Lebensglück verdankt. Merklin, der es
1778 2887 3050 2957 liebte, anderer Schicksale zu bestimmen, hatte nämlich damals an die
1781 2943 3062 2994 Seite des jungen und schüchternen Musikers die schöne Anna, eine
1773 2979 3059 3038 Freundin seiner Freundin Irene, gesetzt und sie beauftragt, mit ihrem
1778 3028 3061 3073 Nachbar verliebt zu tun. Das Mädchen war dem Wunsche des
1783 3074 3051 3141 Dichters — in den sie verliebt gewesen — auch nachgekommen, in
1768 3126 3053 3188 der geheimem Absicht aber, dessen Eifersucht zu erregen. — Während
1770 3169 3048 3221 sich die wiedergefundenen Freunde jenen Abend noch einmal vor
1771 3217 3055 3270 Augen rufen, tritt plötzlich Jagitschs Frau ein, und Merklin erkennt
1773 3273 3056 3324 dieselbe Anna, die er dereinst zum Gankelspiel mit seinem Freunde
1774 3312 3047 3363 beredet. Wieder freut er sich für einen Augenblick seines gelungenen
1776 3360 3046 3412 Puppenspieles, hat er doch beider Schicksale gestaltet, und seiner Laune
1776 3410 3051 3461 verdankt auch das blonde Töchterchen, der Augapfel seiner Eltern, das
1764 3437 3052 3514 Dasein. Und diese Frau, sie hatte ihn einst geliebt, und erst als sie
1771 3508 3043 3558 gesehen, daß er ihre Liebe nicht erwiderte, da hatte sie den anderen
1765 3546 3048 3604 genommen. Aber ach, derweil hatte sein Weib, das er sich genommen,
1777 3579 3051 3658 ihn verlassen, und sein eigenes Kind war gestorben. Da duldete es
1767 3638 3052 3692 den Unglücklichen nicht länger in dieser friedlichen Behausung, er weist
1766 3683 3052 3738 Herzlichkeit und Gastfreundschaft von sich und flüchtet hinaus als
2470 3726 3041 3791 Für die Gestalt des verlorenen
1767 3737 2422 3797 Bettler auf die ungastliche Straße.
1772 3783 3042 3855 Dichters fand Josef Jarno ergreifende Töne, Herr Claar spielte den
1730 3829 2987 4000 Zaglisch, Frida Wagen Frau Anna. — „Die letzten Masken“ erzielten
1706 3867 2982 4031 durch das flotte Spiel der Herren Heine. Treßler, Erich Schmidt
1700 3930 2982 4091 vom Burgtheater gleichfalls einen recht schönen Erfolg. Am stärksten
1703 3978 2973 4134 wirkte jedoch die satirische Komödie „Literatur“ mitf Leinen originellen
1697 4023 2960 4156 Typen und den scharfen und zutreffenden Peinnn
