3344 4256
141 111 1846 251 10. Der Puppenspieler box 34/9
901 1022 1309 1095 spRatz-
750 1079 1049 1144 Vertretungen
329 1126 1454 1181 in Berlin, Budapest, Chicago, Genf, London, New-Tork,
319 1168 1457 1223 Paris, Rom, Mailand, Stockholm, Christiania, St. Petersburg.
593 1214 1185 1299 (Quellenangabe ohne Gewähr.)
327 1310 817 1396 Ausschnitt pust
788 1296 1466 1433 Die Wage, Wien
327 1426 513 1490 vom:
179 1538 601 1631 Rudolph Lothar.
180 1626 624 1715 Vom Theater.
292 1725 1565 1785 Ein Wohltätigkeitsverein veranstaltete dieser Tage einen Arthur
186 1763 1572 1830 Schnitzler=Abend im Carltheater. Das war sehr wohlgetan, denn gewöhnlich
176 1823 1572 1881 muß man auf zugereiste Schauspielertruppen warten, um Schnitzler auf
184 1872 1578 1925 der Wiener Bühne zu begegnen. Seit einer Reihe von Jahren kommen
179 1916 1575 1981 seine Stücke in Berlin zur ersten Aufführung und der Wiener Dichter
186 1963 1572 2028 hat in Berlin eine künstlerische Heimat gefunden. Die Wiener Theater¬
177 2023 1580 2068 direktoren sind eben sehr vorsichtige Leute. Sie lassen Berlin den Vor¬
179 2073 1573 2124 rang, da sie ihrem eigenen Urteil nicht trauen. Daß es Verpflichtungen
183 2118 1575 2179 gegen heimische Poeten gibt, daran denken sie nicht. Seit Jahren werde
176 2157 1581 2225 ich nicht müde, auf diesen tragikomischen Zustand hinzuweisen. In den
183 2220 1579 2280 meisten Fällen schadet er nur Wien. Denn Schnitzler wurde, was er
188 2260 1584 2326 ist, auch ohne Unterstützung der Wiener Bühnen, es mag Richard Beer¬
184 2306 1578 2374 Hofmann gleichgültig sein, ob sein „Graf von Charolais“ der diese
180 2353 1582 2419 Woche in Berlin zur ersten Aufführung kommt und eines der schönsten
381 2404 1582 2471 en Werke ist die Jung=Wien hervorgebracht hat, früher oder
180 2415 331 2479 und 1#
192 2460 1584 2534 später in Wien erscheint. Hofmannsthal mag mit dem Erfolge seiner
189 2498 1575 2567 „Elettra“ in Berlin zufriede; sein und wird den Wiener Beifall kaum
193 2559 1576 2621 vermissen. Bahr erhielt den Yauernfeldpreis für den „Meister“ der auch
186 2609 1589 2665 erst über Berlin zu uns kam. Die Wiener Dichter sind eben dazu
190 2661 1584 2715 gebracht worden, in Berlin ihren Stützpunkt und den Ausgangspunkt
191 2710 1581 2776 für ihre Werke zu sehen. Es hat weder ihnen noch ihrem Entwicklungs¬
199 2759 1593 2814 gange geschadet. Aber es gibt auch Fälle, wo der Mangel an Initiative,
196 2795 1584 2862 das Ausbleiben der Unterstützung und Förderung der Wiener Kunst
189 2846 1591 2919 geschadet hat. Wien hat eine Spezialität. Im Burgtheater ist der
189 2896 1570 2956 Lustspielton, die Kunst der feinen, geschliffenen und ziselierten Konver¬
192 2952 1586 3011 sation zu einer in deutschen Landen unerreichten Höhe gebracht worden.
190 2990 1580 3049 Im Zeichen der anmutigen, pointenreichen, witzgesättigten Konversation
188 3046 1584 3108 stand das Wiener Gesellschaftsleben und stand also auch das Lustspiel,
191 3100 1585 3154 das dieses Leben spiegeln sollte. Zu seiner Entfaltung brauchte es zwei
195 3146 1581 3218 Faktoren: vor allem die Gesellschaft, aus der es seine Muster und
255 3239 1652 3366 Modelle holte, und die Verständnis hatte für den Scherz, mit dem ihm
247 3299 1641 3410 der Dichter seine Meinung sagte, und zweitens ein Theater, dessen Schau¬
248 3355 1648 3443 spielkunst und Regie die Feinheit des Dialoges noch verfeinerte und der
247 3399 1649 3509 natürlichen und anmutigen Rede ihr vollstes Recht gab. Als alle diese
250 3453 1651 3557 Faktoren einmütig zusammenwirkten, entstanden Bauernfelds Lustspiele.
239 3497 1639 3583 Bauernfeld hat Nachfolger gefunden. Wie Wien die Heimat der Feuilletons
245 3542 1634 3662 wurde — nur in Wien gedeiht dieses reizende Spiel unter dem Strich
318 3603 1624 3700 so war Wien auch dazu bestimmt, die Heimat des deutschen Konver¬
243 3642 1634 3739 sationsspieles zu werden. Ansätze dazu gab es ja genug. Ich erwähne
241 3697 1634 3808 bloß Herzl Wittmanns „Wilddiebe“. Aber wenn auch die Empfäng¬
236 3737 1633 3861 lichkeit im Publikum die gleiche blieb, die Direktoren verloren das Ver¬
234 3784 1630 3896 ständnis und das Geure versandete, weil es im Theater nicht den Rück¬
232 3833 465 3909 halt fand.
2102 -2 2387 92 M
1899 81 3005 147 L. österr. behördl. Konz. Durean für Zeltungsbrrichte u. Persevalpacheichten
2088 147 2851 220 Wien, I., Concordiaplatz 4.
2307 216 2606 289 Vertretungen
1900 256 3010 314 In Berlin, Budapest, Chicago, Genf, London, New-Vork,
1902 308 3002 371 Paris, Rom, Mailand, Stockholm, Christiania, St. Petersburg.
2172 354 2753 435 (Quellenangabe ohne Gewährs)
1890 442 2378 526 Ausschnitt aus:
2331 476 3179 576 Neue Freie Presse, Wien
1908 539 2088 616 vom:
2218 534 2306 616 e.
2146 608 2545 662 D
2129 667 2918 746 Theater= und Kunstnachrichten.
2652 720 3071 806 Wien, 12. Dezember.
2015 803 3106 868 [Arthur Schnitzler=Abend im Carl¬
1936 831 3103 903 Theater.] Es liegt etwas Abderitisches von geradezu be¬
1929 873 3109 941 zwingender Kraft in der bemerkenswerlen Tatsache, daß
1935 918 3098 1000 Deutschösterreichs bedeutenbster Dramatiker auf eine Wohl¬
1942 960 3097 1031 tätigkeitsvorstellung warten muß, damit dem Wiener Theater¬
1931 1000 3109 1087 publikum wieder einmal von der Bühne herab seine drama¬
1930 1049 3115 1112 tische Indlvidualität gewiesen werde. Arthur Schnitzler
1944 1108 3111 1156 kommt gegenwärtig in Wien alle heilige Zeit einmal draußen;
1935 1137 3106 1196 in der Josefstadt mit „Abschiedssouper“ zu Worte, und am
1930 1174 3114 1246 Burgtheater wird ganz sporadisch „Liebelei“ benützt, wenn in
1940 1218 3105 1290 argen Repertoirenöten Erinnerung an alte Zerwürfnisse un¬
1938 1253 3109 1327 ziemlicher Luxus bünkt. Es wäre gar verlockend, über den
3003 1305 3118 1360 von
1941 1300 3003 1369 Lokalpatriotismus, mit dem die Verbannung Schnitzlers
1945 1348 3104 1410 den Wiener Bühnen gleichmütig hingenommen wird, ein
1931 1379 3110 1451 kräftiges Wörtlein zu reden. Aber verbittern wir uns doch
2992 1416 3119 1484 wir¬
1949 1440 2985 1494 nicht die Freude darüber, daß in Wien ein segensreich
1943 1468 3109 1542 kendes Kinderkrankeninstitut besteht, welches einmal eine
1946 1514 3109 1583 ordentliche außerordentliche Einnahme bedurfte, und dem zu
1956 1568 3108 1633 Nutz und Frommen der heutige Schnitzler=Abend im Carl¬
1947 1598 3109 1677 Theater veranstaltet wurde. Es war einer der anregendsten
1956 1637 3122 1714 The#terabende der bisherigen Saison, und wir verdanken ihn
1953 1684 3104 1754 der öffentlichen Wohltätigkeit. Zwar sind zwei der aufge¬
1949 1729 3105 1794 führten Einakter, „Die letzten Masken“ und „Literatur" bereits
1943 1755 3119 1839 bühnenbekannt, und die dritte dramatische Skizze, die der
1958 1815 3121 1884 Schnitzler=Abend brachte, „Der Puppenspieler“ ist in den
1949 1847 3130 1928 Spalten dieses Blattes dem Publikum zugänglich gemacht
1955 1901 3127 1969 worden; aber dank der interessanten Besetzung aller drei
2990 1940 3121 2009 „Der
1951 1943 2973 2003 Stücke übten dieselben insgesamt Premièrenwirkung.
3007 1972 3131 2041 Hier
1957 1977 2995 2053 Puppenspieler“ war der Darstellungstreffer des Abends.
1955 2034 2990 2087 waren alle drei Hauptrollen auf das glücklichste besetzt.
3000 2071 3121 2142 und
1948 2073 3006 2147 Puppenspieler, der anderer Schicksale zu lenken glaubt
3029 2107 3119 2163 er¬
1951 2106 3015 2189 selbst die Richtung verliert, spielte Herr Jarno mit
3023 2132 3126 2208 mit
1950 2147 3000 2216 greifenden Akzenten echter Schlichtheit und doch wieder
3013 2196 3115 2250 dem
1953 2196 3011 2265 starkem, aufdringlichem Pathos. Das Ehepaar, das
1945 2243 3120 2300 Puppenspieler seine Vereinigung dankt und in begnügsamer
1943 2278 3115 2337 Beschaulichkeit sein Glücksportiönchen gefunden hat, waren Herr
1959 2317 3136 2395 Claar und Frau Wagen, beide gleich vorzüglich in ihrer
1954 2356 3126 2431 gelassenen, immer ein wenig erstaunt tuenden und doch wieder
1961 2430 3128 2483 sich überlegen und superklug gebärdenden Behaglichkeit. Nicht
1961 2458 3130 2527 ganz so restlos kann die Anerkennung sein, die der Dar¬
1957 2484 3130 2560 stellung der „Letzten Masken“ und gar erst der „Literatur“ ge¬
1961 2534 3124 2606 bührt. Der nervenrüttelnde Ausschnitt aus dem Literaturleben,
1964 2579 3130 2646 den der Dichter im Krankensaal des Allgemeinen Kranken¬
1967 2624 3129 2701 hauses spielen läßt, verleitet die Darsteller nur allzu leicht zu
1956 2669 3130 2738 grimassierender Uebertreibung. Und von diesem Vorwurf sind
1967 2706 3124 2776 weder der hier allzu viel bastelnde und klügelnde Herr
1956 2734 3132 2820 Heine, noch auch Herr Treßler freizusprechen, welch
1959 2793 3141 2865 letzterer stellenweise zu vergessen schien, daß heute im Carl¬
1961 2832 3127 2905 Theater ein Burgtheaterpublikum saß, das auf allzu derbe
1958 2865 3145 2943 Galeriewirkungen sonst gewiß recht erquicklicher Naturburschen¬
1956 2915 3144 2985 komik gerne verzichtet. Herr Schmidt vom Burgtheater gab
1958 2957 3138 3033 den berühmten Dichter, dessen innere Hohlheit und Lebens¬
1959 3004 3129 3070 lüge der verkommene und verlotterte Schreibknecht vor seinem
1966 3050 3134 3119 Tode in die Welt schreien will. Um eine kleine Nuance zu
1972 3091 3135 3169 warm und herzlich; eine Beimischung vom Biederschuft wäre
1969 3134 3138 3207 nötig gewesen. In „Literatur“ war Herr Heine auf seiner
1963 3174 3082 3249 Höhe. Die starke Leistung, die er in Spiel und Maske, 1
1972 3212 3139 3284 Rede und Gebärde als Gilbert bietet, ließ es schmerzlich be¬
1971 3250 3139 3331 dauern, daß wir diesen ernsten und denkenden Schauspieler
1971 3318 3141 3370 an Berlin abgeben müssen. So wenig wie wir viele voll¬
1970 3338 3137 3413 blütige Dramatiker gleich Schnitzler haben, besitzen wir einen
1965 3407 3141 3462 Ueberfluß an Schauspielern, die sich literarischer Aufgaben mit
1965 3432 3142 3491 schmiegsamer Wärme und strebsamer Betulichkeit annehmen.
1966 3472 3136 3542 Die zweifelhafte Romanschriftstellerin und angehende Baronin
1967 3518 3128 3599 aus „Literatur“ war an unsere allerliebste Frau Retty ge¬
1972 3556 3138 3637 fallen. Das war vom Standpunkt des Ersten öffentlichen
1974 3594 3132 3671 Kinderkrankeninstitutes, dem der Reinertrag der Vorstellung
1972 3646 3132 3722 zugute kam, höchst praktisch und tüchtig. Denn es war von
1978 3675 3143 3757 drolliger Pikanterie und überaus herzig, wie Frau Retty
1978 3721 3139 3792 äußerlich und innerlich, in Haarfarbe und in Toilette, in Be¬
1976 3767 3144 3846 wegungen und im Tonfall die „Blonde Bestien“=Manier ko¬
1977 3803 3138 3891 pierte und parodierte. Aber mehr als ein Wohltätigkeits¬
1976 3854 3139 3929 experiment wird dieser Versuch unserer ausgezeichneten Burg¬
1977 3895 3144 3961 theaternaiven doch nicht bedeuten. Sie hat eben keine Spur
1976 3938 3139 4008 von jenem Snobismus an sich, der für solche Rollen gehört,
1977 3976 3147 4045 und das ist schließlich für eine Schauspielerin kein Unglück,
1977 4034 2976 4102 die so vieles andere so vorzüglich zu tressen versteht.
