3344 4256
1313 246 1759 332 box 34/9
51 245 1138 347 10 Der Puppenspieler
548 388 1034 457 (Quellenangabe ohne Gewähr.)
938 430 1334 539 on, Wien
349 483 679 563 schnitt aus:
345 609 412 658 1:
1451 715 2417 779 mann die Erscheinungen aus Sudermanns
674 724 1190 806 Neue Wiener Bühne.
1451 785 2421 835 und Arthur Schnitzlers Werken. In
543 795 1423 868 Das Gastspiel des bekannten Berliner
1456 819 2423 881 „Stein unter Steinen“ gelang es
449 863 1416 924 Schauspielers Albert Bassermann, eines
1445 867 2408 931 dem Gaste, jenen Besuchern, die das alte Burg
448 915 1420 973 Lieblings der hohen Finanzkreise im Tiergarten
1440 920 2428 973 theater nicht mehr kennen lernten, zu imponieren
449 975 1417 1015 viertel und bewährten Matadors für Kinemato¬
1448 971 2431 1034 und in den drei Schnitzterschen Einaktern
449 1015 1424 1068 graphen, nahm während des ganzen Monates
1459 1014 2435 1075 „Die Puppenspieler", „Die letzten
461 1053 1423 1123 Mai seinen von einem nicht unbedeutenden
1453 1063 2424 1114 Masken" und „Literatur“ stellte er
457 1110 1430 1163 Kassenerfolge begleiteten Fortgang an der
1451 1127 2423 1171 drei grundverschiedene Typen aus der entarteten
462 1151 1434 1218 „Neuen Wiener Bühne“ und mußte
1455 1161 2422 1219 Gegenwart auf die Bühne, die sicherlich einer
456 1204 1420 1266 sogar bis zum 6. Juni verlängert werden.
1463 1220 2413 1281 gewissen Lebenswahrheit nicht entbehrten. Ins¬
451 1251 1436 1307 Das wirklich kunstverständige Publikum hielt sich
1453 1260 2429 1330 besondere der einfältig ehrliche und dabei
443 1307 1433 1373 Bassermann gegenüber recht reserviert, die
1455 1313 2432 1376 liebenswürdige Clemens im letzten Lustspiele war
450 1331 1438 1408 minder Gebildeten aber und jene, die für das
1469 1353 2424 1432 sehr naturgetren: Bassermann verkörperte
460 1401 1440 1465 Ideale weniger schwärmen als für die Mätzchen
1456 1422 2431 1467 in ihm das Prototyp des dekadenten Reichen,
455 1448 1424 1503 und episodistischen Groteskeinfälle der Hyper
1463 1472 2430 1519 der sich von einem schlechten Weibe um die
460 1497 1420 1561 modernen, jubelten Bassermann zu, als
1463 1518 2418 1564 Nase drehen und heiraten läßt und dabei über
463 1554 1434 1597 ob er der Vertreter kad exochem einer neuen
1463 1554 2432 1630 glücklich ist. Eine Idealsigur freilich ist dieser
465 1602 1425 1664 und besseren Richtung in der Schauspielkunst
1460 1597 2438 1661 Baron ebensowenig wie die meisten anderen
463 1655 1419 1710 wäre. Offen gestanden halten wir diesen Reklame¬
1466 1661 2422 1713 Menschen Schnitzlers. Und daß der viel¬
467 1706 1430 1758 Propheten der Moderne für nichts weiteres als
1464 1696 2426 1766 genannte Gast aus dem Norden keine Ideal¬
469 1751 1433 1804 einen recht geschiekten Mimen, der sich hie und
1467 1749 2418 1819 figuren darzustellen imstande ist, kann wohl nie¬
464 1807 1437 1867 da geschmacklose Auffassungen leistet, ganz gewiß
1470 1797 2433 1855 mand bezweiseln, der diesen interessanten Schauspieler
2211 1849 2391 1909 Akbar.
467 1847 1432 1914 aber nicht für einen erstklassigen Künstler. Der
1455 1854 2038 1931 beobachtend mimen gesehen.
462 1899 1436 1953 Liebling der reichen Leute an der Spree reicht
461 1952 1449 1999 weder an unseren Reimers oder Girardi
458 1989 1442 2043 und am allerwenigsten an Baumeister und
459 2052 1434 2099 die vorstorbenen Meister Gabillon, Sonnen¬
469 2089 1446 2136 thal, Robert, Lewinsky und Hart¬
456 2144 1430 2192 mann heran. Denn bei ihm ist alles berech¬
463 2188 1440 2236 nende und berechnete Mache und nirgends findet
471 2230 1442 2297 man eine Spur der vom Herzen kommenden
469 2293 1450 2342 Innerlichkeit, welche, insbesondere in klassischen
465 2342 1457 2395 Werken, einen Charakter zu einem einheitlichen
471 2378 1447 2445 Ganzen fassen und lebenswahr durchstrahlen muß,
461 2424 1461 2489 um die Gedanken des betreffenden unsterblichen;
470 2475 1455 2533 Dichters und Denkers in greifbare Natürlichkeit
465 2526 1464 2601 umzuwerten und die Begeisterung der wirklich
469 2580 941 2646 Gebildeten auszulösen.
564 2630 1457 2707 So wurde denn der Venedikt des Herrn
479 2695 1463 2760 Bassermann in Shakespeares
476 2739 1464 2810 wundervoll witzigem und geistvollem Lustspiele
483 2794 1454 2855 „Viel Lärm um nichts“ zum klassischen
471 2835 1461 2915 Veispiele, wie man die Klassiker nicht spielen
469 2899 1445 2955 darf. Der lebensfrohe Kauseur, welchen seiner¬
471 2948 1450 2999 zeit Gabillon, Mitterwurzer und
481 2997 1465 3057 Hartmann so meisterhaft wiedergaben sank
475 3038 1458 3094 zu einer Figur herab, welche der längst ver¬
485 3097 1453 3145 flossenen „Kasperlbühne“ Prehausers ent¬
483 3144 1470 3202 nommen schien. Bassermann zerpflückte!
479 3186 1466 3254 den so sympathischen Charakter in abgerissene
480 3237 1467 3313 und unbegründete Teile; er unterbrach die Rede,
487 3284 1458 3354 durch häßliche Grunz= und Gurgeltöne, er legte
484 3321 1470 3401 sich auf den Fußboden und schlug mit Reitstock!
477 3371 1469 3448 und Händen umher, als ob die Bühne zur
481 3424 1473 3488 Manege geworden wäre und er selbst zu einem
489 3478 1476 3545 Clown im Gewande der Renaissancezeit. Von
483 3525 1458 3603 dem verfeinerten Geschmack der Zeit Michel
490 3594 1468 3645 angelos, der Shakespeares herrliches
480 3625 1470 3705 Werk durchweht, war gar nichts mehr übrig
476 3670 1470 3746 geblieben: aus dem Edelmann von Padna wari
490 3730 1470 3788 ein ostelbischer Landwirt anrüchigster Herkunft
491 3781 1480 3831 geworden: eine Art adeliger Flaneur ohne Herzs
489 3827 1470 3890 und ohne Geist, ein moderner sezessionistischer
497 3874 1470 3939 Witzbold widerlicher Art. Schlimmer noch ging
483 3921 1477 3983 es der lustig klugen Beatriee in der Gestaltung
488 3971 1473 4027 durch Frau Bassermann; man glaubter
497 4015 1478 4091 da eine schnippische Grisene aus dem Osten
492 4078 1478 4132 Berlins vor sich zu haben, die sich in einem¬
484 4124 1466 4188 Ballhause pikant unterhalten will: eine Geschmack
