<?xml version="1.0" encoding="UTF-8" standalone="yes"?>
<PcGts xmlns="http://schema.primaresearch.org/PAGE/gts/pagecontent/2013-07-15" xmlns:xsi="http://www.w3.org/2001/XMLSchema-instance" xsi:schemaLocation="http://schema.primaresearch.org/PAGE/gts/pagecontent/2013-07-15 http://schema.primaresearch.org/PAGE/gts/pagecontent/2013-07-15/pagecontent.xsd">
    <Metadata>
        <Creator>prov=University of Rostock/Institute of Mathematics/CITlab/Gundram Leifert/gundram.leifert@uni-rostock.de:name=ONB_Newseye_GT_M1+(htr_id=10810)::::v=2.4.2
prov=University of Rostock/Institute of Mathematics/CITlab/Tobias Gruening/tobias.gruening@uni-rostock.de:name=de.uros.citlab.module.baseline2polygon.B2PSeamMultiOriented:v=2.4.2
prov=University of Rostock/Institute of Mathematics/CITlab/Tobias Gruening/tobias.gruening@uni-rostock.de:name=/mnt/transkribus/LA/DEA/URO/LA_news_onb_att.pb:de.uros.citlab.segmentation.CITlab_LA_ML:v=2.4.2
Transkribus</Creator>
        <Created>2019-10-07T12:13:32.844+02:00</Created>
        <LastChange>2019-10-08T21:37:45.849+02:00</LastChange>
        <TranskribusMetadata docId="224044" pageId="9507153" pageNr="13" tsid="16610326" status="IN_PROGRESS" userId="40391" imgUrl="https://files.transkribus.eu/Get?id=XTRJMMNQGDEWVNOAFCRLIUKT&amp;fileType=view" xmlUrl="https://files.transkribus.eu/Get?id=JSDSDUGHINOUDDGPBHXEQJQC" imageId="6196904"/>
    </Metadata>
    <Page imageFilename="224044_0013.jpeg" imageWidth="3392" imageHeight="4352">
        <ReadingOrder>
            <OrderedGroup id="ro_1711444432969" caption="Regions reading order">
                <RegionRefIndexed index="0" regionRef="r1"/>
                <RegionRefIndexed index="1" regionRef="r2"/>
            </OrderedGroup>
        </ReadingOrder>
        <TextRegion orientation="0.0" id="r1" custom="readingOrder {index:0;}">
            <Coords points="178,340 178,4231 1458,4231 1458,340"/>
            <TextLine id="r1l1" custom="readingOrder {index:0;}">
                <Coords points="172,378 1175,399 1243,372 1243,333 1100,302 717,332 377,304 292,352 172,312"/>
                <Baseline points="178,362 230,366 283,368 336,370 389,371 442,372 495,373 548,374 601,374 654,374 707,374 759,374 812,373 865,373 918,373 971,372 1024,372 1077,372 1130,372 1183,373 1236,373"/>
                <TextEquiv>
                    <Unicode>10. Der Puppenspieler</Unicode>
                </TextEquiv>
            </TextLine>
            <TextLine id="r1l2" custom="readingOrder {index:1;}">
                <Coords points="402,544 620,575 1426,554 1425,498 1022,528 402,503"/>
                <Baseline points="409,554 459,555 510,556 560,556 611,556 661,556 712,556 762,556 813,556 863,556 914,555 964,554 1015,554 1065,553 1116,552 1166,551 1217,550 1267,550 1318,548 1368,547 1419,546"/>
                <TextEquiv>
                    <Unicode>halt nichts gut aus, mich hat halt niemand lieb!“ Davon</Unicode>
                </TextEquiv>
            </TextLine>
            <TextLine id="r1l3" custom="readingOrder {index:2;}">
                <Coords points="404,609 1422,604 1399,554 619,576 403,552"/>
                <Baseline points="410,600 460,601 510,602 560,602 611,602 661,602 711,601 761,601 812,600 862,600 912,599 962,598 1013,597 1063,597 1113,596 1163,595 1214,595 1264,595 1314,595 1364,595 1415,596"/>
                <TextEquiv>
                    <Unicode>ihn zu heilen, sich aber wieder ein Exempel zu machen, daß</Unicode>
                </TextEquiv>
            </TextLine>
            <TextLine id="r1l4" custom="readingOrder {index:3;}">
                <Coords points="410,660 1415,648 1387,598 410,613"/>
                <Baseline points="417,645 466,645 516,645 565,645 615,645 664,645 714,645 763,645 813,645 862,644 912,644 962,644 1011,643 1061,643 1110,642 1160,642 1209,641 1259,641 1308,641 1358,640 1408,640"/>
                <TextEquiv>
                    <Unicode>in unserem Leben doch alles nur aus Illusion gewoben ist,</Unicode>
                </TextEquiv>
            </TextLine>
            <TextLine id="r1l5" custom="readingOrder {index:4;}">
                <Coords points="410,714 1430,691 1429,652 1355,641 410,660"/>
                <Baseline points="417,691 467,690 517,690 567,690 618,690 668,690 718,690 769,690 819,690 869,690 920,690 970,690 1020,690 1070,690 1121,689 1171,689 1221,688 1272,687 1322,685 1372,683 1423,682"/>
                <TextEquiv>
                    <Unicode>stiftet Merklin ein junges Mädchen an, in Jagisch verliebt</Unicode>
                </TextEquiv>
            </TextLine>
            <TextLine id="r1l6" custom="readingOrder {index:5;}">
                <Coords points="412,750 1342,746 1420,738 1420,697 412,717"/>
                <Baseline points="419,735 468,735 518,735 568,735 617,736 667,736 717,736 766,736 816,736 866,736 916,735 965,735 1015,735 1065,735 1114,734 1164,734 1214,733 1263,732 1313,732 1363,731 1413,730"/>
                <TextEquiv>
                    <Unicode>zu tun, wozu es, selbst in Merklin verliebt, sich bereden</Unicode>
                </TextEquiv>
            </TextLine>
            <TextLine id="r1l7" custom="readingOrder {index:6;}">
                <Coords points="410,790 1416,791 1426,736 410,751"/>
                <Baseline points="417,778 467,780 517,781 567,782 617,783 667,783 717,783 768,783 818,783 868,783 918,782 968,782 1018,780 1068,780 1119,779 1169,778 1219,777 1269,776 1319,775 1369,774 1420,774"/>
                <TextEquiv>
                    <Unicode>läßt. Und nun, nach zehn Jahren, sagt er es ihm und weidet</Unicode>
                </TextEquiv>
            </TextLine>
            <TextLine id="r1l8" custom="readingOrder {index:7;}">
                <Coords points="405,841 1369,840 1424,828 1424,791 404,791"/>
                <Baseline points="411,827 461,828 511,829 561,830 612,830 662,830 712,830 763,829 813,829 863,828 914,827 964,826 1014,825 1064,824 1115,823 1165,822 1215,821 1266,820 1316,819 1366,819 1417,819"/>
                <TextEquiv>
                    <Unicode>ssich daran: „Ich vermute, daß dieser Abend bedeutungs¬</Unicode>
                </TextEquiv>
            </TextLine>
            <TextLine id="r1l9" custom="readingOrder {index:8;}">
                <Coords points="409,875 1432,874 1432,843 1330,827 409,840"/>
                <Baseline points="415,871 465,873 516,874 566,875 617,875 667,875 718,875 768,875 819,874 869,873 920,872 970,872 1021,871 1071,869 1122,868 1172,867 1223,866 1273,865 1324,865 1374,864 1425,864"/>
                <TextEquiv>
                    <Unicode>voller für dich war, als du ahnst. Ich glaube, daß du an</Unicode>
                </TextEquiv>
            </TextLine>
            <TextLine id="r1l10" custom="readingOrder {index:9;}">
                <Coords points="407,922 1420,922 1419,879 1313,870 407,877"/>
                <Baseline points="414,917 466,917 519,918 571,918 624,918 676,918 729,917 782,917 834,917 887,916 939,916 992,915 1044,914 1097,914 1150,913 1202,913 1255,912 1307,912 1360,911 1413,911"/>
                <TextEquiv>
                    <Unicode>diesem Abende den Lebensmut in dich getrunken hast, von</Unicode>
                </TextEquiv>
            </TextLine>
            <TextLine id="r1l11" custom="readingOrder {index:10;}">
                <Coords points="399,967 1428,978 1427,925 1391,918 399,921"/>
                <Baseline points="405,964 455,964 506,964 557,964 608,963 659,963 709,963 760,962 811,961 862,961 913,960 963,960 1014,959 1065,959 1116,958 1167,958 1217,957 1268,957 1319,957 1370,957 1421,957"/>
                <TextEquiv>
                    <Unicode>dem du auch heute noch erfüllt bist. Denn damals, gesteh' es,</Unicode>
                </TextEquiv>
            </TextLine>
            <TextLine id="r1l12" custom="readingOrder {index:11;}">
                <Coords points="401,1011 1329,1017 1421,1005 1421,973 401,977"/>
                <Baseline points="408,1008 458,1008 508,1007 559,1006 609,1006 659,1006 710,1006 760,1006 810,1006 861,1006 911,1006 961,1005 1012,1005 1062,1005 1112,1004 1163,1004 1213,1003 1263,1002 1314,1001 1364,999 1415,997"/>
                <TextEquiv>
                    <Unicode>hast du zum ersten Mal empfunden, daß auch du im stande</Unicode>
                </TextEquiv>
            </TextLine>
            <TextLine id="r1l13" custom="readingOrder {index:12;}">
                <Coords points="414,1063 1236,1065 1412,1056 1425,1024 413,1015"/>
                <Baseline points="420,1055 469,1055 519,1054 569,1054 619,1054 669,1053 719,1053 769,1052 819,1052 869,1052 919,1051 968,1050 1018,1050 1068,1049 1118,1049 1168,1048 1218,1047 1268,1047 1318,1046 1368,1045 1418,1045"/>
                <TextEquiv>
                    <Unicode>bist, Glück zu geben, Glück zu empfangen . .. Wäre jene</Unicode>
                </TextEquiv>
            </TextLine>
            <TextLine id="r1l14" custom="readingOrder {index:13;}">
                <Coords points="416,1100 1428,1092 1427,1065 1285,1051 416,1064"/>
                <Baseline points="423,1099 472,1100 522,1100 572,1100 622,1100 672,1100 722,1100 772,1099 822,1099 872,1098 922,1097 971,1097 1021,1096 1071,1094 1121,1094 1171,1093 1221,1091 1271,1090 1321,1089 1371,1088 1421,1087"/>
                <TextEquiv>
                    <Unicode>Stunde nicht gewesen, du wärst wohl dein Lebtag der ver¬</Unicode>
                </TextEquiv>
            </TextLine>
            <TextLine id="r1l15" custom="readingOrder {index:14;}">
                <Coords points="419,1154 1421,1146 1402,1097 1160,1096 1114,1125 1045,1099 419,1099"/>
                <Baseline points="426,1144 475,1145 524,1145 574,1145 623,1145 673,1145 722,1145 772,1145 821,1144 871,1144 920,1143 969,1142 1019,1142 1068,1141 1118,1140 1167,1139 1217,1139 1266,1138 1316,1137 1365,1137 1415,1136"/>
                <TextEquiv>
                    <Unicode>schüchterte, ängstliche Bursche geblieben, als den ich dich</Unicode>
                </TextEquiv>
            </TextLine>
            <TextLine id="r1l16" custom="readingOrder {index:15;}">
                <Coords points="413,1205 1386,1197 1425,1158 413,1165"/>
                <Baseline points="419,1189 469,1189 519,1190 569,1190 619,1190 669,1190 719,1189 769,1189 819,1188 869,1188 919,1187 969,1187 1019,1186 1069,1186 1119,1185 1169,1184 1219,1184 1269,1183 1319,1183 1369,1183 1419,1182"/>
                <TextEquiv>
                    <Unicode>kannte. Vielleicht hättest du nicht einmal den Mut gefunden,</Unicode>
                </TextEquiv>
            </TextLine>
            <TextLine id="r1l17" custom="readingOrder {index:16;}">
                <Coords points="402,1234 1424,1240 1424,1205 1371,1185 402,1211"/>
                <Baseline points="409,1234 459,1234 509,1234 560,1234 610,1234 661,1234 711,1234 761,1233 812,1233 862,1233 913,1232 963,1231 1013,1231 1064,1230 1114,1229 1165,1228 1215,1227 1265,1226 1316,1225 1366,1223 1417,1222"/>
                <TextEquiv>
                    <Unicode>um ein Weib zu werben . .. Und wie kam dies alles? Wo¬</Unicode>
                </TextEquiv>
            </TextLine>
            <TextLine id="r1l18" custom="readingOrder {index:17;}">
                <Coords points="413,1282 1427,1274 1427,1241 1349,1227 617,1263 413,1236"/>
                <Baseline points="420,1281 470,1281 520,1280 570,1280 620,1279 670,1279 720,1278 770,1278 820,1277 870,1276 920,1276 970,1275 1020,1274 1070,1273 1120,1273 1170,1272 1220,1271 1270,1270 1320,1269 1370,1269 1421,1268"/>
                <TextEquiv>
                    <Unicode>durch war diese außerordentliche Veränderung deines</Unicode>
                </TextEquiv>
            </TextLine>
            <TextLine id="r1l19" custom="readingOrder {index:18;}">
                <Coords points="404,1321 575,1344 1426,1314 1337,1273 404,1292"/>
                <Baseline points="411,1325 461,1326 511,1326 562,1326 612,1325 663,1325 713,1324 763,1324 814,1323 864,1322 915,1322 965,1321 1015,1320 1066,1319 1116,1318 1167,1317 1217,1317 1267,1316 1318,1315 1368,1315 1419,1314"/>
                <TextEquiv>
                    <Unicode>Wesens hervorgerufen? Indem du glaubtest, das schöne</Unicode>
                </TextEquiv>
            </TextLine>
            <TextLine id="r1l20" custom="readingOrder {index:19;}">
                <Coords points="411,1368 1432,1362 1381,1319 411,1342"/>
                <Baseline points="418,1372 468,1372 518,1371 569,1370 619,1370 669,1370 720,1369 770,1369 820,1368 871,1368 921,1367 971,1367 1022,1366 1072,1366 1122,1365 1173,1364 1223,1363 1273,1362 1324,1360 1374,1359 1425,1357"/>
                <TextEquiv>
                    <Unicode>Mädchen, das dich damals doch zum ersten Mal sah, hätte</Unicode>
                </TextEquiv>
            </TextLine>
            <TextLine id="r1l21" custom="readingOrder {index:20;}">
                <Coords points="404,1441 1432,1406 1431,1363 1193,1395 403,1373"/>
                <Baseline points="410,1420 460,1418 511,1417 562,1415 613,1415 663,1414 714,1414 765,1413 816,1413 866,1413 917,1413 968,1413 1019,1412 1069,1412 1120,1411 1171,1410 1222,1409 1272,1408 1323,1406 1374,1404 1425,1401"/>
                <TextEquiv>
                    <Unicode>ssich auf den ersten Blick in dich verliebt ... Du hattest</Unicode>
                </TextEquiv>
            </TextLine>
            <TextLine id="r1l22" custom="readingOrder {index:21;}">
                <Coords points="414,1462 1281,1469 1424,1458 1424,1409 1263,1440 1192,1405 414,1439"/>
                <Baseline points="421,1463 470,1462 520,1462 570,1461 620,1460 670,1460 719,1459 769,1459 819,1458 869,1458 919,1458 968,1457 1018,1457 1068,1456 1118,1456 1168,1455 1217,1454 1267,1453 1317,1452 1367,1451 1417,1449"/>
                <TextEquiv>
                    <Unicode>Ursache, es zu glauben; aber du hast dich geirrt ... Das</Unicode>
                </TextEquiv>
            </TextLine>
            <TextLine id="r1l23" custom="readingOrder {index:22;}">
                <Coords points="425,1507 1428,1503 1402,1456 425,1475"/>
                <Baseline points="432,1509 481,1508 530,1506 580,1506 629,1505 679,1505 728,1505 778,1504 827,1504 877,1504 926,1504 975,1504 1025,1503 1074,1503 1124,1502 1173,1501 1223,1500 1272,1499 1322,1497 1371,1495 1421,1492"/>
                <TextEquiv>
                    <Unicode>Ganze war ein tiefsinniger Spaß, den ich ausgedacht</Unicode>
                </TextEquiv>
            </TextLine>
            <TextLine id="r1l24" custom="readingOrder {index:23;}">
                <Coords points="420,1552 1425,1548 1424,1508 1350,1501 419,1520"/>
                <Baseline points="426,1552 475,1552 525,1552 574,1551 624,1550 674,1550 723,1549 773,1549 822,1548 872,1548 922,1547 971,1547 1021,1546 1070,1545 1120,1545 1170,1544 1219,1543 1269,1543 1318,1542 1368,1541 1418,1540"/>
                <TextEquiv>
                    <Unicode>hatte... Es war eine abgekartete Sache. Die Kleine, die</Unicode>
                </TextEquiv>
            </TextLine>
            <TextLine id="r1l25" custom="readingOrder {index:24;}">
                <Coords points="414,1611 1426,1593 1425,1550 1391,1548 414,1552"/>
                <Baseline points="421,1598 470,1598 520,1597 570,1596 620,1596 670,1596 720,1595 770,1595 820,1594 870,1594 920,1594 969,1593 1019,1593 1069,1592 1119,1591 1169,1590 1219,1589 1269,1588 1319,1587 1369,1586 1419,1584"/>
                <TextEquiv>
                    <Unicode>so zärtlich mit dir war, tat einfach, was ich wollte. Ihr</Unicode>
                </TextEquiv>
            </TextLine>
            <TextLine id="r1l26" custom="readingOrder {index:25;}">
                <Coords points="411,1631 1417,1649 1426,1603 410,1613"/>
                <Baseline points="417,1644 467,1644 517,1643 567,1643 617,1642 667,1641 717,1641 767,1640 817,1640 867,1639 918,1639 968,1638 1018,1638 1068,1637 1118,1637 1168,1636 1218,1635 1268,1634 1318,1633 1368,1632 1419,1631"/>
                <TextEquiv>
                    <Unicode>war't die Puppen in meiner Hand, ich lenkte die Drähte.</Unicode>
                </TextEquiv>
            </TextLine>
            <TextLine id="r1l27" custom="readingOrder {index:26;}">
                <Coords points="410,1695 1344,1694 1431,1685 1432,1643 410,1646"/>
                <Baseline points="417,1687 467,1688 517,1688 568,1688 618,1688 669,1688 719,1688 769,1687 820,1687 870,1686 921,1685 971,1685 1021,1684 1072,1683 1122,1682 1173,1681 1223,1680 1273,1679 1324,1678 1374,1677 1425,1676"/>
                <TextEquiv>
                    <Unicode>Es war abgemacht, daß sie sich in dich verliebt stellen sollte.</Unicode>
                </TextEquiv>
            </TextLine>
            <TextLine id="r1l28" custom="readingOrder {index:27;}">
                <Coords points="404,1745 1441,1743 1440,1702 1392,1682 1224,1709 403,1691"/>
                <Baseline points="411,1735 462,1735 513,1734 564,1734 615,1733 666,1733 717,1732 768,1732 819,1731 870,1731 922,1730 973,1730 1024,1729 1075,1728 1126,1727 1177,1726 1228,1726 1279,1725 1330,1724 1381,1722 1433,1721"/>
                <TextEquiv>
                    <Unicode>Denn du hast mir immer leid getan, Eduard. Ich wollte</Unicode>
                </TextEquiv>
            </TextLine>
            <TextLine id="r1l29" custom="readingOrder {index:28;}">
                <Coords points="409,1800 1157,1771 1329,1795 1437,1746 408,1751"/>
                <Baseline points="415,1781 465,1780 516,1780 567,1779 618,1779 669,1778 719,1777 770,1777 821,1776 872,1775 923,1774 973,1773 1024,1772 1075,1772 1126,1771 1177,1770 1227,1770 1278,1769 1329,1769 1380,1768 1431,1768"/>
                <TextEquiv>
                    <Unicode>in dir die Illusion eines Glückes erwecken, damit dich das</Unicode>
                </TextEquiv>
            </TextLine>
            <TextLine id="r1l30" custom="readingOrder {index:29;}">
                <Coords points="419,1832 1429,1835 1428,1789 1355,1776 418,1804"/>
                <Baseline points="425,1826 474,1826 524,1826 574,1825 624,1825 674,1824 724,1823 773,1823 823,1822 873,1821 923,1820 973,1820 1023,1819 1073,1818 1122,1817 1172,1817 1222,1816 1272,1816 1322,1816 1372,1816 1422,1816"/>
                <TextEquiv>
                    <Unicode>wahre Glück bereit fände, wenn es einmal erschiene. Und</Unicode>
                </TextEquiv>
            </TextLine>
            <TextLine id="r1l31" custom="readingOrder {index:30;}">
                <Coords points="414,1878 1429,1863 1400,1820 414,1831"/>
                <Baseline points="421,1873 471,1871 521,1870 571,1869 621,1868 671,1868 721,1867 771,1867 821,1866 871,1866 922,1866 972,1866 1022,1865 1072,1865 1122,1865 1172,1864 1222,1864 1272,1863 1322,1862 1372,1861 1423,1859"/>
                <TextEquiv>
                    <Unicode>so hab' ich — wie es Leuten meiner Art wohl gegeben sein</Unicode>
                </TextEquiv>
            </TextLine>
            <TextLine id="r1l32" custom="readingOrder {index:31;}">
                <Coords points="417,1921 1325,1926 1414,1912 1433,1873 417,1880"/>
                <Baseline points="424,1918 474,1916 524,1915 574,1913 624,1912 674,1912 724,1911 775,1911 825,1911 875,1910 925,1910 975,1910 1025,1910 1075,1910 1126,1910 1176,1910 1226,1909 1276,1909 1326,1908 1376,1906 1427,1905"/>
                <TextEquiv>
                    <Unicode>mag — vielleicht noch tiefer gewirkt, als ich wollte. Ich habe</Unicode>
                </TextEquiv>
            </TextLine>
            <TextLine id="r1l33" custom="readingOrder {index:32;}">
                <Coords points="409,1966 1432,1955 1411,1913 408,1922"/>
                <Baseline points="415,1963 465,1962 516,1961 566,1961 617,1960 667,1959 718,1958 768,1958 819,1957 869,1956 920,1956 970,1955 1021,1955 1071,1954 1122,1954 1172,1953 1223,1953 1273,1953 1324,1953 1374,1953 1425,1953"/>
                <TextEquiv>
                    <Unicode>dich zu einem anderen Menschen gemacht.“ Der andere hört</Unicode>
                </TextEquiv>
            </TextLine>
            <TextLine id="r1l34" custom="readingOrder {index:33;}">
                <Coords points="408,2007 1424,2012 1423,1963 1386,1958 408,1970"/>
                <Baseline points="415,2011 465,2010 515,2008 565,2007 615,2006 665,2005 715,2004 765,2004 815,2003 865,2003 916,2002 966,2001 1016,2001 1066,2000 1116,2000 1166,1999 1216,1998 1266,1998 1316,1997 1366,1996 1417,1995"/>
                <TextEquiv>
                    <Unicode>zu und lacht nur still vor sich hin. Und dann kommt es</Unicode>
                </TextEquiv>
            </TextLine>
            <TextLine id="r1l35" custom="readingOrder {index:34;}">
                <Coords points="425,2064 1436,2045 1435,2008 1344,2001 424,2011"/>
                <Baseline points="431,2055 480,2054 530,2053 580,2052 630,2052 680,2051 730,2050 780,2049 830,2048 880,2048 930,2047 979,2046 1029,2045 1079,2045 1129,2044 1179,2043 1229,2042 1279,2042 1329,2041 1379,2040 1429,2040"/>
                <TextEquiv>
                    <Unicode>heraus: daß er das alles schon weiß. Längst. Das Mädchen</Unicode>
                </TextEquiv>
            </TextLine>
            <TextLine id="r1l36" custom="readingOrder {index:35;}">
                <Coords points="422,2105 1440,2095 1439,2062 1320,2047 421,2047"/>
                <Baseline points="428,2102 478,2100 528,2100 578,2099 629,2098 679,2097 729,2096 779,2096 830,2095 880,2094 930,2094 980,2093 1031,2092 1081,2091 1131,2091 1181,2090 1232,2089 1282,2089 1332,2087 1382,2087 1433,2086"/>
                <TextEquiv>
                    <Unicode>selbst hat ihm gestanden, daß es zuerst nur ein Spiel war.</Unicode>
                </TextEquiv>
            </TextLine>
            <TextLine id="r1l37" custom="readingOrder {index:36;}">
                <Coords points="425,2155 1423,2153 1431,2103 425,2106"/>
                <Baseline points="432,2146 481,2145 531,2144 580,2143 630,2142 680,2142 729,2141 779,2141 829,2140 878,2140 928,2139 978,2139 1027,2138 1077,2138 1127,2137 1176,2136 1226,2136 1276,2134 1325,2133 1375,2131 1425,2130"/>
                <TextEquiv>
                    <Unicode>Später, als es kein Spiel mehr war. Denn später ist sie ihm</Unicode>
                </TextEquiv>
            </TextLine>
            <TextLine id="r1l38" custom="readingOrder {index:37;}">
                <Coords points="423,2193 1428,2184 1427,2151 1343,2141 423,2164"/>
                <Baseline points="430,2190 479,2190 529,2189 578,2189 628,2189 677,2188 727,2188 776,2188 826,2187 875,2187 925,2186 975,2185 1024,2185 1074,2184 1123,2183 1173,2182 1222,2180 1272,2179 1321,2177 1371,2176 1421,2174"/>
                <TextEquiv>
                    <Unicode>dann wirklich gut geworden und dann ist sie seine Frau</Unicode>
                </TextEquiv>
            </TextLine>
            <TextLine id="r1l39" custom="readingOrder {index:38;}">
                <Coords points="417,2256 1432,2226 1398,2182 416,2201"/>
                <Baseline points="423,2239 473,2238 523,2237 573,2236 623,2235 673,2234 723,2234 773,2233 823,2232 873,2232 924,2231 974,2230 1024,2230 1074,2229 1124,2228 1174,2227 1224,2226 1274,2224 1324,2222 1374,2220 1425,2218"/>
                <TextEquiv>
                    <Unicode>geworden und jetzt ist schon ein großmächtiger Bub da. Und</Unicode>
                </TextEquiv>
            </TextLine>
            <TextLine id="r1l40" custom="readingOrder {index:39;}">
                <Coords points="416,2289 1438,2265 1413,2228 415,2256"/>
                <Baseline points="423,2282 473,2281 523,2281 574,2280 624,2280 675,2279 725,2279 775,2278 826,2278 876,2277 927,2276 977,2276 1027,2275 1078,2274 1128,2273 1179,2272 1229,2271 1279,2270 1330,2269 1380,2267 1431,2265"/>
                <TextEquiv>
                    <Unicode>sso verdankt er dem Puppenspieler eigentlich sein ganzes</Unicode>
                </TextEquiv>
            </TextLine>
            <TextLine id="r1l41" custom="readingOrder {index:40;}">
                <Coords points="418,2343 1396,2328 1432,2295 417,2288"/>
                <Baseline points="425,2324 475,2324 525,2324 575,2324 625,2324 675,2323 725,2323 775,2323 825,2322 875,2321 925,2321 975,2320 1025,2319 1075,2318 1125,2317 1175,2316 1225,2315 1275,2314 1325,2313 1375,2312 1425,2310"/>
                <TextEquiv>
                    <Unicode>Glück. Aber dem Puppenspieler kommt es doch seltsam vor.</Unicode>
                </TextEquiv>
            </TextLine>
            <TextLine id="r1l42" custom="readingOrder {index:41;}">
                <Coords points="420,2372 1430,2375 1429,2336 1359,2317 419,2342"/>
                <Baseline points="426,2370 475,2370 525,2370 575,2370 625,2370 675,2370 725,2369 774,2369 824,2368 874,2367 924,2366 974,2365 1024,2364 1074,2364 1123,2363 1173,2362 1223,2361 1273,2361 1323,2360 1373,2360 1423,2360"/>
                <TextEquiv>
                    <Unicode>Besonders der Bub kommt ihm seltsam vor, dieser wirkliche,</Unicode>
                </TextEquiv>
            </TextLine>
            <TextLine id="r1l43" custom="readingOrder {index:42;}">
                <Coords points="417,2423 1434,2401 1399,2367 416,2370"/>
                <Baseline points="424,2418 474,2417 524,2416 574,2416 624,2415 674,2414 724,2414 775,2413 825,2413 875,2412 925,2412 975,2411 1025,2411 1075,2410 1126,2410 1176,2409 1226,2408 1276,2407 1326,2406 1376,2405 1427,2403"/>
                <TextEquiv>
                    <Unicode>unleugbare, leibhafte Bub, aus einer „llusion geboren. „Wer</Unicode>
                </TextEquiv>
            </TextLine>
            <TextLine id="r1l44" custom="readingOrder {index:43;}">
                <Coords points="419,2460 1434,2457 1425,2412 418,2423"/>
                <Baseline points="425,2464 475,2463 525,2462 575,2462 625,2461 675,2460 725,2459 775,2459 825,2458 875,2457 926,2456 976,2455 1026,2455 1076,2454 1126,2453 1176,2453 1226,2452 1276,2451 1326,2450 1376,2449 1427,2449"/>
                <TextEquiv>
                    <Unicode>weiß, wozu dieser kleine Junge einmal berufen ist. Und wenn</Unicode>
                </TextEquiv>
            </TextLine>
            <TextLine id="r1l45" custom="readingOrder {index:44;}">
                <Coords points="423,2535 1342,2512 1421,2503 1435,2464 495,2482 422,2458"/>
                <Baseline points="429,2511 479,2510 529,2509 579,2509 629,2508 679,2507 729,2506 779,2505 829,2505 879,2504 929,2503 979,2502 1029,2501 1079,2501 1129,2500 1179,2499 1229,2498 1279,2497 1329,2496 1379,2495 1429,2494"/>
                <TextEquiv>
                    <Unicode>man zugleich bedenkt, daß er nie geboren wäre, wenn ich nicht</Unicode>
                </TextEquiv>
            </TextLine>
            <TextLine id="r1l46" custom="readingOrder {index:45;}">
                <Coords points="421,2556 1395,2554 1433,2544 1433,2503 1172,2533 1122,2501 420,2515"/>
                <Baseline points="427,2557 477,2556 527,2554 577,2553 627,2552 677,2551 727,2551 777,2550 827,2550 877,2550 927,2549 977,2549 1027,2549 1077,2548 1127,2547 1177,2547 1227,2546 1277,2545 1327,2544 1377,2543 1427,2541"/>
                <TextEquiv>
                    <Unicode>lan jenem Abend den Einfall gehabt hätte ... Ihr müßt</Unicode>
                </TextEquiv>
            </TextLine>
            <TextLine id="r1l47" custom="readingOrder {index:46;}">
                <Coords points="425,2624 1437,2588 1436,2551 424,2552"/>
                <Baseline points="431,2602 481,2601 531,2600 581,2599 631,2598 681,2597 731,2597 781,2596 831,2595 881,2595 931,2594 981,2593 1031,2592 1081,2592 1131,2591 1181,2590 1231,2589 1281,2588 1331,2587 1381,2586 1431,2584"/>
                <TextEquiv>
                    <Unicode>ses ihm erzählen, wenn er einmal groß genug ist, um es zu</Unicode>
                </TextEquiv>
            </TextLine>
            <TextLine id="r1l48" custom="readingOrder {index:47;}">
                <Coords points="415,2655 1413,2644 1434,2600 415,2627"/>
                <Baseline points="422,2648 472,2646 522,2645 572,2644 623,2642 673,2641 723,2640 773,2639 824,2639 874,2638 924,2637 974,2637 1025,2636 1075,2636 1125,2635 1175,2635 1226,2634 1276,2634 1326,2633 1376,2633 1427,2632"/>
                <TextEquiv>
                    <Unicode>sverstehen... Ein Kind meiner Laune — wahrhaftig.“ Und</Unicode>
                </TextEquiv>
            </TextLine>
            <TextLine id="r1l49" custom="readingOrder {index:48;}">
                <Coords points="421,2708 1395,2691 1432,2642 421,2668"/>
                <Baseline points="427,2692 476,2691 526,2690 576,2689 626,2688 676,2686 726,2685 776,2685 826,2684 876,2683 926,2682 975,2681 1025,2680 1075,2679 1125,2679 1175,2678 1225,2677 1275,2677 1325,2676 1375,2676 1425,2675"/>
                <TextEquiv>
                    <Unicode>ser geht. Die beiden aber binden dem Buben die Serviette</Unicode>
                </TextEquiv>
            </TextLine>
            <TextLine id="r1l50" custom="readingOrder {index:49;}">
                <Coords points="417,2756 1440,2725 1439,2684 1261,2676 416,2707"/>
                <Baseline points="423,2739 473,2737 524,2736 574,2734 625,2733 675,2732 726,2731 776,2730 827,2729 877,2729 928,2728 978,2728 1029,2727 1079,2727 1130,2726 1180,2726 1231,2725 1281,2724 1332,2724 1382,2723 1433,2722"/>
                <TextEquiv>
                    <Unicode>sum und rücken seinen Stuhl an den Tisch und es wird</Unicode>
                </TextEquiv>
            </TextLine>
            <TextLine id="r1l51" custom="readingOrder {index:50;}">
                <Coords points="419,2796 1354,2785 1434,2776 1433,2729 418,2763"/>
                <Baseline points="425,2785 475,2783 525,2780 575,2779 625,2777 675,2776 725,2775 775,2773 825,2773 875,2772 926,2771 976,2771 1026,2771 1076,2770 1126,2770 1176,2769 1226,2769 1276,2768 1326,2768 1376,2766 1427,2765"/>
                <TextEquiv>
                    <Unicode>sgegessen. Und wir merken, oder es kommt uns wenigstens</Unicode>
                </TextEquiv>
            </TextLine>
            <TextLine id="r1l52" custom="readingOrder {index:51;}">
                <Coords points="417,2846 1402,2830 1440,2824 1440,2779 417,2793"/>
                <Baseline points="424,2826 474,2825 525,2824 575,2823 626,2822 676,2822 727,2821 777,2820 828,2820 878,2819 929,2818 979,2818 1030,2817 1080,2817 1131,2816 1181,2816 1232,2815 1282,2814 1333,2814 1383,2813 1434,2812"/>
                <TextEquiv>
                    <Unicode>svor, daß der Dichter sagen will: Der schlichte Mann hat</Unicode>
                </TextEquiv>
            </TextLine>
            <TextLine id="r1l53" custom="readingOrder {index:52;}">
                <Coords points="415,2887 1438,2865 1421,2824 1304,2817 414,2851"/>
                <Baseline points="421,2871 471,2871 522,2870 572,2870 623,2869 673,2868 724,2867 774,2866 825,2865 875,2864 926,2863 976,2862 1027,2861 1077,2860 1128,2858 1178,2858 1229,2857 1279,2856 1330,2855 1380,2855 1431,2855"/>
                <TextEquiv>
                    <Unicode>jrecht, nicht die „Menschen meiner Art“, sondern, die sich vom</Unicode>
                </TextEquiv>
            </TextLine>
            <TextLine id="r1l54" custom="readingOrder {index:53;}">
                <Coords points="422,2938 447,2942 541,2914 595,2928 665,2914 720,2927 807,2910 807,2897 779,2896 750,2872 631,2885 474,2874 422,2885"/>
                <Baseline points="429,2911 455,2912 482,2912 508,2911 535,2911 561,2910 588,2910 614,2909 641,2908 667,2908 694,2908 720,2908 747,2908 773,2909 800,2910"/>
                <TextEquiv>
                    <Unicode>Leben foppen lassen.</Unicode>
                </TextEquiv>
            </TextLine>
            <TextLine id="r1l55" custom="readingOrder {index:54;}">
                <Coords points="524,2972 1112,2944 1397,2962 1446,2924 1310,2900 523,2926"/>
                <Baseline points="530,2956 575,2956 620,2957 666,2957 711,2957 757,2956 802,2956 848,2955 893,2954 939,2953 984,2951 1029,2950 1075,2949 1120,2948 1166,2947 1211,2947 1257,2946 1302,2946 1348,2946 1393,2946 1439,2947"/>
                <TextEquiv>
                    <Unicode>Womit wir denn wieder bei Grillparzers und</Unicode>
                </TextEquiv>
            </TextLine>
            <TextLine id="r1l56" custom="readingOrder {index:55;}">
                <Coords points="424,3032 1458,3005 1440,2942 1266,2970 424,2963"/>
                <Baseline points="431,3004 482,3004 533,3004 584,3004 635,3004 686,3003 737,3003 788,3003 839,3002 890,3002 941,3001 992,3000 1043,3000 1094,2999 1145,2999 1196,2998 1247,2998 1298,2998 1349,2997 1400,2997 1451,2997"/>
                <TextEquiv>
                    <Unicode>Stifters altösterreichischer Weisheit der Beschwichtigung</Unicode>
                </TextEquiv>
            </TextLine>
            <TextLine id="r1l57" custom="readingOrder {index:56;}">
                <Coords points="413,3064 563,3062 623,3088 662,3066 813,3069 862,3046 861,3022 840,3030 767,3010 711,3024 606,3013 412,3025"/>
                <Baseline points="419,3059 444,3059 470,3058 495,3058 521,3057 547,3056 572,3055 598,3055 624,3054 649,3053 675,3053 701,3052 726,3051 752,3051 778,3050 803,3050 829,3049 855,3049"/>
                <TextEquiv>
                    <Unicode>und Entsagung wären:</Unicode>
                </TextEquiv>
            </TextLine>
            <TextLine id="r1l58" custom="readingOrder {index:57;}">
                <Coords points="711,3116 804,3102 906,3116 989,3102 1037,3115 1149,3100 1149,3086 1072,3063 711,3076"/>
                <Baseline points="718,3102 743,3101 768,3101 793,3100 818,3100 843,3099 868,3099 893,3099 918,3099 943,3099 968,3099 993,3098 1018,3098 1043,3098 1068,3098 1093,3097 1118,3096 1143,3095"/>
                <TextEquiv>
                    <Unicode>Eines nur ist Glück hienieden,</Unicode>
                </TextEquiv>
            </TextLine>
            <TextLine id="r1l59" custom="readingOrder {index:58;}">
                <Coords points="702,3142 876,3153 1166,3134 1219,3149 1218,3104 1188,3099 702,3115"/>
                <Baseline points="709,3139 734,3140 759,3141 784,3141 809,3141 834,3141 859,3140 885,3140 910,3139 935,3138 960,3138 985,3137 1010,3137 1035,3136 1061,3136 1086,3136 1111,3136 1136,3136 1161,3137 1186,3138 1212,3140"/>
                <TextEquiv>
                    <Unicode>Eins: des Innern stiller Frieden „</Unicode>
                </TextEquiv>
            </TextLine>
            <TextLine id="r1l60" custom="readingOrder {index:59;}">
                <Coords points="696,3177 924,3191 1010,3172 1040,3185 1144,3173 1143,3155 1116,3159 1085,3139 1064,3153 1031,3140 876,3152 696,3142"/>
                <Baseline points="703,3179 728,3178 754,3178 779,3177 805,3177 830,3177 856,3177 881,3177 907,3177 932,3177 958,3176 983,3176 1009,3176 1034,3176 1060,3175 1085,3174 1111,3174 1137,3172"/>
                <TextEquiv>
                    <Unicode>Und die schuldbefreite Brust!</Unicode>
                </TextEquiv>
            </TextLine>
            <TextLine id="r1l61" custom="readingOrder {index:60;}">
                <Coords points="699,3218 1024,3226 1114,3217 1146,3207 1146,3189 1087,3178 1007,3179 993,3192 887,3180 795,3185 780,3198 758,3182 698,3191"/>
                <Baseline points="705,3214 730,3215 756,3215 781,3215 807,3215 832,3215 858,3215 883,3215 909,3215 934,3215 960,3214 985,3214 1011,3213 1036,3212 1062,3212 1087,3210 1113,3210 1139,3208"/>
                <TextEquiv>
                    <Unicode>Und die Größe ist gefährlich,</Unicode>
                </TextEquiv>
            </TextLine>
            <TextLine id="r1l62" custom="readingOrder {index:61;}">
                <Coords points="698,3249 889,3268 928,3248 1119,3260 1198,3248 1198,3231 1145,3212 698,3232"/>
                <Baseline points="705,3251 730,3252 756,3252 781,3253 807,3253 832,3253 858,3253 884,3253 909,3252 935,3252 960,3252 986,3251 1011,3251 1037,3250 1063,3249 1088,3249 1114,3248 1139,3248 1165,3247 1191,3246"/>
                <TextEquiv>
                    <Unicode>Und der Ruhm ein leeres Spiel;</Unicode>
                </TextEquiv>
            </TextLine>
            <TextLine id="r1l63" custom="readingOrder {index:62;}">
                <Coords points="711,3296 1160,3298 1211,3286 1211,3255 710,3263"/>
                <Baseline points="717,3289 742,3290 768,3290 794,3290 819,3290 845,3290 871,3290 896,3290 922,3289 948,3289 973,3288 999,3287 1025,3287 1050,3286 1076,3285 1102,3285 1127,3284 1153,3283 1179,3283 1205,3283"/>
                <TextEquiv>
                    <Unicode>Was er gibt, sind nicht'ge Schatten,</Unicode>
                </TextEquiv>
            </TextLine>
            <TextLine id="r1l64" custom="readingOrder {index:63;}">
                <Coords points="701,3347 777,3333 903,3333 926,3348 988,3328 1159,3329 1158,3295 1121,3289 700,3301"/>
                <Baseline points="707,3324 733,3325 759,3325 785,3326 811,3326 837,3326 864,3326 890,3326 916,3325 942,3324 968,3324 994,3323 1021,3323 1047,3322 1073,3322 1099,3322 1125,3322 1152,3322"/>
                <TextEquiv>
                    <Unicode>Was er nimmt, es ist so viel!</Unicode>
                </TextEquiv>
            </TextLine>
            <TextLine id="r1l65" custom="readingOrder {index:64;}">
                <Coords points="519,3386 604,3413 784,3385 1305,3392 1418,3386 1452,3343 519,3354"/>
                <Baseline points="525,3383 571,3384 617,3385 663,3385 709,3385 755,3385 801,3384 847,3384 893,3383 939,3383 985,3382 1031,3381 1077,3380 1123,3379 1169,3378 1215,3377 1261,3376 1307,3376 1353,3375 1399,3375 1445,3374"/>
                <TextEquiv>
                    <Unicode>Beiseite leben. Still sein. Sich nicht vermessen, um</Unicode>
                </TextEquiv>
            </TextLine>
            <TextLine id="r1l66" custom="readingOrder {index:65;}">
                <Coords points="423,3454 1305,3440 1448,3427 1447,3379 651,3410 421,3382"/>
                <Baseline points="429,3439 479,3437 530,3436 580,3435 631,3434 682,3433 732,3433 783,3432 833,3431 884,3431 935,3430 985,3429 1036,3428 1086,3428 1137,3427 1188,3426 1238,3425 1289,3423 1339,3422 1390,3421 1441,3419"/>
                <TextEquiv>
                    <Unicode>sich nicht zu verlieren. Umgekehrt wie Brand: nicht „alles</Unicode>
                </TextEquiv>
            </TextLine>
            <TextLine id="r1l67" custom="readingOrder {index:66;}">
                <Coords points="418,3493 1310,3490 1427,3474 1463,3435 417,3452"/>
                <Baseline points="425,3484 476,3484 528,3483 579,3483 631,3482 683,3481 734,3481 786,3480 837,3479 889,3478 941,3477 992,3476 1044,3475 1095,3474 1147,3473 1199,3472 1250,3471 1302,3470 1353,3469 1405,3468 1457,3468"/>
                <TextEquiv>
                    <Unicode>oder nichts“, sondern dazwischen. Nicht hochmütig auf die</Unicode>
                </TextEquiv>
            </TextLine>
            <TextLine id="r1l68" custom="readingOrder {index:67;}">
                <Coords points="422,3533 1388,3532 1454,3526 1454,3483 421,3494"/>
                <Baseline points="429,3531 479,3530 530,3530 581,3530 632,3529 683,3529 734,3528 785,3527 836,3527 887,3526 938,3525 988,3524 1039,3522 1090,3522 1141,3520 1192,3519 1243,3518 1294,3517 1345,3515 1396,3514 1447,3513"/>
                <TextEquiv>
                    <Unicode>Wahrheit pochen, die, wenn sie extrem wird, über unsere</Unicode>
                </TextEquiv>
            </TextLine>
            <TextLine id="r1l69" custom="readingOrder {index:68;}">
                <Coords points="411,3577 1460,3587 1437,3520 410,3553"/>
                <Baseline points="417,3579 468,3578 520,3577 572,3576 624,3575 676,3574 727,3574 779,3573 831,3572 883,3572 935,3571 986,3570 1038,3570 1090,3569 1142,3568 1194,3567 1245,3566 1297,3564 1349,3563 1401,3560 1453,3558"/>
                <TextEquiv>
                    <Unicode>Kraft geht. Die kleinen Lügen nicht verachten, aus denen</Unicode>
                </TextEquiv>
            </TextLine>
            <TextLine id="r1l70" custom="readingOrder {index:69;}">
                <Coords points="422,3628 1392,3624 1453,3586 421,3581"/>
                <Baseline points="429,3625 479,3624 530,3624 581,3623 632,3622 683,3622 734,3621 785,3620 836,3619 887,3618 938,3617 988,3617 1039,3615 1090,3615 1141,3613 1192,3612 1243,3611 1294,3610 1345,3608 1396,3607 1447,3605"/>
                <TextEquiv>
                    <Unicode>doch manchmal etwas so Wirkliches wie dieser kleine Bub</Unicode>
                </TextEquiv>
            </TextLine>
            <TextLine id="r1l71" custom="readingOrder {index:70;}">
                <Coords points="418,3667 1464,3677 1436,3617 417,3633"/>
                <Baseline points="425,3669 476,3670 528,3670 579,3670 631,3670 683,3669 734,3668 786,3667 837,3666 889,3665 941,3664 992,3663 1044,3661 1095,3660 1147,3659 1199,3658 1250,3657 1302,3656 1353,3656 1405,3655 1457,3655"/>
                <TextEquiv>
                    <Unicode>hier wird, worin vielleicht das eigentliche Wunder und das</Unicode>
                </TextEquiv>
            </TextLine>
            <TextLine id="r1l72" custom="readingOrder {index:71;}">
                <Coords points="426,3720 1352,3720 1453,3685 425,3674"/>
                <Baseline points="433,3716 483,3717 534,3717 585,3717 635,3716 686,3716 737,3715 787,3714 838,3712 889,3711 940,3710 990,3708 1041,3707 1092,3705 1142,3704 1193,3703 1244,3703 1294,3702 1345,3702 1396,3703 1447,3704"/>
                <TextEquiv>
                    <Unicode>fletzte Geheimnis unseres Lebens liegt. Eine Gesinnung, die</Unicode>
                </TextEquiv>
            </TextLine>
            <TextLine id="r1l73" custom="readingOrder {index:72;}">
                <Coords points="422,3766 1369,3770 1453,3766 1453,3725 421,3724"/>
                <Baseline points="429,3764 479,3764 530,3764 581,3763 632,3762 683,3761 734,3761 785,3759 836,3758 887,3757 938,3755 988,3754 1039,3753 1090,3752 1141,3752 1192,3751 1243,3751 1294,3750 1345,3750 1396,3751 1447,3751"/>
                <TextEquiv>
                    <Unicode>sich seit ein paar Jahren bei Schnitzler immer wieder meldet,</Unicode>
                </TextEquiv>
            </TextLine>
            <TextLine id="r1l74" custom="readingOrder {index:73;}">
                <Coords points="423,3812 1457,3815 1455,3745 422,3767"/>
                <Baseline points="429,3812 480,3811 531,3810 582,3809 633,3808 684,3808 735,3807 786,3806 837,3805 888,3804 939,3803 990,3802 1041,3801 1092,3800 1143,3799 1194,3798 1245,3797 1296,3797 1347,3796 1398,3795 1449,3794"/>
                <TextEquiv>
                    <Unicode>sogar im „Einsamen Weg“, seiner reifsten, so wunderbar</Unicode>
                </TextEquiv>
            </TextLine>
            <TextLine id="r1l75" custom="readingOrder {index:74;}">
                <Coords points="422,3869 1057,3840 1247,3865 1289,3837 1341,3865 1458,3851 1458,3816 421,3824"/>
                <Baseline points="429,3857 480,3856 531,3856 582,3855 633,3854 684,3854 735,3853 786,3852 837,3851 888,3850 940,3849 991,3848 1042,3848 1093,3847 1144,3846 1195,3845 1246,3845 1297,3844 1348,3843 1399,3843 1451,3842"/>
                <TextEquiv>
                    <Unicode>tiefen und reichen Dichtung. Eine Gesinnung, die auf</Unicode>
                </TextEquiv>
            </TextLine>
            <TextLine id="r1l76" custom="readingOrder {index:75;}">
                <Coords points="417,3911 1276,3894 1454,3920 1465,3849 416,3868"/>
                <Baseline points="423,3902 474,3902 526,3902 578,3901 630,3900 681,3900 733,3899 785,3898 837,3897 888,3896 940,3895 992,3894 1044,3893 1095,3892 1147,3891 1199,3890 1251,3890 1302,3889 1354,3888 1406,3888 1458,3888"/>
                <TextEquiv>
                    <Unicode>mich — lieber Arthur, sei nicht bös, aber: Bekenntnis gegen</Unicode>
                </TextEquiv>
            </TextLine>
            <TextLine id="r1l77" custom="readingOrder {index:76;}">
                <Coords points="424,3945 1364,3954 1464,3917 423,3908"/>
                <Baseline points="431,3949 482,3949 533,3948 584,3947 636,3946 687,3945 738,3945 790,3944 841,3944 892,3943 944,3943 995,3942 1046,3942 1097,3941 1149,3940 1200,3940 1251,3939 1303,3938 1354,3937 1405,3936 1457,3935"/>
                <TextEquiv>
                    <Unicode>Bekenntnis — allmählich unerträglich pensioniert wirkt.</Unicode>
                </TextEquiv>
            </TextLine>
            <TextLine id="r1l78" custom="readingOrder {index:77;}">
                <Coords points="422,3997 1399,3984 1464,4011 1463,3939 421,3950"/>
                <Baseline points="429,3995 480,3995 531,3994 583,3993 634,3992 686,3991 737,3991 788,3990 840,3990 891,3989 943,3989 994,3988 1045,3987 1097,3987 1148,3986 1200,3985 1251,3985 1302,3984 1354,3983 1405,3982 1457,3980"/>
                <TextEquiv>
                    <Unicode>Eine Gesinnung, mit der sich auch Hebbel, durch Oesterreich</Unicode>
                </TextEquiv>
            </TextLine>
            <TextLine id="r1l79" custom="readingOrder {index:78;}">
                <Coords points="430,4061 873,4030 1326,4046 1453,4033 1453,3997 429,4019"/>
                <Baseline points="437,4044 487,4043 538,4042 588,4041 639,4040 689,4039 740,4038 790,4037 841,4036 891,4035 942,4034 992,4033 1043,4033 1093,4032 1144,4031 1194,4030 1245,4030 1295,4029 1346,4029 1396,4029 1447,4028"/>
                <TextEquiv>
                    <Unicode>gebrochen, betrogen hat: Kraft oder Schönheit gehört in</Unicode>
                </TextEquiv>
            </TextLine>
            <TextLine id="r1l80" custom="readingOrder {index:79;}">
                <Coords points="425,4105 1342,4093 1449,4075 1449,4042 424,4061"/>
                <Baseline points="431,4088 481,4087 532,4086 582,4085 633,4085 684,4084 734,4084 785,4084 835,4083 886,4083 937,4083 987,4083 1038,4082 1088,4082 1139,4081 1190,4081 1240,4080 1291,4078 1341,4077 1392,4075 1443,4073"/>
                <TextEquiv>
                    <Unicode>unser Leben nicht, nimmt, wenn sie sich darin zeigt, eine</Unicode>
                </TextEquiv>
            </TextLine>
            <TextLine id="r1l81" custom="readingOrder {index:80;}">
                <Coords points="430,4150 1452,4128 1451,4090 1373,4080 430,4109"/>
                <Baseline points="437,4131 487,4131 537,4131 588,4131 638,4131 689,4131 739,4131 789,4131 840,4130 890,4130 941,4129 991,4129 1041,4128 1092,4127 1142,4126 1193,4125 1243,4124 1293,4123 1344,4122 1394,4120 1445,4119"/>
                <TextEquiv>
                    <Unicode>Schuld auf sich und muß sie tragisch büßen. Ich habe sonst</Unicode>
                </TextEquiv>
            </TextLine>
            <TextLine id="r1l82" custom="readingOrder {index:81;}">
                <Coords points="431,4200 1448,4185 1447,4134 1374,4128 431,4150"/>
                <Baseline points="437,4176 487,4177 537,4177 587,4177 637,4176 688,4176 738,4176 788,4175 838,4175 888,4174 939,4173 989,4173 1039,4172 1089,4171 1139,4170 1190,4169 1240,4168 1290,4167 1340,4166 1390,4165 1441,4164"/>
                <TextEquiv>
                    <Unicode>meinem Marxismus mit der Zeit recht bedingen gelernt,</Unicode>
                </TextEquiv>
            </TextLine>
            <TextLine id="r1l83" custom="readingOrder {index:82;}">
                <Coords points="429,4237 1431,4226 1448,4185 428,4200"/>
                <Baseline points="435,4220 485,4220 535,4221 585,4221 636,4221 686,4221 736,4221 787,4221 837,4220 887,4220 938,4219 988,4218 1038,4217 1088,4217 1139,4216 1189,4215 1239,4214 1290,4213 1340,4212 1390,4212 1441,4211"/>
                <TextEquiv>
                    <Unicode>aber da muß ich doch sagen: Dies scheint mir wirklich nichts</Unicode>
                </TextEquiv>
            </TextLine>
            <TextEquiv>
                <Unicode>10. Der Puppenspieler
halt nichts gut aus, mich hat halt niemand lieb!“ Davon
ihn zu heilen, sich aber wieder ein Exempel zu machen, daß
in unserem Leben doch alles nur aus Illusion gewoben ist,
stiftet Merklin ein junges Mädchen an, in Jagisch verliebt
zu tun, wozu es, selbst in Merklin verliebt, sich bereden
läßt. Und nun, nach zehn Jahren, sagt er es ihm und weidet
ssich daran: „Ich vermute, daß dieser Abend bedeutungs¬
voller für dich war, als du ahnst. Ich glaube, daß du an
diesem Abende den Lebensmut in dich getrunken hast, von
dem du auch heute noch erfüllt bist. Denn damals, gesteh' es,
hast du zum ersten Mal empfunden, daß auch du im stande
bist, Glück zu geben, Glück zu empfangen . .. Wäre jene
Stunde nicht gewesen, du wärst wohl dein Lebtag der ver¬
schüchterte, ängstliche Bursche geblieben, als den ich dich
kannte. Vielleicht hättest du nicht einmal den Mut gefunden,
um ein Weib zu werben . .. Und wie kam dies alles? Wo¬
durch war diese außerordentliche Veränderung deines
Wesens hervorgerufen? Indem du glaubtest, das schöne
Mädchen, das dich damals doch zum ersten Mal sah, hätte
ssich auf den ersten Blick in dich verliebt ... Du hattest
Ursache, es zu glauben; aber du hast dich geirrt ... Das
Ganze war ein tiefsinniger Spaß, den ich ausgedacht
hatte... Es war eine abgekartete Sache. Die Kleine, die
so zärtlich mit dir war, tat einfach, was ich wollte. Ihr
war't die Puppen in meiner Hand, ich lenkte die Drähte.
Es war abgemacht, daß sie sich in dich verliebt stellen sollte.
Denn du hast mir immer leid getan, Eduard. Ich wollte
in dir die Illusion eines Glückes erwecken, damit dich das
wahre Glück bereit fände, wenn es einmal erschiene. Und
so hab' ich — wie es Leuten meiner Art wohl gegeben sein
mag — vielleicht noch tiefer gewirkt, als ich wollte. Ich habe
dich zu einem anderen Menschen gemacht.“ Der andere hört
zu und lacht nur still vor sich hin. Und dann kommt es
heraus: daß er das alles schon weiß. Längst. Das Mädchen
selbst hat ihm gestanden, daß es zuerst nur ein Spiel war.
Später, als es kein Spiel mehr war. Denn später ist sie ihm
dann wirklich gut geworden und dann ist sie seine Frau
geworden und jetzt ist schon ein großmächtiger Bub da. Und
sso verdankt er dem Puppenspieler eigentlich sein ganzes
Glück. Aber dem Puppenspieler kommt es doch seltsam vor.
Besonders der Bub kommt ihm seltsam vor, dieser wirkliche,
unleugbare, leibhafte Bub, aus einer „llusion geboren. „Wer
weiß, wozu dieser kleine Junge einmal berufen ist. Und wenn
man zugleich bedenkt, daß er nie geboren wäre, wenn ich nicht
lan jenem Abend den Einfall gehabt hätte ... Ihr müßt
ses ihm erzählen, wenn er einmal groß genug ist, um es zu
sverstehen... Ein Kind meiner Laune — wahrhaftig.“ Und
ser geht. Die beiden aber binden dem Buben die Serviette
sum und rücken seinen Stuhl an den Tisch und es wird
sgegessen. Und wir merken, oder es kommt uns wenigstens
svor, daß der Dichter sagen will: Der schlichte Mann hat
jrecht, nicht die „Menschen meiner Art“, sondern, die sich vom
Leben foppen lassen.
Womit wir denn wieder bei Grillparzers und
Stifters altösterreichischer Weisheit der Beschwichtigung
und Entsagung wären:
Eines nur ist Glück hienieden,
Eins: des Innern stiller Frieden „
Und die schuldbefreite Brust!
Und die Größe ist gefährlich,
Und der Ruhm ein leeres Spiel;
Was er gibt, sind nicht'ge Schatten,
Was er nimmt, es ist so viel!
Beiseite leben. Still sein. Sich nicht vermessen, um
sich nicht zu verlieren. Umgekehrt wie Brand: nicht „alles
oder nichts“, sondern dazwischen. Nicht hochmütig auf die
Wahrheit pochen, die, wenn sie extrem wird, über unsere
Kraft geht. Die kleinen Lügen nicht verachten, aus denen
doch manchmal etwas so Wirkliches wie dieser kleine Bub
hier wird, worin vielleicht das eigentliche Wunder und das
fletzte Geheimnis unseres Lebens liegt. Eine Gesinnung, die
sich seit ein paar Jahren bei Schnitzler immer wieder meldet,
sogar im „Einsamen Weg“, seiner reifsten, so wunderbar
tiefen und reichen Dichtung. Eine Gesinnung, die auf
mich — lieber Arthur, sei nicht bös, aber: Bekenntnis gegen
Bekenntnis — allmählich unerträglich pensioniert wirkt.
Eine Gesinnung, mit der sich auch Hebbel, durch Oesterreich
gebrochen, betrogen hat: Kraft oder Schönheit gehört in
unser Leben nicht, nimmt, wenn sie sich darin zeigt, eine
Schuld auf sich und muß sie tragisch büßen. Ich habe sonst
meinem Marxismus mit der Zeit recht bedingen gelernt,
aber da muß ich doch sagen: Dies scheint mir wirklich nichts</Unicode>
            </TextEquiv>
        </TextRegion>
        <TextRegion orientation="0.0" id="r2" custom="readingOrder {index:1;}">
            <Coords points="1407,324 1407,2785 2475,2785 2475,324"/>
            <TextLine id="r2l1" custom="readingOrder {index:0;}">
                <Coords points="1400,366 1529,359 1554,375 1605,352 1726,375 1783,356 1844,363 1854,303 1763,290 1683,312 1658,295 1601,331 1515,300 1400,305"/>
                <Baseline points="1407,352 1432,351 1458,351 1484,351 1510,351 1536,351 1562,352 1588,352 1614,352 1639,352 1665,352 1691,351 1717,351 1743,351 1769,350 1795,349 1821,348 1847,346"/>
                <TextEquiv>
                    <Unicode>box 34/9</Unicode>
                </TextEquiv>
            </TextLine>
            <TextLine id="r2l2" custom="readingOrder {index:1;}">
                <Coords points="1435,556 2482,557 2481,500 2332,513 2271,483 1802,523 1434,505"/>
                <Baseline points="1441,547 1492,548 1544,549 1596,549 1647,549 1699,549 1751,549 1802,549 1854,549 1906,548 1958,548 2009,547 2061,547 2113,546 2164,546 2216,545 2268,544 2319,544 2371,543 2423,543 2475,542"/>
                <TextEquiv>
                    <Unicode>Sehnsucht nach der neuen Form einer starken, durchaus</Unicode>
                </TextEquiv>
            </TextLine>
            <TextLine id="r2l3" custom="readingOrder {index:2;}">
                <Coords points="1447,599 2359,585 2464,619 2464,556 2432,548 1447,559"/>
                <Baseline points="1454,594 1504,594 1554,594 1604,593 1654,593 1704,593 1754,592 1805,592 1855,592 1905,591 1955,591 2005,590 2055,590 2105,589 2156,589 2206,588 2256,588 2306,587 2356,586 2406,585 2457,584"/>
                <TextEquiv>
                    <Unicode>wahrhaften, leuchtenden Existenz in innerer Freiheit, oder</Unicode>
                </TextEquiv>
            </TextLine>
            <TextLine id="r2l4" custom="readingOrder {index:3;}">
                <Coords points="1436,649 2326,649 2462,615 2407,589 1435,596"/>
                <Baseline points="1443,640 1493,639 1544,639 1594,638 1645,638 1696,638 1746,638 1797,638 1847,637 1898,637 1949,637 1999,636 2050,636 2100,635 2151,634 2202,634 2252,632 2303,631 2353,629 2404,627 2455,625"/>
                <TextEquiv>
                    <Unicode>dieses hinfälligen alten Lebens trister Widerstand! In Ge¬</Unicode>
                </TextEquiv>
            </TextLine>
            <TextLine id="r2l5" custom="readingOrder {index:4;}">
                <Coords points="1441,690 2458,697 2457,635 2375,631 1441,649"/>
                <Baseline points="1447,684 1497,684 1547,684 1597,685 1647,685 1698,685 1748,685 1798,685 1848,685 1898,684 1949,684 1999,684 2049,683 2099,683 2149,682 2200,681 2250,680 2300,679 2350,677 2400,676 2451,674"/>
                <TextEquiv>
                    <Unicode>danken still beiseite, sozusagen: auf dem anderen Ufer</Unicode>
                </TextEquiv>
            </TextLine>
            <TextLine id="r2l6" custom="readingOrder {index:5;}">
                <Coords points="1451,741 2290,718 2467,749 2470,703 2348,677 1450,692"/>
                <Baseline points="1457,730 1507,729 1557,729 1607,728 1658,728 1708,728 1758,727 1809,727 1859,727 1909,726 1960,726 2010,726 2060,725 2110,725 2161,725 2211,725 2261,724 2312,724 2362,723 2412,723 2463,722"/>
                <TextEquiv>
                    <Unicode>sein und höchstens manchmal lächelnd herüber schauen,</Unicode>
                </TextEquiv>
            </TextLine>
            <TextLine id="r2l7" custom="readingOrder {index:6;}">
                <Coords points="1440,784 2384,781 2460,748 1439,740"/>
                <Baseline points="1447,777 1497,776 1547,776 1597,775 1648,775 1698,774 1748,773 1799,773 1849,772 1899,771 1950,771 2000,770 2050,769 2100,768 2151,768 2201,767 2251,766 2302,765 2352,764 2402,763 2453,762"/>
                <TextEquiv>
                    <Unicode>froh, daß man sich noch zur rechten Zeit geflüchtet und</Unicode>
                </TextEquiv>
            </TextLine>
            <TextLine id="r2l8" custom="readingOrder {index:7;}">
                <Coords points="1439,833 2381,828 2467,814 2467,771 1438,784"/>
                <Baseline points="1445,818 1495,819 1546,819 1597,819 1648,819 1699,819 1749,819 1800,818 1851,818 1902,818 1953,817 2003,817 2054,816 2105,815 2156,815 2207,814 2257,813 2308,811 2359,810 2410,808 2461,807"/>
                <TextEquiv>
                    <Unicode>davor gesichert hat, das scheint jetzt oft der müde Wunsch</Unicode>
                </TextEquiv>
            </TextLine>
            <TextLine id="r2l9" custom="readingOrder {index:8;}">
                <Coords points="1440,868 2358,867 2459,858 2459,820 1440,833"/>
                <Baseline points="1447,867 1497,866 1547,865 1597,864 1648,864 1698,863 1748,862 1798,862 1849,861 1899,860 1949,860 1999,859 2050,858 2100,858 2150,857 2200,856 2251,855 2301,854 2351,853 2401,852 2452,851"/>
                <TextEquiv>
                    <Unicode>deiner Menschen. Aber solche Gedanken, die nur still, mit</Unicode>
                </TextEquiv>
            </TextLine>
            <TextLine id="r2l10" custom="readingOrder {index:9;}">
                <Coords points="1442,929 2409,914 2464,909 2463,843 2262,877 1441,883"/>
                <Baseline points="1449,915 1499,913 1549,910 1600,909 1650,907 1701,907 1751,906 1801,906 1852,906 1902,906 1953,906 2003,906 2053,906 2104,906 2154,905 2205,904 2255,903 2305,902 2356,899 2406,896 2457,893"/>
                <TextEquiv>
                    <Unicode>gesunkenen Händen, beiseite sitzen können, sind mir nichts</Unicode>
                </TextEquiv>
            </TextLine>
            <TextLine id="r2l11" custom="readingOrder {index:10;}">
                <Coords points="1441,956 2467,956 2467,917 1441,931"/>
                <Baseline points="1448,956 1498,955 1549,954 1599,953 1650,953 1701,952 1751,951 1802,951 1853,951 1903,950 1954,950 2005,950 2055,949 2106,949 2157,948 2207,948 2258,947 2309,946 2359,945 2410,944 2461,943"/>
                <TextEquiv>
                    <Unicode>und mich verlangt nach kühneren, die die Kraft hätten, die</Unicode>
                </TextEquiv>
            </TextLine>
            <TextLine id="r2l12" custom="readingOrder {index:11;}">
                <Coords points="1441,1011 2468,1013 2468,956 1441,972"/>
                <Baseline points="1447,1005 1497,1003 1548,1002 1599,1000 1649,999 1700,998 1751,997 1801,997 1852,996 1903,996 1954,995 2004,995 2055,994 2106,994 2156,994 2207,993 2258,992 2308,991 2359,990 2410,989 2461,987"/>
                <TextEquiv>
                    <Unicode>Fäuste zu ballen und ins Leben zu strecken und es nicht zu</Unicode>
                </TextEquiv>
            </TextLine>
            <TextLine id="r2l13" custom="readingOrder {index:12;}">
                <Coords points="1438,1051 2469,1053 2478,1001 1437,1012"/>
                <Baseline points="1444,1049 1495,1048 1546,1047 1598,1046 1649,1045 1700,1044 1752,1043 1803,1043 1854,1042 1906,1042 1957,1041 2008,1041 2060,1040 2111,1040 2162,1039 2214,1039 2265,1038 2316,1037 2368,1036 2419,1035 2471,1034"/>
                <TextEquiv>
                    <Unicode>lassen, bis es uns segnen wird. Ich denke jetzt so oft an</Unicode>
                </TextEquiv>
            </TextLine>
            <TextLine id="r2l14" custom="readingOrder {index:13;}">
                <Coords points="1444,1095 1859,1105 1992,1072 2388,1096 2459,1079 2459,1042 1444,1052"/>
                <Baseline points="1450,1093 1500,1091 1550,1090 1600,1089 1650,1088 1700,1087 1750,1087 1801,1086 1851,1086 1901,1086 1951,1085 2001,1085 2051,1085 2101,1085 2152,1084 2202,1084 2252,1083 2302,1082 2352,1081 2402,1080 2453,1078"/>
                <TextEquiv>
                    <Unicode>deinen „Schleier der Beatrice“ an die schaurig große</Unicode>
                </TextEquiv>
            </TextLine>
            <TextLine id="r2l15" custom="readingOrder {index:14;}">
                <Coords points="1443,1143 2462,1136 2422,1088 2339,1083 1443,1101"/>
                <Baseline points="1450,1136 1500,1136 1550,1136 1600,1136 1651,1135 1701,1135 1751,1134 1802,1134 1852,1133 1902,1133 1953,1132 2003,1132 2053,1131 2103,1130 2154,1130 2204,1129 2254,1129 2305,1128 2355,1127 2405,1127 2456,1126"/>
                <TextEquiv>
                    <Unicode>Stimmung jener letzten Nacht, die den blutigen Borgia</Unicode>
                </TextEquiv>
            </TextLine>
            <TextLine id="r2l16" custom="readingOrder {index:15;}">
                <Coords points="1440,1197 2457,1184 2471,1133 2005,1136 1924,1165 1440,1142"/>
                <Baseline points="1447,1183 1497,1182 1548,1182 1599,1181 1650,1181 1701,1180 1752,1179 1803,1179 1854,1178 1905,1178 1956,1177 2006,1176 2057,1176 2108,1175 2159,1174 2210,1173 2261,1172 2312,1171 2363,1170 2414,1169 2465,1167"/>
                <TextEquiv>
                    <Unicode>schon vor den Toren weiß ... und morgen wird er kommen</Unicode>
                </TextEquiv>
            </TextLine>
            <TextLine id="r2l17" custom="readingOrder {index:16;}">
                <Coords points="1437,1230 2423,1234 2473,1181 1436,1202"/>
                <Baseline points="1443,1231 1494,1230 1545,1229 1596,1228 1647,1227 1698,1226 1749,1225 1801,1224 1852,1223 1903,1222 1954,1222 2005,1221 2056,1220 2107,1219 2159,1219 2210,1218 2261,1217 2312,1216 2363,1215 2414,1215 2466,1214"/>
                <TextEquiv>
                    <Unicode>und mit ihm kommt der Tod. Sind wir nicht selbst jetzt</Unicode>
                </TextEquiv>
            </TextLine>
            <TextLine id="r2l18" custom="readingOrder {index:17;}">
                <Coords points="1444,1281 2475,1267 2474,1241 2334,1220 1443,1242"/>
                <Baseline points="1450,1275 1500,1275 1551,1275 1602,1274 1653,1274 1704,1273 1755,1272 1806,1272 1857,1271 1908,1270 1959,1269 2009,1268 2060,1267 2111,1266 2162,1266 2213,1265 2264,1264 2315,1263 2366,1263 2417,1262 2468,1262"/>
                <TextEquiv>
                    <Unicode>in solcher Nacht einer Welt, die morgen versinkt? Aber da</Unicode>
                </TextEquiv>
            </TextLine>
            <TextLine id="r2l19" custom="readingOrder {index:18;}">
                <Coords points="1451,1322 2362,1322 2465,1305 2465,1277 1451,1284"/>
                <Baseline points="1458,1316 1508,1316 1558,1315 1608,1315 1658,1314 1708,1314 1758,1313 1808,1312 1858,1312 1908,1311 1958,1311 2008,1310 2058,1310 2108,1309 2158,1309 2208,1309 2258,1308 2308,1308 2358,1308 2408,1308 2458,1308"/>
                <TextEquiv>
                    <Unicode>wollen wir doch die paar letzten Stunden, bevor der Borgia</Unicode>
                </TextEquiv>
            </TextLine>
            <TextLine id="r2l20" custom="readingOrder {index:19;}">
                <Coords points="1444,1367 2432,1366 2470,1305 1444,1325"/>
                <Baseline points="1451,1361 1501,1361 1552,1361 1602,1361 1653,1361 1704,1360 1754,1360 1805,1359 1856,1359 1906,1359 1957,1358 2008,1357 2058,1357 2109,1356 2160,1356 2210,1355 2261,1355 2312,1355 2362,1354 2413,1354 2464,1353"/>
                <TextEquiv>
                    <Unicode>kommt, endlich einmal nicht mehr entsagen, nicht</Unicode>
                </TextEquiv>
            </TextLine>
            <TextLine id="r2l21" custom="readingOrder {index:20;}">
                <Coords points="1458,1419 2417,1409 2470,1395 2469,1346 2335,1374 1457,1370"/>
                <Baseline points="1464,1410 1514,1410 1564,1410 1614,1409 1664,1409 1714,1408 1764,1407 1814,1407 1864,1406 1914,1405 1964,1404 2014,1403 2064,1402 2114,1401 2164,1400 2214,1399 2264,1398 2314,1398 2364,1397 2414,1397 2464,1397"/>
                <TextEquiv>
                    <Unicode>mehr uns fügen, nicht mehr nach dem Gebot der Väter</Unicode>
                </TextEquiv>
            </TextLine>
            <TextLine id="r2l22" custom="readingOrder {index:21;}">
                <Coords points="1456,1470 2437,1456 2474,1429 2402,1402 1456,1417"/>
                <Baseline points="1462,1457 1512,1456 1562,1454 1612,1454 1663,1453 1713,1451 1763,1451 1813,1450 1864,1449 1914,1448 1964,1448 2014,1447 2065,1447 2115,1446 2165,1446 2215,1445 2266,1445 2316,1445 2366,1445 2416,1444 2467,1444"/>
                <TextEquiv>
                    <Unicode>fragen, sondern nachholen, bevor es zu spät ist, und endlich</Unicode>
                </TextEquiv>
            </TextLine>
            <TextLine id="r2l23" custom="readingOrder {index:22;}">
                <Coords points="1452,1518 2479,1496 2468,1429 2303,1471 2256,1447 1452,1472"/>
                <Baseline points="1458,1501 1508,1500 1559,1500 1610,1499 1660,1498 1711,1497 1762,1497 1812,1496 1863,1495 1914,1495 1965,1494 2015,1493 2066,1493 2117,1492 2167,1492 2218,1492 2269,1491 2319,1491 2370,1491 2421,1492 2472,1492"/>
                <TextEquiv>
                    <Unicode>nichts als wir selbst sein und, den Tod im Leibe, endlich,</Unicode>
                </TextEquiv>
            </TextLine>
            <TextLine id="r2l24" custom="readingOrder {index:23;}">
                <Coords points="1445,1556 2425,1545 2472,1536 2471,1495 1444,1517"/>
                <Baseline points="1451,1547 1501,1547 1552,1546 1603,1545 1653,1545 1704,1544 1755,1543 1805,1542 1856,1541 1907,1541 1958,1540 2008,1539 2059,1538 2110,1537 2160,1536 2211,1535 2262,1535 2312,1534 2363,1534 2414,1533 2465,1533"/>
                <TextEquiv>
                    <Unicode>endlich leben! Ich glaube nicht mehr, Arthur, daß Ent¬</Unicode>
                </TextEquiv>
            </TextLine>
            <TextLine id="r2l25" custom="readingOrder {index:24;}">
                <Coords points="1454,1605 2466,1587 2465,1541 2366,1536 1454,1553"/>
                <Baseline points="1461,1591 1510,1591 1560,1591 1610,1591 1660,1590 1710,1589 1760,1589 1810,1588 1860,1587 1910,1586 1960,1586 2009,1585 2059,1584 2109,1583 2159,1582 2209,1581 2259,1581 2309,1580 2359,1579 2409,1579 2459,1579"/>
                <TextEquiv>
                    <Unicode>sagung Reife ist. Ich glaube, sie ist nur innere Schwäche.</Unicode>
                </TextEquiv>
            </TextLine>
            <TextLine id="r2l26" custom="readingOrder {index:25;}">
                <Coords points="1443,1637 2466,1648 2427,1586 1443,1610"/>
                <Baseline points="1449,1636 1499,1634 1550,1634 1600,1633 1651,1633 1701,1632 1752,1632 1802,1631 1853,1631 1903,1631 1954,1631 2004,1631 2055,1630 2105,1630 2156,1630 2206,1629 2257,1629 2307,1628 2358,1627 2408,1626 2459,1625"/>
                <TextEquiv>
                    <Unicode>(Furcht von Menschen, die sich bewahren wollen, weil sie</Unicode>
                </TextEquiv>
            </TextLine>
            <TextLine id="r2l27" custom="readingOrder {index:26;}">
                <Coords points="1440,1693 2413,1685 2463,1641 1440,1647"/>
                <Baseline points="1447,1681 1497,1680 1548,1679 1598,1678 1649,1677 1699,1677 1750,1677 1800,1676 1851,1676 1901,1676 1952,1676 2002,1676 2053,1676 2103,1675 2154,1675 2204,1674 2255,1673 2305,1672 2356,1670 2406,1669 2457,1666"/>
                <TextEquiv>
                    <Unicode>noch nicht wissen, daß dies der Sinn des Lebens ist:</Unicode>
                </TextEquiv>
            </TextLine>
            <TextLine id="r2l28" custom="readingOrder {index:27;}">
                <Coords points="1456,1737 2399,1734 2462,1721 2461,1675 1455,1694"/>
                <Baseline points="1462,1730 1511,1729 1561,1727 1610,1727 1660,1726 1710,1726 1759,1725 1809,1725 1859,1725 1908,1724 1958,1724 2008,1723 2057,1723 2107,1723 2157,1722 2206,1721 2256,1721 2306,1720 2355,1719 2405,1717 2455,1716"/>
                <TextEquiv>
                    <Unicode>sich zu zerstören, damit Höheres lebendig werde.)</Unicode>
                </TextEquiv>
            </TextLine>
            <TextLine id="r2l29" custom="readingOrder {index:28;}">
                <Coords points="1449,1784 2474,1768 2473,1733 2419,1722 1448,1737"/>
                <Baseline points="1455,1776 1505,1776 1556,1775 1606,1774 1657,1773 1708,1772 1758,1772 1809,1771 1859,1770 1910,1769 1961,1768 2011,1767 2062,1766 2112,1766 2163,1765 2214,1765 2264,1764 2315,1764 2365,1764 2416,1764 2467,1764"/>
                <TextEquiv>
                    <Unicode>Ich glaube, daß dies weite Leben, das da draußen winkt,</Unicode>
                </TextEquiv>
            </TextLine>
            <TextLine id="r2l30" custom="readingOrder {index:29;}">
                <Coords points="1450,1832 2478,1797 2463,1766 1449,1784"/>
                <Baseline points="1456,1821 1506,1819 1557,1818 1608,1817 1659,1816 1709,1815 1760,1814 1811,1813 1862,1813 1912,1812 1963,1811 2014,1811 2065,1810 2115,1810 2166,1810 2217,1809 2268,1809 2318,1808 2369,1808 2420,1808 2471,1807"/>
                <TextEquiv>
                    <Unicode>ungeheuer reich an wilder Schönheit und verruchtem Glück</Unicode>
                </TextEquiv>
            </TextLine>
            <TextLine id="r2l31" custom="readingOrder {index:30;}">
                <Coords points="1452,1870 2406,1867 2471,1849 2470,1795 2269,1829 1451,1830"/>
                <Baseline points="1458,1866 1508,1864 1558,1863 1608,1862 1659,1861 1709,1860 1759,1860 1810,1859 1860,1859 1910,1858 1961,1858 2011,1858 2061,1857 2111,1857 2162,1857 2212,1856 2262,1856 2313,1855 2363,1854 2413,1854 2464,1853"/>
                <TextEquiv>
                    <Unicode>ist: es wartet nur auf einen großen Räuber, der es zwingen</Unicode>
                </TextEquiv>
            </TextLine>
            <TextLine id="r2l32" custom="readingOrder {index:31;}">
                <Coords points="1447,1912 2441,1913 2462,1861 1446,1875"/>
                <Baseline points="1453,1912 1503,1912 1553,1912 1603,1912 1653,1911 1704,1911 1754,1910 1804,1909 1854,1908 1904,1906 1955,1905 2005,1904 2055,1903 2105,1902 2155,1901 2206,1900 2256,1899 2306,1899 2356,1899 2406,1899 2457,1899"/>
                <TextEquiv>
                    <Unicode>wird. Ich glaube nicht mehr an die kleinen Tugenden des</Unicode>
                </TextEquiv>
            </TextLine>
            <TextLine id="r2l33" custom="readingOrder {index:32;}">
                <Coords points="1446,1965 2475,1963 2460,1907 1445,1922"/>
                <Baseline points="1453,1959 1503,1959 1554,1958 1605,1957 1655,1957 1706,1956 1757,1955 1807,1954 1858,1954 1909,1953 1960,1952 2010,1951 2061,1950 2112,1949 2162,1948 2213,1947 2264,1946 2314,1945 2365,1944 2416,1944 2467,1943"/>
                <TextEquiv>
                    <Unicode>gelassen zuschauenden Geistes. Ich glaube nur noch an die</Unicode>
                </TextEquiv>
            </TextLine>
            <TextLine id="r2l34" custom="readingOrder {index:33;}">
                <Coords points="1448,2010 2441,2005 2471,1962 1447,1964"/>
                <Baseline points="1455,2005 1505,2004 1556,2003 1606,2002 1657,2001 1707,1999 1758,1999 1808,1998 1859,1997 1909,1996 1960,1996 2010,1995 2061,1995 2111,1994 2162,1994 2212,1993 2263,1993 2313,1993 2364,1993 2414,1993 2465,1993"/>
                <TextEquiv>
                    <Unicode>große Kraft ungestüm verlangender Leidenschaft. Und ich</Unicode>
                </TextEquiv>
            </TextLine>
            <TextLine id="r2l35" custom="readingOrder {index:34;}">
                <Coords points="1454,2060 2464,2051 2463,1996 1453,2011"/>
                <Baseline points="1461,2048 1510,2047 1560,2046 1610,2046 1660,2045 1710,2045 1759,2044 1809,2043 1859,2042 1909,2042 1959,2041 2008,2041 2058,2040 2108,2039 2158,2038 2208,2037 2257,2037 2307,2036 2357,2036 2407,2035 2457,2034"/>
                <TextEquiv>
                    <Unicode>glaube, daß einer von uns, gerade einer von uns, dies</Unicode>
                </TextEquiv>
            </TextLine>
            <TextLine id="r2l36" custom="readingOrder {index:35;}">
                <Coords points="1448,2099 2437,2096 2466,2047 1448,2067"/>
                <Baseline points="1455,2093 1505,2092 1555,2091 1605,2090 1656,2090 1706,2089 1756,2089 1806,2088 1857,2088 1907,2088 1957,2087 2007,2087 2058,2086 2108,2086 2158,2085 2208,2084 2259,2083 2309,2082 2359,2081 2409,2079 2460,2078"/>
                <TextEquiv>
                    <Unicode>machen muß, dies Werk, das die letzte Nacht einer alten</Unicode>
                </TextEquiv>
            </TextLine>
            <TextLine id="r2l37" custom="readingOrder {index:36;}">
                <Coords points="1451,2145 2438,2146 2463,2097 1450,2100"/>
                <Baseline points="1457,2139 1507,2137 1557,2137 1607,2136 1657,2135 1707,2135 1757,2134 1807,2134 1857,2133 1907,2133 1957,2133 2007,2132 2057,2132 2107,2132 2157,2132 2207,2131 2257,2131 2307,2130 2357,2130 2407,2129 2457,2128"/>
                <TextEquiv>
                    <Unicode>Zeit enthalten wird, aus der schon in der Ferne, blutig froh,</Unicode>
                </TextEquiv>
            </TextLine>
            <TextLine id="r2l38" custom="readingOrder {index:37;}">
                <Coords points="1447,2192 2162,2182 2140,2137 1446,2154"/>
                <Baseline points="1453,2178 1488,2178 1523,2178 1558,2178 1593,2178 1628,2178 1663,2179 1698,2178 1733,2178 1768,2178 1804,2178 1839,2178 1874,2177 1909,2177 1944,2177 1979,2176 2014,2176 2049,2175 2084,2174 2119,2174 2155,2172"/>
                <TextEquiv>
                    <Unicode>die Sonne der neuen bricht. Mach' du's!</Unicode>
                </TextEquiv>
            </TextLine>
            <TextLine id="r2l39" custom="readingOrder {index:38;}">
                <Coords points="1546,2231 2437,2234 2463,2185 1546,2194"/>
                <Baseline points="1553,2229 1598,2228 1643,2226 1688,2225 1733,2225 1779,2224 1824,2224 1869,2223 1914,2223 1959,2223 2005,2223 2050,2223 2095,2223 2140,2223 2185,2222 2231,2222 2276,2221 2321,2220 2366,2219 2411,2217 2457,2215"/>
                <TextEquiv>
                    <Unicode>Jarno gab den Puppenspieler in seiner festen und</Unicode>
                </TextEquiv>
            </TextLine>
            <TextLine id="r2l40" custom="readingOrder {index:39;}">
                <Coords points="1444,2278 2340,2281 2463,2267 2463,2228 1443,2243"/>
                <Baseline points="1451,2274 1501,2274 1551,2274 1601,2273 1652,2273 1702,2273 1752,2272 1803,2271 1853,2271 1903,2270 1954,2270 2004,2269 2054,2268 2104,2268 2155,2267 2205,2266 2255,2266 2306,2265 2356,2264 2406,2263 2457,2263"/>
                <TextEquiv>
                    <Unicode>sicheren Art, mir fast ein bißchen zu fest und bestimmt: die</Unicode>
                </TextEquiv>
            </TextLine>
            <TextLine id="r2l41" custom="readingOrder {index:40;}">
                <Coords points="1456,2339 2082,2327 2123,2299 2439,2324 2471,2277 1455,2289"/>
                <Baseline points="1462,2324 1512,2322 1562,2321 1612,2321 1662,2320 1712,2319 1762,2319 1813,2318 1863,2318 1913,2318 1963,2317 2013,2317 2063,2317 2113,2316 2164,2316 2214,2315 2264,2315 2314,2314 2364,2313 2414,2312 2465,2311"/>
                <TextEquiv>
                    <Unicode>Figur hat bei Schnitzler den beinahe musikalischen Reiz</Unicode>
                </TextEquiv>
            </TextLine>
            <TextLine id="r2l42" custom="readingOrder {index:41;}">
                <Coords points="1457,2373 2470,2378 2469,2317 1457,2338"/>
                <Baseline points="1464,2366 1516,2364 1569,2364 1621,2363 1674,2363 1726,2362 1779,2362 1832,2362 1884,2361 1937,2361 1989,2361 2042,2361 2094,2360 2147,2360 2200,2360 2252,2359 2305,2358 2357,2357 2410,2356 2463,2355"/>
                <TextEquiv>
                    <Unicode>einer Radierung, Jarno macht einen Holzschnitt daraus.</Unicode>
                </TextEquiv>
            </TextLine>
            <TextLine id="r2l43" custom="readingOrder {index:42;}">
                <Coords points="1464,2425 2462,2404 2424,2360 1463,2376"/>
                <Baseline points="1470,2416 1519,2414 1568,2412 1617,2410 1667,2409 1716,2408 1765,2407 1814,2407 1864,2407 1913,2406 1962,2406 2011,2406 2061,2406 2110,2406 2159,2406 2208,2405 2258,2405 2307,2404 2356,2402 2405,2401 2455,2399"/>
                <TextEquiv>
                    <Unicode>In den „letzten Masken“ die vorhergingen, wirkte Herr</Unicode>
                </TextEquiv>
            </TextLine>
            <TextLine id="r2l44" custom="readingOrder {index:43;}">
                <Coords points="1460,2472 2463,2472 2471,2428 2358,2399 1459,2425"/>
                <Baseline points="1466,2460 1515,2459 1565,2457 1615,2455 1665,2454 1715,2453 1765,2452 1815,2451 1865,2451 1915,2450 1965,2450 2014,2450 2064,2450 2114,2449 2164,2449 2214,2449 2264,2449 2314,2449 2364,2450 2414,2450 2464,2450"/>
                <TextEquiv>
                    <Unicode>Heine als Rademacher sehr, prachtvoll in dieser Mischung</Unicode>
                </TextEquiv>
            </TextLine>
            <TextLine id="r2l45" custom="readingOrder {index:44;}">
                <Coords points="1458,2504 2375,2507 2442,2502 2465,2464 1458,2472"/>
                <Baseline points="1464,2503 1513,2503 1563,2502 1613,2502 1663,2501 1712,2501 1762,2500 1812,2500 1862,2499 1911,2499 1961,2499 2011,2498 2061,2498 2110,2497 2160,2497 2210,2496 2260,2496 2309,2495 2359,2494 2409,2494 2459,2493"/>
                <TextEquiv>
                    <Unicode>von Grimm, Neid, Haß, Gier, Wut eines ohnmächtigen</Unicode>
                </TextEquiv>
            </TextLine>
            <TextLine id="r2l46" custom="readingOrder {index:45;}">
                <Coords points="1456,2557 2355,2556 2479,2543 2479,2510 1455,2506"/>
                <Baseline points="1462,2547 1512,2547 1563,2547 1613,2546 1664,2545 1714,2545 1765,2544 1815,2543 1866,2543 1916,2542 1967,2541 2017,2540 2068,2540 2118,2539 2169,2539 2219,2539 2270,2539 2320,2539 2371,2539 2421,2539 2472,2540"/>
                <TextEquiv>
                    <Unicode>Menschen, der sich ein ganzes Leben geduckt hat und nun im</Unicode>
                </TextEquiv>
            </TextLine>
            <TextLine id="r2l47" custom="readingOrder {index:46;}">
                <Coords points="1452,2594 2462,2608 2473,2539 1451,2560"/>
                <Baseline points="1458,2592 1508,2592 1558,2591 1609,2591 1659,2591 1710,2590 1760,2590 1811,2589 1861,2589 1912,2588 1962,2587 2012,2587 2063,2586 2113,2586 2164,2585 2214,2585 2265,2585 2315,2585 2366,2585 2416,2585 2467,2585"/>
                <TextEquiv>
                    <Unicode>Tode höhnend aufbäumt. Zum Gilbert in der „Literatur",</Unicode>
                </TextEquiv>
            </TextLine>
            <TextLine id="r2l48" custom="readingOrder {index:47;}">
                <Coords points="1449,2641 2460,2644 2477,2601 1448,2597"/>
                <Baseline points="1455,2635 1505,2635 1556,2635 1607,2635 1658,2635 1709,2635 1759,2634 1810,2634 1861,2634 1912,2633 1963,2633 2013,2633 2064,2632 2115,2632 2166,2631 2217,2631 2267,2630 2318,2630 2369,2629 2420,2629 2471,2628"/>
                <TextEquiv>
                    <Unicode>die dem Puppenspieler folgte, ist er im Tone zu schwer, zu</Unicode>
                </TextEquiv>
            </TextLine>
            <TextLine id="r2l49" custom="readingOrder {index:48;}">
                <Coords points="1455,2687 2472,2690 2450,2638 1455,2661"/>
                <Baseline points="1461,2683 1511,2682 1561,2682 1611,2682 1661,2682 1712,2682 1762,2681 1812,2681 1862,2681 1912,2680 1963,2680 2013,2679 2063,2678 2113,2677 2163,2677 2214,2676 2264,2675 2314,2674 2364,2673 2414,2671 2465,2670"/>
                <TextEquiv>
                    <Unicode>real, besonders neben dem Simplizissimusstil der Frau</Unicode>
                </TextEquiv>
            </TextLine>
            <TextLine id="r2l50" custom="readingOrder {index:49;}">
                <Coords points="1461,2738 2470,2740 2457,2685 1460,2698"/>
                <Baseline points="1468,2728 1517,2729 1567,2730 1617,2730 1667,2730 1716,2730 1766,2729 1816,2729 1866,2728 1915,2727 1965,2726 2015,2725 2065,2724 2114,2723 2164,2722 2214,2721 2264,2720 2313,2720 2363,2720 2413,2720 2463,2721"/>
                <TextEquiv>
                    <Unicode>Retty und des Herrn Treßler, die hier in ihrem</Unicode>
                </TextEquiv>
            </TextLine>
            <TextLine id="r2l51" custom="readingOrder {index:50;}">
                <Coords points="2018,2773 2101,2790 2124,2772 2232,2787 2273,2775 2301,2788 2344,2768 2387,2787 2417,2774 2446,2783 2445,2734 2362,2726 2079,2743 2053,2724 2018,2742"/>
                <Baseline points="2025,2774 2050,2774 2076,2772 2102,2771 2128,2770 2154,2769 2180,2769 2206,2768 2232,2768 2257,2767 2283,2767 2309,2767 2335,2767 2361,2767 2387,2767 2413,2768 2439,2768"/>
                <TextEquiv>
                    <Unicode>Hermann Bahr.</Unicode>
                </TextEquiv>
            </TextLine>
            <TextLine id="r2l52" custom="readingOrder {index:51;}">
                <Coords points="1453,2792 1532,2778 1583,2794 1594,2783 1653,2778 1682,2795 1753,2795 1753,2762 1705,2739 1649,2746 1600,2736 1548,2747 1453,2730"/>
                <Baseline points="1459,2773 1485,2773 1511,2774 1537,2774 1563,2774 1589,2774 1616,2774 1642,2773 1668,2773 1694,2773 1720,2773 1747,2772"/>
                <TextEquiv>
                    <Unicode>Element waren.</Unicode>
                </TextEquiv>
            </TextLine>
            <TextEquiv>
                <Unicode>box 34/9
Sehnsucht nach der neuen Form einer starken, durchaus
wahrhaften, leuchtenden Existenz in innerer Freiheit, oder
dieses hinfälligen alten Lebens trister Widerstand! In Ge¬
danken still beiseite, sozusagen: auf dem anderen Ufer
sein und höchstens manchmal lächelnd herüber schauen,
froh, daß man sich noch zur rechten Zeit geflüchtet und
davor gesichert hat, das scheint jetzt oft der müde Wunsch
deiner Menschen. Aber solche Gedanken, die nur still, mit
gesunkenen Händen, beiseite sitzen können, sind mir nichts
und mich verlangt nach kühneren, die die Kraft hätten, die
Fäuste zu ballen und ins Leben zu strecken und es nicht zu
lassen, bis es uns segnen wird. Ich denke jetzt so oft an
deinen „Schleier der Beatrice“ an die schaurig große
Stimmung jener letzten Nacht, die den blutigen Borgia
schon vor den Toren weiß ... und morgen wird er kommen
und mit ihm kommt der Tod. Sind wir nicht selbst jetzt
in solcher Nacht einer Welt, die morgen versinkt? Aber da
wollen wir doch die paar letzten Stunden, bevor der Borgia
kommt, endlich einmal nicht mehr entsagen, nicht
mehr uns fügen, nicht mehr nach dem Gebot der Väter
fragen, sondern nachholen, bevor es zu spät ist, und endlich
nichts als wir selbst sein und, den Tod im Leibe, endlich,
endlich leben! Ich glaube nicht mehr, Arthur, daß Ent¬
sagung Reife ist. Ich glaube, sie ist nur innere Schwäche.
(Furcht von Menschen, die sich bewahren wollen, weil sie
noch nicht wissen, daß dies der Sinn des Lebens ist:
sich zu zerstören, damit Höheres lebendig werde.)
Ich glaube, daß dies weite Leben, das da draußen winkt,
ungeheuer reich an wilder Schönheit und verruchtem Glück
ist: es wartet nur auf einen großen Räuber, der es zwingen
wird. Ich glaube nicht mehr an die kleinen Tugenden des
gelassen zuschauenden Geistes. Ich glaube nur noch an die
große Kraft ungestüm verlangender Leidenschaft. Und ich
glaube, daß einer von uns, gerade einer von uns, dies
machen muß, dies Werk, das die letzte Nacht einer alten
Zeit enthalten wird, aus der schon in der Ferne, blutig froh,
die Sonne der neuen bricht. Mach' du's!
Jarno gab den Puppenspieler in seiner festen und
sicheren Art, mir fast ein bißchen zu fest und bestimmt: die
Figur hat bei Schnitzler den beinahe musikalischen Reiz
einer Radierung, Jarno macht einen Holzschnitt daraus.
In den „letzten Masken“ die vorhergingen, wirkte Herr
Heine als Rademacher sehr, prachtvoll in dieser Mischung
von Grimm, Neid, Haß, Gier, Wut eines ohnmächtigen
Menschen, der sich ein ganzes Leben geduckt hat und nun im
Tode höhnend aufbäumt. Zum Gilbert in der „Literatur",
die dem Puppenspieler folgte, ist er im Tone zu schwer, zu
real, besonders neben dem Simplizissimusstil der Frau
Retty und des Herrn Treßler, die hier in ihrem
Hermann Bahr.
Element waren.</Unicode>
            </TextEquiv>
        </TextRegion>
    </Page>
</PcGts>
