3344 4320
538 140 1008 209 Schnitzter-Abend.
286 190 1322 276 Im Carl=Theater: „Die letzten Masken“. Der Puppen¬
190 234 1324 316 svieler“ (zum erstenmal), „Literatur“ von Arthur Schnißler.
224 294 1325 353 * Der Puppenspieler. Wieder kehrt nach langen Jahren ein
190 339 1331 401 Freund zurück. Wieder wird ein Stück Vergangenheit auf ein
189 375 1315 451 Stück Gegenwart projicirt und gezeigt, nach wie seitsamer, mensch¬
186 438 1329 509 lichem Vermuthen und Beabsichtigen ganz entrückter Logil diese
180 473 1330 556 aus jener gereift ist. Das ist ein Lieblingsmotiv Schnitzlers:
182 530 1317 596 diese rückkehrenden Geister des Perfectums; man könnte eine
175 581 1323 648 ganze Reihe Schnitzlerscher Dramen unter dem Gesammttitel:
179 623 1325 704 „Les revenants“ organisch vereinigen. Dabei wissen diese Menschen
177 668 1322 751 und Gespenster von ehemals, welche plötzlich wieder kommen,
169 725 1328 798 immer geheime Wahrheiten: die scheinen sie nur deshalb so lang bei
177 766 1322 845 sich behalten zu haben, damit inzwischen Einer, der nichts von
174 817 1319 897 jenen Wahrheiten weiß, sich auf der Basis dieses Nichts=Wissens
173 876 1323 945 ein festes Schicksal zimmern, ein schönes Dasein construiren
172 900 1314 992 konnte, die nun durch plötzliche Wahrheits=Explosion einfach
170 967 1319 1045 ecrasirt werden sollen. Immer gibt es in Schnitzler=Dramen
173 1007 1321 1085 Confrontationen zwischen Vergangenheit und Gegenwart: die
171 1066 1315 1123 Gegner sehen einander zitternd vor Erregung ins Ange, dann gibt es
175 1108 1315 1181 einen, oft lautlosen Zusammenstoß, ein kurzes Ringen, bis Einer
161 1166 1315 1231 kampfunfähig das Feld räumt. Meist ist es bei Schnitzler die
167 1211 1314 1281 Vergangenheit, welche= unterliegt und wieder in das Dunkel
160 1256 1312 1329 zurücksinkt, aus dem sie so plötzlich aufgetaucht ist. Ihren meuch¬
161 1312 1314 1365 lerischen Dolch läßt sie, eine nutzlose Waffe, auf dem Platz
163 1337 1311 1406 zurück. Sie stach zu — aber entweder erlahmte im
157 1403 1310 1464 letzten Augenblick ihre Kraft (Die letzten Masken), oder
164 1437 1341 1519 der Tolch war stumpf und der Gegner gepanzert (Der Puppen¬
196 1541 1349 1601 spieler), oder der Dolch war überhaupt kein Dolch, sondern ein
201 1578 1330 1636 Federpenal oder ein Falzbein, mit dem herumzufuchteln sehr
198 1632 1343 1686 lächerlich wirkt (Literatur). Gemeinsam wie der Freund aus der
194 1675 1336 1727 Vergangenheit, der zurückkommt, um unangenehme Sachen aus¬
201 1720 1342 1783 zuplauschen, ist den drei Einactern, die man am gestrigen
194 1777 1340 1819 Schnitzler=Abend zusammenstellte, auch der Küchendunst des
201 1821 1339 1873 Métiers: immer Leute, die schreiben möchten, schreiben, ge¬
198 1871 1344 1927 schrieben haben, nicht schreiben können! Nie Greißler oder
189 1913 1334 1987 Raubmörder oder Commis, immer Literaten und Angrenzendes.
274 1966 1339 2036 Im „Puppenspieler“ scheint sich der Dichter, als Einerde
183 2006 1333 2066 inach seinen Kräften ehrlich gibt, was er zu geben hat, an Jenen
184 2061 1326 2133 ein bischen zu rächen, die von der Höhe ihrer Impotenz herab
172 2118 1323 2155 die bescheidenen Potenzen der Anderen mit überlegener Laune
177 2166 1323 2208 umblasen. Der Puppenspieler ist Einer, der sich seine Unzuläng¬
190 2212 1333 2277 lichkeiten für sein Selbstbewußtsein dadurch verdaulich macht, daß
186 2259 1327 2316 er sich die Zulänglichkeiten verekelt. Er hat ein eigenes System,
182 2307 1324 2371 um das Nicht=Erreichbare zu verschmerzen: er discualificirt das
169 2358 1313 2424 Erreichbare. Er ist ein Dialectiker des Gefühls. Das Ge¬
180 2408 1328 2470 ringfügige, das er hat, empfindet er sich sozufagen um,
186 2451 1322 2504 bis es Bedeutsames, Großes wird. Seine Armuth wird
1041 2502 1317 2565 ein Spazier¬
193 2504 1039 2573 ihm Freiheit, sein Zwang eigener Wille,
185 2550 1315 2598 gang zur Weltumseglung, ein zufälliges Ereigniß zum
187 2594 1313 2644 Triumph seiner unerbittlichen Absicht (der Tod des Mitreisenden),
179 2645 1315 2708 und alle Stürme, welche mit dem Schicksal des ohnmächtigen
185 2696 1322 2742 Mannes ihre turbulenten Spässe treiben, ihn hart an alle
172 2745 1319 2800 Mauern des engen Daseins schleudern, deutet er sich so, als ob
178 2792 1313 2841 diese Stürme aus seinen eigenen übermächtigen Lungen kämen.
170 2835 1320 2904 Mit den Menschen spielt er — in der Theorie nämlich, die sein
178 2872 1319 2939 Leben stützt — wie mit Puppen. In der Praxis ist es anders.
184 2919 1316 2992 Da hängt der Puppenspieler selbst an Fäden, der Marionetten¬
169 2984 1320 3045 zieher ist selbst ein zappliger Wurstel, der listige Weise ein
176 3024 1314 3084 dupirter Narr. Dupirt von der Chemie der Ereignisse, die mit
167 3073 1300 3136 ihren geheimnißvollen Kräften der Losung und Verschmelzung
171 3131 1316 3203 oft alle Retorten sprengt, in denen ein zu witziger Mensch sie
166 3179 804 3240 nach seinen Gesetzen dirigiren will.
268 3211 1298 3289 Diese kleine Studie wurde von Mitgliedern des Joseph¬
176 3271 1301 3334 städter Theater=Ensembles gespielt. Von Herrn Jarno sehr klug
169 3318 1311 3391 und sehr laut; zu laut. Die Dämonie dieses Puppenspielers
174 3371 1299 3424 verträgt so viel Lärm nicht gut. Dazu ist sie doch ein wenig zu
176 3422 1315 3478 hohl und dürftig. Von Fräulein Wagen in ihrer angenehmen
177 3466 1309 3521 stillen Art; vielleicht etwas zu unbeweglich; manchmal, wenn sie
171 3520 1303 3570 sich so still umdrehte oder langsam den Arm hob, sah es aus,
161 3550 1303 3625 wie ein lackirtes Holzpüppchen mit Mechanismus. Herr Claar
160 3606 1303 3662 hatte wohl einen ganz sanften, bescheidenen, begrenzten Menschen
173 3661 1291 3710 zu spielen. Aber so steirisch hätte er die Figur doch nicht hin¬
169 3707 1303 3765 stellen müssen, so hart an der Grenze des Lallens und
163 3768 1298 3813 Thaddädelns. — In den „letzten Masken“ und in „Literatur“
165 3803 1296 3860 zeigte Herr Heine im Tragischen wie im Lustigen seine knochige,
158 3850 1305 3897 harte, eindringliche Spielmanier und der charmante Herr
168 3898 1296 3951 Treßler sehr viel Amusantes aus dem reichen Drolerien¬
163 3952 1298 4009 Repertoire seiner Mienen und Gliedmaßen. Die Kunst. der Frau
164 4000 1301 4047 Retty ist ein bischen zu zart, zu sanft, um das ein wenig ordinäre
156 4049 1303 4102 Timbre der Rolle des avancirten Literaturmädchens recht zu
157 4094 307 4163 treffen.
1131 4102 1260 4149 a. p.
1785 931 2317 1050 —- Sta
2281 945 2638 1054 — Jakehe
2457 1033 2498 1052 —
2505 1034 2579 1057 S
2418 1036 2548 1083 ·E
2572 1064 2619 1097 —
2402 1061 2636 1130 — Sanbarr
1864 1145 1930 1197 72
1659 1186 2325 1270 L. österr. behördl. konz. Bureau fürzer
1853 1253 2595 1323 Wien, I., Concordiapfärtz“
2089 1327 2386 1385 Vertretungen
1671 1365 2783 1421 in Berlin, Budapest, Chicago, Genf, London, New-York,
1670 1420 2809 1478 Paris, Rom, Mailand, Stockholm, Christiania, St. Petersburg.
1944 1462 2512 1539 (Quellenangabe ohne Gewähr.)
1662 1554 2141 1637 Ausschnitt aus:
2143 1561 2911 1662 REICHSPOST WIEN
1682 1659 2257 1762 vom: 4 ½ 10010
1930 1733 2767 1815 Carl=Theater. „Der Puppen¬
1722 1776 2776 1877 spieler“ Studie in einem Akt von Arthur
2130 1846 2779 1907 Will man hierorts erfolgreich
1746 1855 2047 1917 Schnitzler.
1741 1904 2771 1958 wohltun, muß man der Eitelkeit einer bestimmten
1743 1950 2773 2006 Coterie schmeicheln. Entweder, indem man sie
1736 1997 2775 2056 zum Patronat bittet, oder indem man einen
1752 2039 2771 2100 ihrer“ Dichter aufführt. So kam man gestern
1736 2104 2775 2158 darauf, zu Gunsten einer Kinderpflege=Anstalt
1747 2136 2771 2194 einen Arthur Schnitzler=Abend im Carl=Theater zu
1741 2182 2783 2238 provozieren. Zwischen dem Nicht=Gut der „Letzten
1742 2227 2757 2296 Masken“ und dem Nicht=Böse der „Literatur“
1753 2284 2774 2339 fiel eine Première vor, die wohl der Verfasser
1754 2327 2775 2390 selbst am meisten zu bedauern hat. „Der Puppen¬
1751 2386 2770 2441 spieler“. Eine Studie will es sein, ist aber
1746 2423 2778 2500 nichts als manierierte, erzwungene, geistlos=wider¬
1749 2469 2776 2537 spruchsvolle Mache eines in den Bühnentricks
1739 2518 2775 2597 praktisch erfahrenen, ideell aber bettelarmen
1741 2566 2778 2623 Mannes, der sich seine Decadence nicht eingestehen
1744 2616 2769 2676 mag. Der Puppenspieler soll ein Uebermensch sein,
1744 2664 2781 2742 der imstande ist, durch seinen bloßen Willen zu
1751 2718 2768 2771 töten, der die Leute wie Puppen an den Drähten
1758 2763 2775 2822 ihrer Eigenheiten leitet, einen billigen Havelock
1752 2808 2774 2862 trägt und schließlich sich als verschämter Kloster¬
1751 2851 2776 2926 süppler und gemütsweicher Vater zu erkennen gibt.
1748 2914 2775 2961 Es ist, als ob mit der „Studie“ weit mehr die
1755 2947 2778 3019 Beobachtung der literarischen Unzurechnungsfähigkeit
1747 2999 2780 3068 des Autors, als die der erdachten Gestalten beabsichtigt
1757 3048 2770 3105 wäre. Herr Jarno war denn auch in dieser
1752 3093 2778 3148 Rolle gar nicht am Platze, so wenig als Herr
1762 3157 2786 3203 Claar und Frau Wagen die Stunden ver¬
1758 3186 2780 3245 leugnen konnten, in denen sie ihre Rollen nach
1745 3236 2786 3299 dem Stichwort geübt haben. In die „Letzten
1748 3286 2777 3370 Masken“ teilten sich Heine, Treßler und
1752 3339 2760 3398 Schmidt freudlos und überdrüßig. „Literatur“
1750 3376 2782 3437 diese akademische Klabriaspartie, auf deren Spässe
1751 3435 2774 3512 noch kein Durchschnittsmensch in geistesschwachen
1748 3486 2787 3544 Stunden nicht spontan verfallen ist, artete zur
1746 3538 2797 3591 Hanswurstiade aus, zur Lust des allen zwölf
1760 3575 2791 3626 Stämmen entnommenen Auditoriums, an dem
1745 3624 2789 3699 nichts von reinstem Wasser war, als die Brillanten.
2506 3671 2744 3730 R. E. P.
