3296 4320
1304 235 1786 348 box 34/9
78 270 1174 359 10. Der Puphenspieler
606 1573 2656 1657 groteske Gesten am Klavier. Es freut mich, Blutrache ist es Essig. Mittlerweile steigt das
89 1582 2668 1669 und Literalur. Frl. Belmont als Miß mein Kompliment Morgenrot herauf — man ahnt das Symbol,
605 1666 2672 1733 machen zu können. Die Hingerissenheit des das es andeuten soll — und die beiden schreiten
91 1671 606 1777 r“ „Morgenrot“,
601 1717 2658 1785 dummen Gänschens und die nachfolgende Resig= Hand in Hand hinaus. Ihr Glück ist nicht auf
112 1733 418 1832 Kgkadu“.
1615 1768 2659 1855 Corsica (wo die Handlung vor sich geht), sondern
608 1776 1468 1860 nation traf sie in Ton und Ausdruck.
1624 1809 2660 1887 „im Süden“. Herr Maasfeld arbeitet noch mit
94 1809 623 1909 nd mit sehr wechselnden
618 1838 1627 1913 Das „Morgenrot“ das dann aufleuchtete
1633 1859 2661 1937 einem anderen Symbol. Plötzlich markiert die
107 1885 607 1953 eht, begann er mit je¬
602 1872 1630 1956 in Form eines „Spiels in einem Akt“, hat
1620 1912 2655 1986 Theatermaschinerie einen Felssturz. Nicht
96 1926 618 2009 Frahmsweise tantiemen¬
601 1945 1623 2003 einen „Dasigen“ zum Verfasser: Herrn Leo
95 1971 2655 2043 llen zeigt, so daß sich Maasfeld. Die Sprache ist in Jamben abge= einen klingenden Bergsturz, wie er dichterisch
97 2021 2661 2097 Und mit ihm abfinden zirkelt, was bekanntlich Verpflichtungen aufer= erdacht in Björnsons „Ueber unsere Kraft“ er¬
101 2045 2664 2148 zwischen in jene Schule legt, die ihr Verfasser nach meinem Gefühl nicht tönt, sondern ratternd wie ein Schnellzug und
99 2116 2656 2199 ht hat, haben wir also eingehalten hat. Die Worte geben — es tut mir andauernder als ein Theaterdonner. Weshalb
93 2156 2656 2247 efreiend=herzlich lachen leid, das sagen zu müssen — ein Papier= und der Lärm? Er soll Gottes Zorn künden, weil
103 2206 2660 2288 auf das Lächeln über Pappendeckelgeräusch. Die Handlung täuschte Carlo statt von Haß oon Liebe redet. Denn
600 2252 2658 2334 mir hartnäckig eine Vision vor: ich sah einen Blutrache ist auch Gottes Gebot. Und man soll
103 2271 616 2354 klebnisse des Sängers
1611 2298 2653 2368 nicht Richter über Gott sein. Die Schauspieler
98 2335 1633 2386 aristan=Gastspiel ist nochjungen Mann am Schreibtisch sitzen und an
1622 2360 2660 2420 deklamierten. Das Beste, was sie tun konnten,
92 2382 1626 2442 chauspieler agieren die einem Federkiel kauen. Die wirkliche Handlung
1627 2406 2669 2491 was aber leider nicht besagt, daß etwas Gutes
107 2428 601 2502 schaft — Wedekind, der
606 2436 1621 2494 ist nämlich ausgeklügelt. Die knapp bemessene
1623 2459 2043 2538 dabei heraus kam.
101 2475 617 2547 inke anlegte, wußte, wo
607 2483 1629 2541 Abwandlung des Themas bedingt noch dazu
1649 2492 2658 2584 Mit Schnitzlers „Grünem Kakadu“, der dann
105 2531 1643 2589 bohenaus Kammer=eine Reihe von Unvermitteltheiten, so daß man
2011 2554 2648 2653 a#per Maasfeldsche Jamben¬
106 2573 1816 2640 simo ein, das er dann beim besten Willen nicht mitgehen kann. Die gespielt¬
112 2633 2659 2681 etüchtige Leistung soll Verstiegenheit des Sprachausdrucks vermit= spuk in nichts, aber schon gar nichts aufgelöst.
114 2665 2658 2739 werden, daß das aller=telt nichts. „Es ist ein Kreuz, es ist ein großes Dabei war die Aufführung nicht zulänglich.
103 2727 2663 2795 stischen Uebertones an=Kreuz“, spricht Carlo. So heißt der Sohn, der schon im Tempo nicht. Aber immerhin so, daß
106 2769 2656 2833 einmal ganz in ihrer die Ermordung seines Vaters an der Tochter man den heißen Atem der französischen Revolu¬
106 2821 2663 2891 Frl. Jorysch, indem des Mörders, die er geliebt hatte, rächen will. tion, den Sturm auf die Pariser Bastille und
108 2866 2659 2951 Für diese hat sie die Sie hat aber einen „Buhlen“ (wie es in Maas=die Kontraste verspürte, die Komödianten,
131 2923 2652 2981 Schreie des tiefen felds Jambendeutsch heißt), der wegen ihrer wenn sie die Eifersucht in Bann schlägt. offen¬
99 2970 2650 3034 esweh des Weibes ent= Buhlschaft zu Carlo diesen kalt erstechen will, baren können. Der ewig stark wirkende Reiz des
107 3007 2657 3080 kisten mit der Maske was der Buhlin Gelegenheit gibt. sich dazwi= Ungewissen, der über dem Doppelspiel von Ko¬
108 3070 2655 3123 lich Herr Pohl ausge=schenzustellen, um den Stahl aufzufangen. Nun mödie und Wirklichkeit liegt, ist hier in der un¬
119 3120 2653 3200 h aus und fand lustig= wird bei Carlo aus Haß Liebe und mit der terirdischen Pariser Schauspielerspelunke das
