3436 4320
1397 302 1851 395 box 34/9
748 327 852 381 en
164 311 1235 404 10. Der Pup. spieler
1418 762 1821 856 Telephon 12801.
1051 824 2186 920 Alex. Weigls Unternehren für Zeitungs-Ausschnitte
1256 933 2005 1060 „OBSERVER“
1061 1035 2188 1118 L. österr. behördl. konz. Bureau für Zeltungsberichte u. Personalnachrichten
1256 1109 2022 1193 Wien, I., Concordiaplatz 4.
1485 1184 1788 1243 Vertretungen
1076 1219 2193 1289 in Berlin, Budapest, Chicago, Genf, London, New-York,
1063 1261 2186 1334 Paris, Rom, Mailand, Stockholm, Christiania, St. Petersburg.
1345 1323 1926 1372 (Quellenangabe ohne Gewähr.)
1077 1419 1558 1503 Ausschnitt aus:
1565 1418 2331 1506 Wiener Morgen Zeitung
1078 1531 1256 1595 vom:
1462 1619 1747 1712 13561¼
1297 1729 2137 1841 Theater und Kunst.
1264 1825 2208 1895 (Carl-Theater.) Ein Schnitzler=Abend! Der jüngste
1170 1878 2196 1953 Meister, den die Wiener Literatur aufzuweisen hat und den
1191 1926 2211 1990 sie noch immer nicht mit genügendem Stolz anerkennt,
1185 1980 2210 2030 wurde gestern im Carl=Theater nach seinem wahren Ver¬
1186 2027 2211 2079 dienste gefeiert. An der Stelle, wo das süße Mädel seine
1186 2089 2195 2135 Reize im Dreivierteltakt besingt, kam der literarische Ent¬
1169 2121 2207 2188 decker dieses wienerischen Typus selbst zu Worte. Es ist
1177 2184 2209 2239 überflüssig, Arthur Schnitzler heute vorzustellen, seine
1183 2232 2202 2272 literarische Persönlichkeit steht fest in ihrer schmachtenden
1172 2256 2198 2317 Liebenswürdigkeit, in ihrer melancholischen Grazie, in ihrer
1160 2326 2195 2383 anmutigen Sentimentalität. Man braucht bloß an seine
1168 2346 2205 2429 zahlreichen Nachahmer zu denken, um zu erkennen, wie be¬
1174 2403 2211 2481 deutend er ist. Nur seine kleinen Aeußerlichkeiten vermögen sie
1175 2441 2213 2536 ihm abzugucken, aber den poetischen Dust, der die Gestalten
1176 2487 2200 2566 des Dichters umhaucht, den lyrischen Humor, die Feinheit
1180 2538 2207 2618 und Biegsamkeit der Wendungen, die elegante Dialektik der
1187 2588 2209 2661 Satire — das alles bleibt unnachahmlich. Er ist ein
1179 2642 2208 2719 pariserischer Wiener. Und die Literarhistoriker der Zukunft
1187 2691 2219 2772 werden noch in manche Verlegenheit geraten, wenn sie ihn
1185 2754 2205 2805 etikettieren und in ein „Unsterblichkeitskastel“ werden ein¬
1184 2789 2206 2847 schachteln wollen. Für heute genügt bloß zu sagen, daß die
1178 2846 2214 2918 gestern aufgeführten dramatischen Miniaturen echter
1190 2889 2219 2955 Schnitzler waren: Die älteren zwei Einakter „Die letzten
1182 2943 2212 3007 Masken“ und „Literatur“ sowie die Studie in einem Alt
1183 2981 2216 3060 „Der Puppenspieler“. Die individuelle künstlerische Note
1551 3039 2204 3103 — Es ist wohl die beste An¬
1171 3034 1546 3111 klingt hier durch.
1174 3074 2196 3156 erkennung, die Schnitzler gespendet werden kann.
1185 3142 2191 3198 „Höchstes Glück der Erdenkinder ist doch die Persönlichkeit.“
1180 3182 2204 3236 „Letzte Masken“ kannte man schon vom Volkstheater
1177 3233 2205 3295 her, aber die Spitalstragikomödie, die das Menschenleben
1179 3280 2204 3334 retrospektiv aufrollt und die letzten Zuckungen verflackernder
1179 3327 2211 3386 Menschlichkeiten erschütternd weist, wirkte wieder stark und
1186 3373 2212 3443 tief. „Literatur“ diese entzückende kleine Farce aus
1179 3428 2203 3489 dem inneren Geschäftsbetriebe literarischer Hochstapelei, be¬
1176 3478 2203 3536 lustigte die „vom Bau“ und auch die „hier nicht Be¬
1181 3515 2214 3589 schäftigten“. Eine keckere Atelierstudie ist seit langem nicht
1179 3574 2212 3641 geschrieben worden, etwas von Molières Geist steckt darin.
1186 3611 2212 3677 Der neue Einakter „Der Puppenspieler“ ist
1180 3660 2215 3734 wieder ein echter Schnitzler von der mehr reflektierenden
1185 3720 2211 3780 und philosophischen Art des Künstlers. Du glaubst zu
1195 3762 2218 3834 schieben und wirst geschoben, du glaubst, fremde
1192 3809 2225 3867 Schicksale zu meistern und gehst an dem deinen vorüber.
1191 3856 2210 3931 „Der Puppenspieler“ ist selbst Puppe, der an den
1186 3904 2208 3957 Drähten der großen, unbekannten Macht geführt wird.
1174 3953 2217 4012 Treffliche Künstler hatten sich gestern vereinigt, um dem
1176 3999 2218 4057 Tichter zu dienen. In „Die letzten Manken“ spielte Hei#
1158 4069 2200 4141 [Heine den Journalisten Rademacher. Das war ein
1160 4110 2190 4187 Meisterstück sein realistischer Darstellungskunst. Wie der
1171 4160 2172 4229 Getretene sich verjährten Groll, verhaltenen Schmerz von
1161 4184 1447 4245 der Seele redet,
