<?xml version="1.0" encoding="UTF-8" standalone="yes"?>
<PcGts xmlns="http://schema.primaresearch.org/PAGE/gts/pagecontent/2013-07-15" xmlns:xsi="http://www.w3.org/2001/XMLSchema-instance" xsi:schemaLocation="http://schema.primaresearch.org/PAGE/gts/pagecontent/2013-07-15 http://schema.primaresearch.org/PAGE/gts/pagecontent/2013-07-15/pagecontent.xsd">
    <Metadata>
        <Creator>prov=University of Rostock/Institute of Mathematics/CITlab/Gundram Leifert/gundram.leifert@uni-rostock.de:name=ONB_Newseye_GT_M1+(htr_id=10810)::::v=2.4.2
prov=University of Rostock/Institute of Mathematics/CITlab/Tobias Gruening/tobias.gruening@uni-rostock.de:name=de.uros.citlab.module.baseline2polygon.B2PSeamMultiOriented:v=2.4.2
prov=University of Rostock/Institute of Mathematics/CITlab/Tobias Gruening/tobias.gruening@uni-rostock.de:name=/mnt/transkribus/LA/DEA/URO/LA_news_onb_att.pb:de.uros.citlab.segmentation.CITlab_LA_ML:v=2.4.2
Transkribus</Creator>
        <Created>2019-10-07T20:31:58.103+02:00</Created>
        <LastChange>2019-10-09T04:20:10.959+02:00</LastChange>
        <TranskribusMetadata docId="224436" pageId="9576150" pageNr="154" tsid="16622052" status="IN_PROGRESS" userId="40391" imgUrl="https://files.transkribus.eu/Get?id=NOYWQKAGBNLHYYQSBFYMITZV&amp;fileType=view" xmlUrl="https://files.transkribus.eu/Get?id=AWQAIRRUPMIEBLOAGRONCQGN" imageId="6207296"/>
    </Metadata>
    <Page imageFilename="224436_0154.jpeg" imageWidth="3344" imageHeight="4352">
        <ReadingOrder>
            <OrderedGroup id="ro_1711442962194" caption="Regions reading order">
                <RegionRefIndexed index="0" regionRef="r1"/>
                <RegionRefIndexed index="1" regionRef="r2"/>
            </OrderedGroup>
        </ReadingOrder>
        <TextRegion orientation="0.0" id="r1" custom="readingOrder {index:0;}">
            <Coords points="232,270 232,3739 1585,3739 1585,270"/>
            <TextLine id="r1l1" custom="readingOrder {index:0;}">
                <Coords points="1159,299 1262,314 1381,293 1479,315 1518,296 1556,313 1591,299 1591,260 1542,233 1501,250 1380,247 1359,266 1319,254 1221,264 1189,241 1159,256"/>
                <Baseline points="1165,295 1191,295 1217,295 1243,296 1270,296 1296,297 1322,298 1348,298 1375,299 1401,299 1427,300 1453,300 1480,299 1506,298 1532,298 1558,296 1585,293"/>
                <TextEquiv>
                    <Unicode>box 39/1</Unicode>
                </TextEquiv>
            </TextLine>
            <TextLine id="r1l2" custom="readingOrder {index:1;}">
                <Coords points="296,316 355,338 946,331 999,315 999,265 862,242 821,265 780,244 675,268 605,244 534,280 480,245 335,246 295,273"/>
                <Baseline points="302,314 336,314 371,314 405,314 440,314 474,314 509,314 543,314 578,314 612,314 647,314 682,314 716,314 751,314 785,313 820,313 854,312 889,311 923,310 958,309 993,307"/>
                <TextEquiv>
                    <Unicode>SothBirthday</Unicode>
                </TextEquiv>
            </TextLine>
            <TextLine id="r1l3" custom="readingOrder {index:2;}">
                <Coords points="555,961 747,972 906,954 928,972 1040,965 1085,984 1138,961 1139,915 1006,890 972,904 944,886 828,896 794,925 650,888 556,897"/>
                <Baseline points="561,952 589,952 618,952 646,952 675,952 703,953 732,953 760,955 789,956 817,957 846,958 875,959 903,960 932,961 960,961 989,962 1017,962 1046,962 1074,961 1103,961 1132,959"/>
                <TextEquiv>
                    <Unicode>Klose &amp; Seidel</Unicode>
                </TextEquiv>
            </TextLine>
            <TextLine id="r1l4" custom="readingOrder {index:3;}">
                <Coords points="440,1015 916,1045 1290,1022 1270,989 1208,1006 1148,980 440,982"/>
                <Baseline points="446,1016 487,1016 529,1016 571,1017 613,1017 655,1018 697,1019 738,1021 780,1022 822,1023 864,1024 906,1024 948,1025 990,1025 1031,1025 1073,1024 1115,1023 1157,1022 1199,1019 1241,1017 1283,1013"/>
                <TextEquiv>
                    <Unicode>Bureau für Zeitungeausechnitte.</Unicode>
                </TextEquiv>
            </TextLine>
            <TextLine id="r1l5" custom="readingOrder {index:4;}">
                <Coords points="394,1072 1238,1095 1287,1055 395,1034"/>
                <Baseline points="400,1072 444,1072 488,1072 532,1073 576,1074 620,1075 664,1076 708,1077 752,1078 796,1079 840,1080 884,1081 928,1081 972,1082 1016,1082 1060,1081 1104,1081 1148,1079 1192,1078 1236,1076 1280,1073"/>
                <TextEquiv>
                    <Unicode>Berlin NO. 43, Georgenkirchplatz 211</Unicode>
                </TextEquiv>
            </TextLine>
            <TextLine id="r1l6" custom="readingOrder {index:5;}">
                <Coords points="456,1193 1230,1189 1151,1150 1125,1167 496,1140 457,1160"/>
                <Baseline points="462,1181 500,1182 538,1182 576,1183 614,1183 652,1184 690,1184 728,1184 766,1184 804,1185 843,1185 881,1185 919,1186 957,1186 995,1186 1033,1186 1071,1187 1109,1188 1147,1188 1185,1189 1224,1190"/>
                <TextEquiv>
                    <Unicode>(Liest die meisten Zeltungen und ist das</Unicode>
                </TextEquiv>
            </TextLine>
            <TextLine id="r1l7" custom="readingOrder {index:6;}">
                <Coords points="454,1225 587,1249 1233,1245 1178,1201 455,1199"/>
                <Baseline points="460,1228 498,1229 536,1229 574,1229 613,1229 651,1230 689,1230 728,1230 766,1230 804,1231 843,1231 881,1231 919,1232 957,1233 996,1233 1034,1234 1072,1235 1111,1236 1149,1239 1187,1240 1226,1242"/>
                <TextEquiv>
                    <Unicode>bestorganisierteste Bureau Deutschlands.)</Unicode>
                </TextEquiv>
            </TextLine>
            <TextLine id="r1l8" custom="readingOrder {index:7;}">
                <Coords points="226,1405 590,1402 747,1433 858,1409 944,1436 1175,1409 1135,1361 1064,1369 1017,1337 790,1374 648,1346 504,1380 294,1336 227,1355"/>
                <Baseline points="232,1386 278,1388 325,1390 372,1391 419,1393 466,1394 513,1395 559,1396 606,1397 653,1398 700,1399 747,1400 794,1400 841,1401 887,1401 934,1402 981,1402 1028,1402 1075,1402 1122,1402 1169,1402"/>
                <TextEquiv>
                    <Unicode>Zetung</Unicode>
                </TextEquiv>
            </TextLine>
            <TextLine id="r1l9" custom="readingOrder {index:8;}">
                <Coords points="234,1502 254,1493 306,1512 356,1499 399,1512 429,1503 455,1509 456,1484 395,1482 348,1460 335,1466 323,1455 309,1458 279,1446 237,1446"/>
                <Baseline points="241,1494 267,1492 293,1493 319,1494 345,1496 371,1499 397,1501 423,1502 449,1502"/>
                <TextEquiv>
                    <Unicode>Ort: —</Unicode>
                </TextEquiv>
            </TextLine>
            <TextLine id="r1l10" custom="readingOrder {index:9;}">
                <Coords points="238,1605 298,1613 318,1629 351,1608 395,1620 451,1611 494,1620 516,1616 517,1579 460,1589 426,1567 406,1576 357,1573 286,1555 252,1571 239,1566"/>
                <Baseline points="244,1598 270,1599 297,1599 323,1599 350,1599 377,1599 403,1600 430,1602 456,1602 483,1605 510,1608"/>
                <TextEquiv>
                    <Unicode>Datum: </Unicode>
                </TextEquiv>
            </TextLine>
            <TextLine id="r1l11" custom="readingOrder {index:10;}">
                <Coords points="716,1689 730,1700 762,1696 782,1713 818,1706 835,1716 856,1712 864,1723 875,1724 890,1651 812,1634 788,1645 730,1620"/>
                <Baseline points="724,1681 753,1689 783,1695 812,1701 842,1706 872,1711"/>
                <TextEquiv>
                    <Unicode>5.Ma</Unicode>
                </TextEquiv>
            </TextLine>
            <TextLine id="r1l12" custom="readingOrder {index:11;}">
                <Coords points="455,1816 569,1839 650,1818 816,1849 845,1831 931,1846 962,1832 1001,1851 1062,1827 1063,1808 970,1773 457,1763"/>
                <Baseline points="462,1811 491,1811 521,1813 551,1813 580,1815 610,1816 640,1817 669,1819 699,1820 729,1821 759,1822 788,1823 818,1824 848,1825 877,1826 907,1827 937,1827 966,1827 996,1827 1026,1827 1056,1827"/>
                <TextEquiv>
                    <Unicode>Arthur Schnitzler=Zyflus.</Unicode>
                </TextEquiv>
            </TextLine>
            <TextLine id="r1l13" custom="readingOrder {index:12;}">
                <Coords points="378,1875 1223,1904 1223,1876 1176,1859 1013,1842 379,1843"/>
                <Baseline points="384,1872 425,1874 467,1875 508,1877 550,1878 592,1880 633,1881 675,1882 716,1883 758,1884 800,1885 841,1886 883,1888 924,1888 966,1890 1008,1890 1049,1891 1091,1893 1132,1894 1174,1895 1216,1896"/>
                <TextEquiv>
                    <Unicode>Schnitzlers 50 Geburtstag wird heute von</Unicode>
                </TextEquiv>
            </TextLine>
            <TextLine id="r1l14" custom="readingOrder {index:13;}">
                <Coords points="281,1919 1192,1938 1227,1963 1236,1899 281,1885"/>
                <Baseline points="287,1916 334,1916 381,1917 428,1918 475,1920 522,1921 569,1922 616,1924 663,1925 710,1927 758,1928 805,1930 852,1931 899,1932 946,1933 993,1934 1040,1935 1087,1935 1134,1936 1181,1936 1229,1935"/>
                <TextEquiv>
                    <Unicode>einer Reihe großer deutscher Bühnen gefeiert wer¬</Unicode>
                </TextEquiv>
            </TextLine>
            <TextLine id="r1l15" custom="readingOrder {index:14;}">
                <Coords points="275,1967 1126,1997 1215,1942 276,1918"/>
                <Baseline points="281,1958 327,1960 373,1962 420,1964 466,1965 512,1967 559,1969 605,1969 651,1971 698,1972 744,1972 790,1973 837,1974 883,1974 929,1975 976,1976 1022,1976 1068,1977 1115,1978 1161,1978 1208,1979"/>
                <TextEquiv>
                    <Unicode>den. So bringt das Burgtheater „Das weite Land“</Unicode>
                </TextEquiv>
            </TextLine>
            <TextLine id="r1l16" custom="readingOrder {index:15;}">
                <Coords points="266,1999 1233,2039 1234,1979 903,2006 863,1976 267,1970"/>
                <Baseline points="272,2002 319,2003 367,2006 415,2007 463,2008 510,2009 558,2010 606,2011 654,2012 701,2013 749,2014 797,2015 845,2016 892,2017 940,2018 988,2019 1036,2021 1083,2022 1131,2023 1179,2025 1227,2027"/>
                <TextEquiv>
                    <Unicode>das Wiener Votkstheater „Liebelei und „Der grüne</Unicode>
                </TextEquiv>
            </TextLine>
            <TextLine id="r1l17" custom="readingOrder {index:16;}">
                <Coords points="270,2053 1132,2079 1213,2068 1214,2032 478,2012 428,2035 271,2007"/>
                <Baseline points="276,2045 322,2046 369,2047 415,2049 462,2050 508,2051 555,2052 601,2053 648,2054 694,2055 741,2056 788,2057 834,2058 881,2059 927,2060 974,2062 1020,2062 1067,2064 1113,2065 1160,2067 1207,2068"/>
                <TextEquiv>
                    <Unicode>Kakadn, das Dresdener Hoftheater hat „Liebelei“</Unicode>
                </TextEquiv>
            </TextLine>
            <TextLine id="r1l18" custom="readingOrder {index:17;}">
                <Coords points="272,2083 1235,2130 1229,2055 1188,2082 892,2083 273,2052"/>
                <Baseline points="279,2085 326,2087 374,2089 421,2091 469,2093 516,2094 564,2096 611,2097 659,2098 706,2100 754,2101 801,2102 849,2103 896,2104 944,2104 991,2105 1039,2106 1086,2106 1134,2107 1181,2107 1229,2108"/>
                <TextEquiv>
                    <Unicode>inen einstudiert; das Berliner Schiller=Theater</Unicode>
                </TextEquiv>
            </TextLine>
            <TextLine id="r1l19" custom="readingOrder {index:18;}">
                <Coords points="285,2150 1103,2166 1221,2133 286,2094"/>
                <Baseline points="292,2130 338,2132 384,2133 430,2135 476,2136 522,2137 568,2139 614,2140 660,2141 706,2143 753,2144 799,2145 845,2146 891,2147 937,2148 983,2148 1029,2149 1075,2149 1121,2149 1167,2149 1214,2149"/>
                <TextEquiv>
                    <Unicode>führt „Paraselsus“, „Die Gefährtin“ und „Der</Unicode>
                </TextEquiv>
            </TextLine>
            <TextLine id="r1l20" custom="readingOrder {index:19;}">
                <Coords points="283,2177 1217,2209 1196,2158 999,2142 284,2151"/>
                <Baseline points="290,2173 336,2174 382,2176 428,2177 474,2179 520,2180 566,2181 612,2182 658,2183 704,2184 750,2185 796,2187 842,2187 888,2188 934,2189 980,2190 1026,2190 1072,2191 1118,2191 1164,2192 1211,2192"/>
                <TextEquiv>
                    <Unicode>grüne Kakads“sauf. — Bei uns wird die Feier durch</Unicode>
                </TextEquiv>
            </TextLine>
            <TextLine id="r1l21" custom="readingOrder {index:20;}">
                <Coords points="265,2241 1091,2250 1194,2244 1218,2208 267,2176"/>
                <Baseline points="272,2216 321,2217 370,2218 420,2219 469,2220 519,2222 568,2223 617,2225 667,2227 716,2228 766,2230 815,2231 865,2233 914,2234 963,2235 1013,2236 1062,2236 1112,2237 1161,2236 1211,2236"/>
                <TextEquiv>
                    <Unicode>die zyklische Aüfführung von Schnitzlers Werken be¬</Unicode>
                </TextEquiv>
            </TextLine>
            <TextLine id="r1l22" custom="readingOrder {index:21;}">
                <Coords points="270,2268 1121,2301 1228,2268 1220,2234 271,2242"/>
                <Baseline points="276,2263 323,2263 370,2264 417,2265 465,2266 512,2267 559,2268 606,2269 654,2270 701,2271 748,2272 795,2273 843,2274 890,2275 937,2276 984,2276 1032,2277 1079,2278 1126,2278 1173,2278 1221,2278"/>
                <TextEquiv>
                    <Unicode>gangen, die heute mit der Premiere des Schauspiels</Unicode>
                </TextEquiv>
            </TextLine>
            <TextLine id="r1l23" custom="readingOrder {index:22;}">
                <Coords points="279,2318 1219,2344 1231,2268 1124,2302 280,2278"/>
                <Baseline points="286,2305 332,2305 379,2305 426,2306 473,2307 520,2308 567,2309 613,2310 660,2311 707,2312 754,2314 801,2315 848,2316 895,2317 941,2318 988,2319 1035,2320 1082,2321 1129,2321 1176,2321 1223,2321"/>
                <TextEquiv>
                    <Unicode>„Das Marchen“ beginnt. Die Heldin des</Unicode>
                </TextEquiv>
            </TextLine>
            <TextLine id="r1l24" custom="readingOrder {index:23;}">
                <Coords points="274,2348 1233,2369 1233,2339 1166,2330 275,2318"/>
                <Baseline points="280,2345 327,2346 374,2347 422,2348 469,2349 516,2350 564,2352 611,2353 658,2354 706,2356 753,2357 800,2358 848,2359 895,2360 942,2361 990,2363 1037,2363 1084,2364 1132,2365 1179,2365 1227,2365"/>
                <TextEquiv>
                    <Unicode>Stückes ist eine junge Schauspielerin, die schon im</Unicode>
                </TextEquiv>
            </TextLine>
            <TextLine id="r1l25" custom="readingOrder {index:24;}">
                <Coords points="279,2388 1073,2421 1216,2407 1217,2375 279,2353"/>
                <Baseline points="285,2389 331,2390 377,2391 423,2392 470,2393 516,2394 562,2395 608,2397 655,2398 701,2400 747,2401 793,2402 840,2403 886,2404 932,2405 978,2405 1025,2406 1071,2406 1117,2405 1163,2404 1210,2403"/>
                <TextEquiv>
                    <Unicode>Beginn ihres mädchenhaften Aufblühens der Ver¬</Unicode>
                </TextEquiv>
            </TextLine>
            <TextLine id="r1l26" custom="readingOrder {index:25;}">
                <Coords points="274,2439 1106,2452 1219,2480 1220,2436 1150,2413 275,2401"/>
                <Baseline points="280,2430 326,2432 373,2433 419,2434 466,2436 513,2437 559,2438 606,2439 653,2440 699,2442 746,2443 793,2443 839,2445 886,2445 933,2446 979,2447 1026,2447 1073,2448 1119,2448 1166,2448 1213,2448"/>
                <TextEquiv>
                    <Unicode>führung — wohl auch ihrer eigenen Sinne — zum</Unicode>
                </TextEquiv>
            </TextLine>
            <TextLine id="r1l27" custom="readingOrder {index:26;}">
                <Coords points="280,2485 1203,2513 1229,2477 280,2444"/>
                <Baseline points="286,2475 332,2476 379,2477 426,2478 473,2479 520,2480 566,2481 613,2483 660,2484 707,2485 754,2486 800,2487 847,2489 894,2489 941,2490 988,2491 1034,2492 1081,2492 1128,2492 1175,2492 1222,2492"/>
                <TextEquiv>
                    <Unicode>Opfer gefallen ist. In der Zeit, da sie sich der Höhe</Unicode>
                </TextEquiv>
            </TextLine>
            <TextLine id="r1l28" custom="readingOrder {index:27;}">
                <Coords points="278,2530 1106,2537 1220,2572 1231,2511 279,2484"/>
                <Baseline points="284,2517 331,2518 378,2518 425,2519 472,2520 519,2521 566,2523 613,2524 660,2525 707,2527 754,2528 801,2530 848,2531 895,2533 942,2534 989,2535 1036,2536 1083,2537 1130,2538 1177,2538 1224,2539"/>
                <TextEquiv>
                    <Unicode>ihrer schauspielerischen Erfolge nähert und die volle</Unicode>
                </TextEquiv>
            </TextLine>
            <TextLine id="r1l29" custom="readingOrder {index:28;}">
                <Coords points="280,2566 1147,2583 1222,2613 1223,2556 1154,2543 281,2524"/>
                <Baseline points="286,2562 332,2563 379,2563 425,2564 472,2565 518,2566 565,2566 611,2567 658,2568 704,2569 751,2570 797,2571 844,2572 890,2573 937,2574 983,2575 1030,2576 1076,2577 1123,2578 1169,2579 1216,2580"/>
                <TextEquiv>
                    <Unicode>Herrschaft über sich selbst und die Erkenntnis wahren</Unicode>
                </TextEquiv>
            </TextLine>
            <TextLine id="r1l30" custom="readingOrder {index:29;}">
                <Coords points="281,2606 1222,2655 1222,2613 1147,2583 282,2569"/>
                <Baseline points="287,2602 333,2604 380,2605 426,2606 473,2607 519,2609 566,2610 612,2611 659,2612 705,2613 752,2614 798,2614 845,2615 891,2616 938,2618 984,2618 1031,2619 1077,2620 1124,2622 1170,2623 1217,2624"/>
                <TextEquiv>
                    <Unicode>Gefühles erlangt hat, lernt sie einen Mann, Fedor</Unicode>
                </TextEquiv>
            </TextLine>
            <TextLine id="r1l31" custom="readingOrder {index:30;}">
                <Coords points="268,2647 1222,2674 1223,2628 269,2604"/>
                <Baseline points="275,2644 322,2645 369,2646 416,2647 463,2649 510,2650 557,2652 604,2654 651,2655 698,2657 745,2658 792,2660 839,2661 886,2662 933,2663 980,2663 1027,2664 1074,2664 1121,2664 1168,2663 1216,2663"/>
                <TextEquiv>
                    <Unicode>Denner, kennen, von dem sie hofft, daß er ihr gegen¬</Unicode>
                </TextEquiv>
            </TextLine>
            <TextLine id="r1l32" custom="readingOrder {index:31;}">
                <Coords points="268,2695 1168,2726 1222,2712 1223,2674 269,2648"/>
                <Baseline points="274,2691 321,2691 368,2692 415,2693 462,2695 509,2696 556,2697 603,2698 650,2700 697,2701 745,2702 792,2703 839,2704 886,2705 933,2706 980,2706 1027,2706 1074,2706 1121,2705 1168,2705 1216,2703"/>
                <TextEquiv>
                    <Unicode>über an der These festhalten wird, die er selbst auf¬</Unicode>
                </TextEquiv>
            </TextLine>
            <TextLine id="r1l33" custom="readingOrder {index:32;}">
                <Coords points="267,2725 334,2751 1188,2765 1221,2713 267,2701"/>
                <Baseline points="272,2738 319,2738 366,2738 413,2739 460,2740 507,2740 554,2741 601,2742 648,2743 695,2744 743,2745 790,2746 837,2747 884,2748 931,2749 978,2750 1025,2750 1072,2750 1119,2751 1166,2751 1214,2750"/>
                <TextEquiv>
                    <Unicode>gestellt hat: daß kein Mann einem Mädchen einen</Unicode>
                </TextEquiv>
            </TextLine>
            <TextLine id="r1l34" custom="readingOrder {index:33;}">
                <Coords points="265,2794 969,2789 1211,2820 1227,2748 807,2767 266,2725"/>
                <Baseline points="271,2780 318,2780 365,2780 413,2780 460,2781 508,2782 555,2783 603,2785 650,2786 698,2787 745,2789 792,2790 840,2792 887,2793 935,2794 982,2795 1030,2795 1077,2795 1125,2795 1172,2794 1220,2793"/>
                <TextEquiv>
                    <Unicode>Vorwurf daraus machen kann, daß sie nicht auf ihn</Unicode>
                </TextEquiv>
            </TextLine>
            <TextLine id="r1l35" custom="readingOrder {index:34;}">
                <Coords points="273,2834 1225,2844 1186,2800 274,2791"/>
                <Baseline points="280,2815 326,2817 373,2818 420,2820 467,2822 514,2824 561,2825 608,2827 655,2829 702,2830 749,2831 795,2833 842,2834 889,2835 936,2837 983,2838 1030,2838 1077,2839 1124,2839 1171,2839 1218,2839"/>
                <TextEquiv>
                    <Unicode>gewartet hat. Denner erweist sich doch schließlich als</Unicode>
                </TextEquiv>
            </TextLine>
            <TextLine id="r1l36" custom="readingOrder {index:35;}">
                <Coords points="237,2914 1195,2918 1195,2882 1066,2865 442,2881 348,2845 238,2853"/>
                <Baseline points="244,2901 291,2903 338,2904 385,2906 432,2907 480,2909 527,2910 574,2911 621,2912 668,2913 716,2914 763,2915 810,2916 857,2916 904,2916 952,2916 999,2916 1046,2915 1093,2914 1140,2912 1188,2911"/>
                <TextEquiv>
                    <Unicode>zu schwach, um den Kampf gegen das Vorurteil der</Unicode>
                </TextEquiv>
            </TextLine>
            <TextLine id="r1l37" custom="readingOrder {index:36;}">
                <Coords points="244,2952 953,2973 1201,2944 1153,2921 245,2916"/>
                <Baseline points="251,2944 298,2946 345,2949 392,2951 439,2953 486,2954 533,2955 581,2956 628,2957 675,2957 722,2957 769,2958 816,2958 863,2958 911,2958 958,2958 1005,2959 1052,2959 1099,2959 1146,2960 1194,2961"/>
                <TextEquiv>
                    <Unicode>Gesellschaft zu führen. Seine Liebe unterliegt und</Unicode>
                </TextEquiv>
            </TextLine>
            <TextLine id="r1l38" custom="readingOrder {index:37;}">
                <Coords points="236,3002 1187,2998 1187,2969 1112,2962 236,2967"/>
                <Baseline points="242,2990 291,2991 340,2992 390,2993 439,2994 489,2995 538,2996 587,2997 637,2998 686,3000 736,3000 785,3001 835,3001 884,3002 933,3002 983,3001 1032,3001 1082,3000 1131,2999 1181,2996"/>
                <TextEquiv>
                    <Unicode>Fanny Theren geht von ihm, um in der Kunst Be¬</Unicode>
                </TextEquiv>
            </TextLine>
            <TextLine id="r1l39" custom="readingOrder {index:38;}">
                <Coords points="246,3040 1157,3060 1189,3055 1190,3009 247,2995"/>
                <Baseline points="252,3028 298,3030 345,3032 391,3033 438,3035 484,3036 531,3038 577,3039 624,3040 670,3041 717,3042 764,3043 810,3043 857,3044 903,3044 950,3045 996,3045 1043,3045 1089,3045 1136,3045 1183,3044"/>
                <TextEquiv>
                    <Unicode>friedigung zu finden, befreit von der Täuschung, der</Unicode>
                </TextEquiv>
            </TextLine>
            <TextLine id="r1l40" custom="readingOrder {index:39;}">
                <Coords points="234,3074 1122,3104 1191,3058 235,3046"/>
                <Baseline points="240,3072 287,3072 334,3073 381,3075 428,3076 476,3077 523,3079 570,3080 617,3081 664,3083 712,3084 759,3085 806,3086 853,3087 900,3087 948,3088 995,3088 1042,3088 1089,3087 1136,3086 1184,3085"/>
                <TextEquiv>
                    <Unicode>sie sich in dem Glauben hingab, daß das Märchen</Unicode>
                </TextEquiv>
            </TextLine>
            <TextLine id="r1l41" custom="readingOrder {index:40;}">
                <Coords points="230,3114 1128,3154 1196,3097 231,3087"/>
                <Baseline points="236,3114 283,3116 331,3117 378,3119 426,3120 474,3121 521,3122 569,3123 617,3124 664,3125 712,3126 760,3126 807,3127 855,3127 903,3128 950,3129 998,3129 1046,3129 1093,3130 1141,3130 1189,3131"/>
                <TextEquiv>
                    <Unicode>von den Gefallenen wirklich nur noch als Märchen</Unicode>
                </TextEquiv>
            </TextLine>
            <TextLine id="r1l42" custom="readingOrder {index:41;}">
                <Coords points="246,3176 263,3184 274,3184 301,3167 316,3178 330,3179 342,3167 346,3170 362,3167 363,3133 333,3134 326,3128 318,3131 299,3122 294,3125 290,3122 280,3130 269,3124 261,3131 247,3132"/>
                <Baseline points="252,3159 278,3157 304,3157 330,3158 356,3161"/>
                <TextEquiv>
                    <Unicode>gelte.</Unicode>
                </TextEquiv>
            </TextLine>
            <TextLine id="r1l43" custom="readingOrder {index:42;}">
                <Coords points="338,3207 1035,3234 1185,3216 1185,3175 1155,3162 339,3162"/>
                <Baseline points="344,3200 385,3202 427,3203 469,3204 510,3205 552,3206 594,3208 635,3209 677,3210 719,3211 761,3212 802,3213 844,3214 886,3215 927,3215 969,3215 1011,3215 1052,3215 1094,3215 1136,3213 1178,3212"/>
                <TextEquiv>
                    <Unicode>Die heutige Vorstellung findet als 178. Abv.</Unicode>
                </TextEquiv>
            </TextLine>
            <TextLine id="r1l44" custom="readingOrder {index:43;}">
                <Coords points="240,3252 1116,3273 1191,3223 241,3203"/>
                <Baseline points="246,3240 292,3243 339,3245 386,3247 433,3249 480,3251 527,3253 574,3254 621,3255 668,3257 715,3258 761,3259 808,3259 855,3260 902,3260 949,3260 996,3260 1043,3260 1090,3259 1137,3259 1184,3258"/>
                <TextEquiv>
                    <Unicode>II. Serie im Neuen Theater statt. Der zweite</Unicode>
                </TextEquiv>
            </TextLine>
            <TextLine id="r1l45" custom="readingOrder {index:44;}">
                <Coords points="239,3292 1196,3301 1144,3265 239,3251"/>
                <Baseline points="245,3284 292,3286 339,3289 386,3290 434,3292 481,3294 528,3295 575,3297 623,3298 670,3299 717,3300 764,3301 812,3301 859,3302 906,3302 953,3302 1001,3301 1048,3301 1095,3300 1142,3299 1190,3297"/>
                <TextEquiv>
                    <Unicode>Abend des Schnitzler=Zyklus wird morgen Donners¬</Unicode>
                </TextEquiv>
            </TextLine>
            <TextLine id="r1l46" custom="readingOrder {index:45;}">
                <Coords points="239,3333 964,3357 1203,3335 1033,3301 240,3292"/>
                <Baseline points="245,3331 292,3332 340,3333 387,3334 435,3336 482,3337 530,3338 577,3340 625,3341 672,3342 720,3343 768,3343 815,3344 863,3344 910,3344 958,3344 1005,3344 1053,3343 1100,3342 1148,3340 1196,3338"/>
                <TextEquiv>
                    <Unicode>tag im Landestheater als 44. volkstümliche Vor¬</Unicode>
                </TextEquiv>
            </TextLine>
            <TextLine id="r1l47" custom="readingOrder {index:46;}">
                <Coords points="239,3387 1002,3404 1156,3396 1190,3357 240,3333"/>
                <Baseline points="245,3374 291,3374 338,3375 385,3376 432,3377 479,3379 526,3380 573,3381 620,3382 667,3383 714,3384 760,3385 807,3386 854,3387 901,3387 948,3387 995,3388 1042,3388 1089,3387 1136,3387 1183,3386"/>
                <TextEquiv>
                    <Unicode>stellung zu ermäßigten Preisen gegeben. Zur Auf¬</Unicode>
                </TextEquiv>
            </TextLine>
            <TextLine id="r1l48" custom="readingOrder {index:47;}">
                <Coords points="228,3429 1157,3440 1183,3406 229,3392"/>
                <Baseline points="235,3416 282,3416 329,3417 376,3417 423,3418 470,3419 517,3420 564,3421 611,3422 658,3423 705,3424 752,3425 799,3426 846,3427 893,3428 940,3428 987,3429 1034,3429 1081,3429 1128,3430 1176,3429"/>
                <TextEquiv>
                    <Unicode>führung gelangen die fünf Einakter aus dem Anatol:</Unicode>
                </TextEquiv>
            </TextLine>
            <TextLine id="r1l49" custom="readingOrder {index:48;}">
                <Coords points="230,3462 1044,3489 1175,3435 231,3439"/>
                <Baseline points="237,3462 283,3461 330,3461 376,3461 423,3462 469,3462 516,3463 562,3464 609,3465 655,3466 702,3467 749,3468 795,3469 842,3470 888,3471 935,3471 981,3471 1028,3471 1074,3471 1121,3470 1168,3469"/>
                <TextEquiv>
                    <Unicode>1. „Weihnachtseinkäufe“, 2. „Episode“</Unicode>
                </TextEquiv>
            </TextLine>
            <TextLine id="r1l50" custom="readingOrder {index:49;}">
                <Coords points="235,3504 1062,3531 1198,3526 1199,3492 235,3462"/>
                <Baseline points="241,3501 288,3502 336,3502 383,3503 431,3504 478,3505 526,3507 573,3508 621,3509 668,3510 716,3511 764,3512 811,3513 859,3514 906,3515 954,3515 1001,3516 1049,3516 1096,3516 1144,3516 1192,3515"/>
                <TextEquiv>
                    <Unicode>3. „Abschiedssouper“, 4. „Die Frage an</Unicode>
                </TextEquiv>
            </TextLine>
            <TextLine id="r1l51" custom="readingOrder {index:50;}">
                <Coords points="227,3552 1191,3551 1191,3525 1135,3520 228,3507"/>
                <Baseline points="233,3542 280,3544 328,3545 375,3546 423,3547 471,3548 518,3549 566,3550 613,3551 661,3553 709,3554 756,3555 804,3556 851,3557 899,3557 947,3558 994,3558 1042,3558 1089,3558 1137,3558 1185,3558"/>
                <TextEquiv>
                    <Unicode>das Schicksal“, 5. „Anatols Hochzeits¬</Unicode>
                </TextEquiv>
            </TextLine>
            <TextLine id="r1l52" custom="readingOrder {index:51;}">
                <Coords points="236,3593 1071,3617 1189,3611 1190,3581 237,3554"/>
                <Baseline points="242,3587 289,3588 336,3588 383,3589 430,3590 477,3592 524,3592 571,3593 618,3594 665,3595 713,3596 760,3597 807,3598 854,3598 901,3599 948,3600 995,3600 1042,3601 1089,3601 1136,3601 1184,3601"/>
                <TextEquiv>
                    <Unicode>morgen“. Den Anatol spielt Anton Tiller, den</Unicode>
                </TextEquiv>
            </TextLine>
            <TextLine id="r1l53" custom="readingOrder {index:52;}">
                <Coords points="234,3637 1125,3659 1198,3640 1199,3613 234,3597"/>
                <Baseline points="240,3630 287,3632 335,3633 382,3634 430,3635 478,3636 525,3637 573,3638 620,3639 668,3640 716,3640 763,3641 811,3641 858,3642 906,3642 954,3642 1001,3643 1049,3643 1096,3643 1144,3642 1192,3642"/>
                <TextEquiv>
                    <Unicode>Max Alfred Huttig. In den weiblichen Hauptrollen</Unicode>
                </TextEquiv>
            </TextLine>
            <TextLine id="r1l54" custom="readingOrder {index:53;}">
                <Coords points="225,3690 1004,3710 1193,3683 1138,3651 542,3663 226,3632"/>
                <Baseline points="232,3671 279,3674 327,3676 375,3677 423,3679 470,3680 518,3681 566,3682 614,3682 661,3683 709,3683 757,3683 805,3683 852,3683 900,3683 948,3683 996,3683 1043,3684 1091,3684 1139,3684 1187,3685"/>
                <TextEquiv>
                    <Unicode>sind die Damen Helling, Glasel, Medelsky, Kauf¬</Unicode>
                </TextEquiv>
            </TextLine>
            <TextLine id="r1l55" custom="readingOrder {index:54;}">
                <Coords points="233,3731 290,3719 683,3745 832,3731 831,3711 754,3685 668,3701 631,3682 583,3699 548,3682 432,3695 411,3680 347,3702 234,3688"/>
                <Baseline points="240,3710 269,3711 298,3712 327,3713 357,3715 386,3716 415,3717 445,3718 474,3720 503,3721 533,3722 562,3723 591,3724 620,3725 650,3726 679,3727 708,3727 738,3728 767,3728 796,3729 826,3729"/>
                <TextEquiv>
                    <Unicode>mann und Steinheil beschäftigt.</Unicode>
                </TextEquiv>
            </TextLine>
            <TextEquiv>
                <Unicode>box 39/1
SothBirthday
Klose &amp; Seidel
Bureau für Zeitungeausechnitte.
Berlin NO. 43, Georgenkirchplatz 211
(Liest die meisten Zeltungen und ist das
bestorganisierteste Bureau Deutschlands.)
Zetung
Ort: —
Datum: 
5.Ma
Arthur Schnitzler=Zyflus.
Schnitzlers 50 Geburtstag wird heute von
einer Reihe großer deutscher Bühnen gefeiert wer¬
den. So bringt das Burgtheater „Das weite Land“
das Wiener Votkstheater „Liebelei und „Der grüne
Kakadn, das Dresdener Hoftheater hat „Liebelei“
inen einstudiert; das Berliner Schiller=Theater
führt „Paraselsus“, „Die Gefährtin“ und „Der
grüne Kakads“sauf. — Bei uns wird die Feier durch
die zyklische Aüfführung von Schnitzlers Werken be¬
gangen, die heute mit der Premiere des Schauspiels
„Das Marchen“ beginnt. Die Heldin des
Stückes ist eine junge Schauspielerin, die schon im
Beginn ihres mädchenhaften Aufblühens der Ver¬
führung — wohl auch ihrer eigenen Sinne — zum
Opfer gefallen ist. In der Zeit, da sie sich der Höhe
ihrer schauspielerischen Erfolge nähert und die volle
Herrschaft über sich selbst und die Erkenntnis wahren
Gefühles erlangt hat, lernt sie einen Mann, Fedor
Denner, kennen, von dem sie hofft, daß er ihr gegen¬
über an der These festhalten wird, die er selbst auf¬
gestellt hat: daß kein Mann einem Mädchen einen
Vorwurf daraus machen kann, daß sie nicht auf ihn
gewartet hat. Denner erweist sich doch schließlich als
zu schwach, um den Kampf gegen das Vorurteil der
Gesellschaft zu führen. Seine Liebe unterliegt und
Fanny Theren geht von ihm, um in der Kunst Be¬
friedigung zu finden, befreit von der Täuschung, der
sie sich in dem Glauben hingab, daß das Märchen
von den Gefallenen wirklich nur noch als Märchen
gelte.
Die heutige Vorstellung findet als 178. Abv.
II. Serie im Neuen Theater statt. Der zweite
Abend des Schnitzler=Zyklus wird morgen Donners¬
tag im Landestheater als 44. volkstümliche Vor¬
stellung zu ermäßigten Preisen gegeben. Zur Auf¬
führung gelangen die fünf Einakter aus dem Anatol:
1. „Weihnachtseinkäufe“, 2. „Episode“
3. „Abschiedssouper“, 4. „Die Frage an
das Schicksal“, 5. „Anatols Hochzeits¬
morgen“. Den Anatol spielt Anton Tiller, den
Max Alfred Huttig. In den weiblichen Hauptrollen
sind die Damen Helling, Glasel, Medelsky, Kauf¬
mann und Steinheil beschäftigt.</Unicode>
            </TextEquiv>
        </TextRegion>
        <TextRegion orientation="0.0" id="r2" custom="readingOrder {index:1;}">
            <Coords points="1700,1366 1700,3516 2761,3516 2761,1366"/>
            <TextLine id="r2l1" custom="readingOrder {index:0;}">
                <Coords points="1694,1405 1724,1414 1747,1398 1805,1407 1896,1388 1924,1407 1994,1397 2029,1375 2089,1398 2088,1348 1997,1362 1860,1342 1693,1354"/>
                <Baseline points="1700,1390 1725,1391 1750,1391 1776,1390 1801,1390 1827,1389 1852,1389 1878,1388 1903,1388 1929,1387 1954,1386 1980,1386 2005,1386 2031,1386 2056,1386 2082,1387"/>
                <TextEquiv>
                    <Unicode>schnitt aus:</Unicode>
                </TextEquiv>
            </TextLine>
            <TextLine id="r2l2" custom="readingOrder {index:1;}">
                <Coords points="2116,1420 2767,1404 2767,1351 2723,1345 2617,1365 2438,1333 2334,1355 2259,1333 2189,1352 2116,1339"/>
                <Baseline points="2122,1398 2155,1400 2189,1401 2222,1403 2256,1404 2290,1405 2323,1406 2357,1406 2391,1406 2424,1407 2458,1406 2491,1406 2525,1406 2559,1405 2592,1404 2626,1404 2660,1403 2693,1402 2727,1400 2761,1399"/>
                <TextEquiv>
                    <Unicode>rager Tachlatt</Unicode>
                </TextEquiv>
            </TextLine>
            <TextLine id="r2l3" custom="readingOrder {index:2;}">
                <Coords points="1963,1455 1998,1472 2021,1455 2062,1463 2071,1454 2113,1457 2143,1473 2250,1454 2249,1429 2222,1429 2182,1406 2149,1419 2112,1392 2078,1403 2010,1388 1981,1411 1961,1414"/>
                <Baseline points="1969,1450 1996,1449 2023,1448 2051,1447 2078,1447 2106,1446 2133,1445 2160,1445 2188,1444 2215,1442 2243,1440"/>
                <TextEquiv>
                    <Unicode>1SMAL19T</Unicode>
                </TextEquiv>
            </TextLine>
            <TextLine id="r2l4" custom="readingOrder {index:3;}">
                <Coords points="1950,1556 1956,1557 1961,1553 1966,1553 1967,1551 1985,1552 1987,1520 1979,1521 1974,1517 1968,1518 1966,1515 1952,1513"/>
                <Baseline points="1956,1549 1978,1550"/>
                <TextEquiv>
                    <Unicode>4</Unicode>
                </TextEquiv>
            </TextLine>
            <TextLine id="r2l5" custom="readingOrder {index:4;}">
                <Coords points="1770,1589 1852,1563 1988,1600 2083,1574 2290,1575 2335,1603 2525,1587 2525,1554 2477,1561 2434,1523 2076,1510 1966,1552 1935,1523 1875,1534 1828,1497 1771,1498"/>
                <Baseline points="1776,1559 1813,1565 1850,1570 1887,1573 1924,1576 1961,1578 1998,1580 2036,1581 2073,1581 2110,1581 2147,1580 2184,1579 2221,1579 2258,1578 2296,1577 2333,1576 2370,1576 2407,1576 2444,1577 2481,1578 2519,1580"/>
                <TextEquiv>
                    <Unicode>— Arigur Schnitzler=Iyklus.</Unicode>
                </TextEquiv>
            </TextLine>
            <TextLine id="r2l6" custom="readingOrder {index:5;}">
                <Coords points="1810,1626 1938,1651 2619,1636 2649,1618 2649,1571 2553,1598 2301,1600 2245,1573 1810,1599"/>
                <Baseline points="1817,1627 1858,1629 1899,1629 1940,1630 1982,1631 2023,1631 2064,1631 2106,1632 2147,1632 2188,1632 2230,1631 2271,1631 2312,1631 2353,1631 2395,1630 2436,1629 2477,1629 2519,1628 2560,1628 2601,1627 2643,1627"/>
                <TextEquiv>
                    <Unicode>Schnitzlers 50. Geburtstag wird heute von</Unicode>
                </TextEquiv>
            </TextLine>
            <TextLine id="r2l7" custom="readingOrder {index:6;}">
                <Coords points="1706,1681 2446,1686 2653,1671 2653,1617 2398,1647 1705,1631"/>
                <Baseline points="1712,1676 1758,1675 1805,1675 1852,1674 1899,1674 1945,1674 1992,1674 2039,1674 2086,1674 2132,1674 2179,1674 2226,1674 2273,1674 2319,1673 2366,1673 2413,1672 2460,1670 2506,1669 2553,1667 2600,1664 2647,1661"/>
                <TextEquiv>
                    <Unicode>einer Reihe großer deutscher Bühnen gefeiert wer¬</Unicode>
                </TextEquiv>
            </TextLine>
            <TextLine id="r2l8" custom="readingOrder {index:7;}">
                <Coords points="2615,1694 2623,1692 2627,1693 2631,1687 2634,1689 2635,1687 2641,1686 2636,1665 2626,1668 2622,1667 2618,1672 2610,1674"/>
                <Baseline points="2620,1688 2634,1685"/>
                <TextEquiv>
                    <Unicode>7</Unicode>
                </TextEquiv>
            </TextLine>
            <TextLine id="r2l9" custom="readingOrder {index:8;}">
                <Coords points="1708,1719 2628,1724 2642,1687 1707,1683"/>
                <Baseline points="1714,1717 1760,1717 1806,1717 1852,1717 1898,1717 1944,1717 1990,1717 2036,1717 2082,1717 2128,1717 2174,1717 2220,1716 2266,1716 2312,1715 2358,1715 2404,1714 2450,1713 2496,1712 2542,1710 2588,1709 2635,1707"/>
                <TextEquiv>
                    <Unicode>den. So bringt das Burgtheater „Das weite Land“,</Unicode>
                </TextEquiv>
            </TextLine>
            <TextLine id="r2l10" custom="readingOrder {index:9;}">
                <Coords points="1697,1757 2537,1774 2652,1743 2651,1713 1696,1721"/>
                <Baseline points="1703,1760 1750,1760 1797,1760 1844,1760 1891,1760 1938,1759 1985,1759 2032,1759 2079,1759 2126,1758 2174,1758 2221,1757 2268,1757 2315,1756 2362,1756 2409,1755 2456,1755 2503,1754 2550,1754 2597,1753 2645,1752"/>
                <TextEquiv>
                    <Unicode>das Wiener Volkstheater „Liebelei“ und „Der grüne</Unicode>
                </TextEquiv>
            </TextLine>
            <TextLine id="r2l11" custom="readingOrder {index:10;}">
                <Coords points="1706,1799 2138,1819 2171,1795 2639,1792 2615,1757 1706,1768"/>
                <Baseline points="1712,1805 1758,1803 1804,1802 1850,1801 1896,1801 1942,1800 1988,1800 2034,1800 2080,1800 2126,1800 2172,1800 2218,1800 2264,1800 2310,1800 2356,1799 2402,1799 2448,1798 2494,1797 2540,1796 2586,1794 2632,1792"/>
                <TextEquiv>
                    <Unicode>Kakadu“ das Dresdener Hoftheater hat „Liebelei“</Unicode>
                </TextEquiv>
            </TextLine>
            <TextLine id="r2l12" custom="readingOrder {index:11;}">
                <Coords points="1699,1850 2544,1859 2659,1847 2658,1796 1698,1813"/>
                <Baseline points="1705,1841 1752,1842 1799,1843 1847,1844 1894,1844 1941,1845 1989,1845 2036,1844 2083,1844 2131,1843 2178,1843 2225,1842 2273,1841 2320,1840 2367,1839 2415,1838 2462,1838 2509,1837 2557,1836 2604,1835 2652,1835"/>
                <TextEquiv>
                    <Unicode>ineu einstudiert, das Berliner Schiller=Theater</Unicode>
                </TextEquiv>
            </TextLine>
            <TextLine id="r2l13" custom="readingOrder {index:12;}">
                <Coords points="1701,1892 1998,1902 2073,1873 2119,1905 2422,1874 2533,1897 2654,1885 2654,1844 2543,1868 2443,1843 1700,1848"/>
                <Baseline points="1707,1885 1754,1886 1801,1886 1848,1887 1895,1887 1942,1887 1989,1887 2036,1887 2083,1887 2130,1886 2177,1886 2224,1885 2271,1885 2318,1884 2365,1883 2412,1883 2459,1882 2506,1881 2553,1880 2600,1880 2648,1879"/>
                <TextEquiv>
                    <Unicode>führt „Paracelsus“ „Die Gefährtin“ und „Der</Unicode>
                </TextEquiv>
            </TextLine>
            <TextLine id="r2l14" custom="readingOrder {index:13;}">
                <Coords points="1711,1934 2647,1943 2633,1884 2082,1910 1711,1891"/>
                <Baseline points="1717,1936 1763,1935 1809,1933 1855,1931 1901,1930 1947,1930 1993,1929 2040,1929 2086,1928 2132,1928 2178,1928 2224,1927 2270,1927 2316,1927 2363,1926 2409,1925 2455,1924 2501,1923 2547,1922 2593,1920 2640,1918"/>
                <TextEquiv>
                    <Unicode>grune Kakadu“ auf. — Bei uns wird die Feier durch</Unicode>
                </TextEquiv>
            </TextLine>
            <TextLine id="r2l15" custom="readingOrder {index:14;}">
                <Coords points="1703,1976 2589,1978 2659,1968 2659,1922 1703,1936"/>
                <Baseline points="1709,1978 1756,1977 1803,1976 1850,1975 1897,1974 1945,1974 1992,1973 2039,1972 2086,1972 2133,1971 2181,1970 2228,1970 2275,1969 2322,1968 2369,1968 2417,1967 2464,1966 2511,1965 2558,1964 2605,1963 2653,1961"/>
                <TextEquiv>
                    <Unicode>die zyklische Aufführung von Schnitzlers Werken be¬</Unicode>
                </TextEquiv>
            </TextLine>
            <TextLine id="r2l16" custom="readingOrder {index:15;}">
                <Coords points="1699,2028 2561,2029 2650,2019 2649,1972 1759,1978 1698,2003"/>
                <Baseline points="1705,2022 1751,2021 1798,2019 1845,2018 1892,2017 1939,2016 1986,2016 2033,2015 2080,2014 2127,2014 2174,2013 2220,2013 2267,2013 2314,2012 2361,2012 2408,2011 2455,2010 2502,2009 2549,2009 2596,2008 2643,2006"/>
                <TextEquiv>
                    <Unicode>gangen, die heute mit der Premiere des Schauspiels</Unicode>
                </TextEquiv>
            </TextLine>
            <TextLine id="r2l17" custom="readingOrder {index:16;}">
                <Coords points="1708,2064 2448,2073 2564,2044 2634,2064 2651,2019 1708,2035"/>
                <Baseline points="1715,2064 1761,2062 1808,2060 1854,2059 1901,2058 1947,2058 1994,2057 2040,2057 2087,2057 2133,2056 2180,2056 2226,2056 2273,2056 2319,2056 2366,2056 2412,2055 2459,2054 2505,2053 2552,2052 2598,2050 2645,2047"/>
                <TextEquiv>
                    <Unicode>„Das Märchen“ beginnt. Die Heldin des</Unicode>
                </TextEquiv>
            </TextLine>
            <TextLine id="r2l18" custom="readingOrder {index:17;}">
                <Coords points="1715,2104 2661,2117 2660,2037 2400,2075 1714,2069"/>
                <Baseline points="1721,2106 1767,2105 1814,2104 1861,2103 1907,2103 1954,2102 2001,2101 2047,2101 2094,2100 2141,2100 2188,2099 2234,2099 2281,2098 2328,2098 2374,2098 2421,2097 2468,2096 2514,2096 2561,2095 2608,2094 2655,2093"/>
                <TextEquiv>
                    <Unicode>Stückes ist eine junge Schauspielerin, die schon im</Unicode>
                </TextEquiv>
            </TextLine>
            <TextLine id="r2l19" custom="readingOrder {index:18;}">
                <Coords points="1697,2147 2567,2153 2649,2143 2649,2106 1696,2110"/>
                <Baseline points="1703,2148 1750,2147 1797,2146 1844,2145 1891,2145 1938,2144 1985,2144 2032,2144 2079,2144 2126,2143 2173,2143 2220,2143 2267,2143 2314,2142 2361,2142 2408,2141 2455,2140 2502,2139 2549,2137 2596,2136 2643,2133"/>
                <TextEquiv>
                    <Unicode>Beginn ihres mädchenhaften Aufblühens der Ver¬</Unicode>
                </TextEquiv>
            </TextLine>
            <TextLine id="r2l20" custom="readingOrder {index:19;}">
                <Coords points="2418,2171 2426,2172 2432,2169 2438,2177 2443,2177 2447,2149 2441,2148 2434,2152 2431,2152 2425,2149 2421,2149"/>
                <Baseline points="2425,2164 2439,2166"/>
                <TextEquiv>
                    <Unicode>11</Unicode>
                </TextEquiv>
            </TextLine>
            <TextLine id="r2l21" custom="readingOrder {index:20;}">
                <Coords points="1708,2189 2656,2200 2634,2140 2434,2171 2401,2145 1930,2170 1708,2149"/>
                <Baseline points="1715,2191 1761,2190 1808,2189 1855,2188 1901,2187 1948,2187 1995,2186 2041,2186 2088,2185 2135,2185 2182,2185 2228,2184 2275,2184 2322,2184 2368,2183 2415,2183 2462,2182 2508,2181 2555,2180 2602,2179 2649,2177"/>
                <TextEquiv>
                    <Unicode>führung — wohl auch ihrer eigenen Siune — zum</Unicode>
                </TextEquiv>
            </TextLine>
            <TextLine id="r2l22" custom="readingOrder {index:21;}">
                <Coords points="1698,2245 2571,2238 2657,2229 2657,2183 1698,2193"/>
                <Baseline points="1705,2234 1752,2232 1799,2230 1846,2229 1894,2228 1941,2227 1988,2227 2036,2227 2083,2226 2130,2226 2178,2226 2225,2227 2272,2227 2319,2226 2367,2226 2414,2226 2461,2225 2509,2225 2556,2223 2603,2222 2651,2220"/>
                <TextEquiv>
                    <Unicode>Opfer gefallen ist. In der Zeit, da sie sich der Höhe</Unicode>
                </TextEquiv>
            </TextLine>
            <TextLine id="r2l23" custom="readingOrder {index:22;}">
                <Coords points="1713,2283 2666,2283 2646,2225 1713,2247"/>
                <Baseline points="1719,2275 1766,2273 1813,2271 1860,2270 1907,2269 1954,2268 2001,2268 2048,2267 2095,2267 2142,2267 2189,2267 2236,2268 2283,2268 2330,2268 2377,2268 2424,2268 2471,2268 2518,2268 2565,2267 2612,2267 2659,2266"/>
                <TextEquiv>
                    <Unicode>ihrer schauspielerischen Erfolge nähert und die volle</Unicode>
                </TextEquiv>
            </TextLine>
            <TextLine id="r2l24" custom="readingOrder {index:23;}">
                <Coords points="1711,2325 2638,2325 2654,2275 1711,2284"/>
                <Baseline points="1717,2316 1763,2315 1810,2314 1856,2313 1903,2312 1949,2312 1996,2312 2042,2312 2089,2312 2135,2312 2182,2312 2228,2312 2275,2312 2321,2312 2368,2311 2414,2311 2461,2311 2507,2310 2554,2309 2600,2307 2647,2306"/>
                <TextEquiv>
                    <Unicode>Herrschaft über sich selbst und die Erkenntnis wahren</Unicode>
                </TextEquiv>
            </TextLine>
            <TextLine id="r2l25" custom="readingOrder {index:24;}">
                <Coords points="1705,2372 2477,2354 2650,2380 2657,2319 1704,2330"/>
                <Baseline points="1711,2358 1758,2357 1805,2356 1852,2355 1899,2354 1946,2354 1993,2354 2040,2353 2087,2353 2134,2353 2181,2353 2228,2353 2275,2353 2322,2353 2369,2353 2416,2352 2463,2352 2510,2351 2557,2350 2604,2349 2651,2348"/>
                <TextEquiv>
                    <Unicode>Gefühles erlangt hat, lernt sie einen Mann, Fedor</Unicode>
                </TextEquiv>
            </TextLine>
            <TextLine id="r2l26" custom="readingOrder {index:25;}">
                <Coords points="1712,2402 2528,2393 2663,2426 2663,2377 1711,2366"/>
                <Baseline points="1718,2403 1767,2401 1816,2400 1866,2399 1915,2399 1965,2398 2014,2398 2063,2398 2113,2398 2162,2398 2212,2398 2261,2398 2311,2398 2360,2397 2409,2396 2459,2395 2508,2394 2558,2392 2607,2390 2657,2387"/>
                <TextEquiv>
                    <Unicode>Denner, kennen, von dem sie hofft, daß er ihr gegen¬</Unicode>
                </TextEquiv>
            </TextLine>
            <TextLine id="r2l27" custom="readingOrder {index:26;}">
                <Coords points="1714,2447 2597,2453 2660,2441 2660,2408 1713,2419"/>
                <Baseline points="1720,2447 1766,2445 1813,2445 1860,2444 1906,2443 1953,2443 2000,2443 2046,2443 2093,2443 2140,2443 2187,2443 2233,2443 2280,2443 2327,2443 2373,2443 2420,2442 2467,2441 2513,2439 2560,2437 2607,2435 2654,2432"/>
                <TextEquiv>
                    <Unicode>über an der These festhalten wird, die er selbst auf¬</Unicode>
                </TextEquiv>
            </TextLine>
            <TextLine id="r2l28" custom="readingOrder {index:27;}">
                <Coords points="1710,2493 2623,2490 2661,2481 2660,2442 1709,2463"/>
                <Baseline points="1716,2489 1765,2489 1814,2489 1864,2488 1913,2488 1963,2488 2012,2488 2061,2487 2111,2487 2160,2486 2210,2486 2259,2485 2309,2484 2358,2484 2407,2483 2457,2482 2506,2481 2556,2480 2605,2479 2655,2478"/>
                <TextEquiv>
                    <Unicode>gestellt hat: daß kein Mann einem Mädchen einen</Unicode>
                </TextEquiv>
            </TextLine>
            <TextLine id="r2l29" custom="readingOrder {index:28;}">
                <Coords points="1714,2531 2481,2543 2667,2514 2658,2472 1714,2500"/>
                <Baseline points="1721,2532 1768,2531 1815,2530 1862,2530 1909,2529 1956,2529 2003,2529 2050,2529 2097,2529 2144,2529 2191,2529 2238,2529 2285,2528 2332,2528 2379,2528 2426,2527 2473,2526 2520,2525 2567,2523 2614,2522 2661,2520"/>
                <TextEquiv>
                    <Unicode>Vorwurf daraus machen kann, daß sie nicht auf ihn</Unicode>
                </TextEquiv>
            </TextLine>
            <TextLine id="r2l30" custom="readingOrder {index:29;}">
                <Coords points="1717,2576 2660,2562 2621,2527 1717,2535"/>
                <Baseline points="1723,2575 1769,2574 1816,2573 1862,2573 1909,2572 1955,2572 2002,2572 2048,2572 2095,2572 2141,2571 2188,2571 2234,2571 2281,2571 2327,2570 2374,2570 2420,2569 2467,2568 2513,2567 2560,2566 2606,2564 2653,2562"/>
                <TextEquiv>
                    <Unicode>gewartet hat. Denner erweist sich doch schließlich als</Unicode>
                </TextEquiv>
            </TextLine>
            <TextLine id="r2l31" custom="readingOrder {index:30;}">
                <Coords points="1712,2625 2671,2619 2670,2556 2510,2584 1712,2591"/>
                <Baseline points="1719,2619 1766,2618 1813,2617 1860,2617 1908,2616 1955,2616 2002,2616 2050,2616 2097,2616 2144,2616 2192,2616 2239,2616 2286,2616 2333,2615 2381,2615 2428,2614 2475,2613 2523,2612 2570,2610 2617,2608 2665,2606"/>
                <TextEquiv>
                    <Unicode>zu schwach, um den Kampf gegen das Vorurteil der</Unicode>
                </TextEquiv>
            </TextLine>
            <TextLine id="r2l32" custom="readingOrder {index:31;}">
                <Coords points="1715,2746 2667,2721 2666,2687 2561,2665 2368,2703 2264,2678 1714,2701"/>
                <Baseline points="1721,2739 1768,2738 1815,2737 1862,2737 1909,2736 1956,2735 2003,2734 2050,2734 2097,2732 2144,2731 2191,2730 2238,2729 2285,2728 2332,2727 2379,2725 2426,2724 2473,2722 2520,2721 2567,2719 2614,2717 2661,2715"/>
                <TextEquiv>
                    <Unicode>Gesellschaft zu führen. Seine Liebe unterliegt und</Unicode>
                </TextEquiv>
            </TextLine>
            <TextLine id="r2l33" custom="readingOrder {index:32;}">
                <Coords points="1707,2797 2658,2771 2657,2725 2578,2722 2240,2753 1706,2740"/>
                <Baseline points="1713,2784 1759,2783 1806,2782 1853,2782 1900,2781 1947,2780 1994,2779 2041,2778 2088,2777 2135,2776 2182,2776 2228,2774 2275,2773 2322,2772 2369,2770 2416,2768 2463,2766 2510,2764 2557,2762 2604,2759 2651,2755"/>
                <TextEquiv>
                    <Unicode>Fanny Theren geht von ihm, um in der Kunst Be¬</Unicode>
                </TextEquiv>
            </TextLine>
            <TextLine id="r2l34" custom="readingOrder {index:33;}">
                <Coords points="1709,2827 2566,2819 2643,2808 2661,2773 1708,2785"/>
                <Baseline points="1715,2823 1762,2823 1809,2823 1856,2823 1903,2823 1950,2822 1997,2822 2044,2821 2091,2820 2138,2819 2185,2818 2232,2817 2279,2816 2326,2814 2373,2813 2420,2811 2467,2810 2514,2808 2561,2806 2608,2804 2656,2802"/>
                <TextEquiv>
                    <Unicode>friedigung zu finden, befreit von der Täuschung, der</Unicode>
                </TextEquiv>
            </TextLine>
            <TextLine id="r2l35" custom="readingOrder {index:34;}">
                <Coords points="1716,2869 2668,2857 2667,2823 2589,2807 1715,2827"/>
                <Baseline points="1722,2867 1771,2866 1820,2866 1870,2865 1919,2865 1969,2864 2018,2863 2067,2863 2117,2862 2166,2861 2216,2860 2265,2859 2315,2858 2364,2856 2413,2854 2463,2852 2512,2850 2562,2848 2611,2846 2661,2842"/>
                <TextEquiv>
                    <Unicode>sie sich in dem Glauben hingab, daß das Märchen</Unicode>
                </TextEquiv>
            </TextLine>
            <TextLine id="r2l36" custom="readingOrder {index:35;}">
                <Coords points="1708,2898 1831,2925 2551,2908 2634,2902 2675,2863 1708,2875"/>
                <Baseline points="1715,2909 1762,2909 1810,2908 1858,2908 1905,2907 1953,2906 2001,2905 2048,2905 2096,2903 2144,2903 2192,2901 2239,2900 2287,2899 2335,2898 2382,2897 2430,2896 2478,2895 2525,2893 2573,2893 2621,2891 2669,2890"/>
                <TextEquiv>
                    <Unicode>von den Gefallenen wirklich nur noch als Märchen</Unicode>
                </TextEquiv>
            </TextLine>
            <TextLine id="r2l37" custom="readingOrder {index:36;}">
                <Coords points="1719,2976 1728,2976 1741,2966 1762,2967 1772,2960 1793,2968 1813,2956 1825,2965 1836,2964 1837,2926 1819,2928 1800,2919 1794,2921 1780,2911 1773,2916 1768,2911 1763,2916 1749,2913 1732,2929 1719,2931"/>
                <Baseline points="1726,2947 1752,2948 1778,2948 1804,2948 1830,2949"/>
                <TextEquiv>
                    <Unicode>gelte.</Unicode>
                </TextEquiv>
            </TextLine>
            <TextLine id="r2l38" custom="readingOrder {index:37;}">
                <Coords points="1821,2997 2661,2983 2660,2946 2587,2929 1820,2950"/>
                <Baseline points="1827,2990 1868,2990 1909,2989 1951,2989 1992,2988 2034,2988 2075,2987 2116,2987 2158,2986 2199,2985 2241,2984 2282,2984 2323,2983 2365,2982 2406,2980 2448,2979 2489,2977 2530,2976 2572,2975 2613,2973 2655,2971"/>
                <TextEquiv>
                    <Unicode>Die heutige Vorstellung findet als 178. Abv.</Unicode>
                </TextEquiv>
            </TextLine>
            <TextLine id="r2l39" custom="readingOrder {index:38;}">
                <Coords points="1715,3038 2679,3012 2678,2981 2609,2978 2124,3009 1714,2994"/>
                <Baseline points="1721,3036 1768,3035 1816,3035 1863,3034 1911,3033 1958,3032 2006,3032 2053,3031 2101,3030 2148,3030 2196,3029 2244,3028 2291,3027 2339,3026 2386,3025 2434,3023 2481,3022 2529,3020 2576,3019 2624,3017 2672,3014"/>
                <TextEquiv>
                    <Unicode>III. Serie im Neuen Theater statt. Der zweite</Unicode>
                </TextEquiv>
            </TextLine>
            <TextLine id="r2l40" custom="readingOrder {index:39;}">
                <Coords points="1725,3087 2673,3063 2612,3022 1723,3040"/>
                <Baseline points="1730,3080 1776,3079 1823,3078 1870,3078 1917,3077 1964,3077 2011,3076 2057,3075 2104,3075 2151,3074 2198,3073 2245,3072 2292,3071 2339,3069 2385,3067 2432,3066 2479,3064 2526,3061 2573,3058 2620,3055 2667,3052"/>
                <TextEquiv>
                    <Unicode>Abend des Schnitzler=Zyklus wird morgen Donners.</Unicode>
                </TextEquiv>
            </TextLine>
            <TextLine id="r2l41" custom="readingOrder {index:40;}">
                <Coords points="1732,3128 2513,3120 2669,3082 2476,3064 1802,3108 1731,3084"/>
                <Baseline points="1738,3124 1784,3123 1830,3121 1876,3120 1923,3119 1969,3119 2015,3118 2061,3117 2108,3116 2154,3116 2200,3115 2246,3114 2293,3113 2339,3111 2385,3109 2431,3108 2478,3106 2524,3103 2570,3100 2616,3097 2663,3093"/>
                <TextEquiv>
                    <Unicode>tag im Landestheater als 44. volkstumliche Vor¬</Unicode>
                </TextEquiv>
            </TextLine>
            <TextLine id="r2l42" custom="readingOrder {index:41;}">
                <Coords points="1722,3174 2676,3149 2675,3099 1722,3139"/>
                <Baseline points="1728,3166 1775,3165 1822,3163 1869,3162 1916,3161 1963,3161 2010,3160 2057,3159 2104,3158 2151,3158 2198,3157 2245,3156 2292,3155 2339,3154 2386,3153 2433,3151 2480,3149 2527,3147 2574,3145 2621,3143 2669,3139"/>
                <TextEquiv>
                    <Unicode>stellung zu ermäßigten Preisen gegeben. Zur Auf¬</Unicode>
                </TextEquiv>
            </TextLine>
            <TextLine id="r2l43" custom="readingOrder {index:42;}">
                <Coords points="1727,3223 2675,3200 2675,3169 1726,3174"/>
                <Baseline points="1733,3207 1779,3206 1826,3204 1873,3203 1920,3203 1967,3201 2013,3201 2060,3200 2107,3199 2154,3198 2201,3198 2247,3197 2294,3196 2341,3195 2388,3194 2435,3193 2481,3192 2528,3191 2575,3190 2622,3189 2669,3187"/>
                <TextEquiv>
                    <Unicode>führung gelangen die fünf Einakter aus dem Anatol:</Unicode>
                </TextEquiv>
            </TextLine>
            <TextLine id="r2l44" custom="readingOrder {index:43;}">
                <Coords points="1778,3263 2544,3247 2661,3198 1777,3225"/>
                <Baseline points="1783,3251 1826,3249 1870,3247 1913,3245 1957,3243 2001,3242 2044,3241 2088,3241 2131,3240 2175,3239 2219,3239 2262,3239 2306,3238 2349,3237 2393,3236 2437,3236 2480,3235 2524,3233 2567,3231 2611,3228 2655,3225"/>
                <TextEquiv>
                    <Unicode>„Weihnachtseinkäufe“, 2. „Episode“</Unicode>
                </TextEquiv>
            </TextLine>
            <TextLine id="r2l45" custom="readingOrder {index:44;}">
                <Coords points="1712,3305 2684,3273 2620,3235 1775,3272 1710,3234"/>
                <Baseline points="1718,3293 1768,3291 1818,3289 1869,3288 1919,3287 1970,3286 2020,3285 2071,3284 2121,3283 2172,3282 2222,3282 2273,3281 2323,3280 2374,3279 2424,3278 2475,3277 2525,3276 2576,3275 2626,3273 2677,3271"/>
                <TextEquiv>
                    <Unicode>3. „Abschiedssouper“, 4. „Die Frage an</Unicode>
                </TextEquiv>
            </TextLine>
            <TextLine id="r2l46" custom="readingOrder {index:45;}">
                <Coords points="1719,3353 2535,3333 2682,3293 1718,3307"/>
                <Baseline points="1725,3335 1772,3333 1820,3332 1867,3331 1915,3330 1962,3329 2010,3328 2057,3328 2105,3327 2152,3327 2200,3326 2248,3326 2295,3325 2343,3324 2390,3323 2438,3322 2485,3321 2533,3319 2580,3317 2628,3314 2676,3311"/>
                <TextEquiv>
                    <Unicode>[das Schicksal", 5. „Anatols Hochzeits¬</Unicode>
                </TextEquiv>
            </TextLine>
            <TextLine id="r2l47" custom="readingOrder {index:46;}">
                <Coords points="1711,3381 2658,3373 2709,3354 2708,3304 1710,3358"/>
                <Baseline points="1717,3377 1766,3375 1815,3374 1864,3373 1914,3372 1963,3371 2012,3370 2062,3369 2111,3368 2160,3368 2210,3367 2259,3366 2308,3365 2357,3364 2407,3363 2456,3362 2505,3361 2555,3360 2604,3358 2653,3356 2703,3354"/>
                <TextEquiv>
                    <Unicode>morgen“. Den Anatol spielt Anton Tiller, den,</Unicode>
                </TextEquiv>
            </TextLine>
            <TextLine id="r2l48" custom="readingOrder {index:47;}">
                <Coords points="1723,3425 2642,3415 2698,3406 2698,3356 1722,3398"/>
                <Baseline points="1729,3418 1777,3417 1825,3416 1873,3415 1921,3415 1969,3414 2017,3413 2066,3412 2114,3411 2162,3410 2210,3409 2258,3408 2306,3407 2354,3407 2403,3406 2451,3404 2499,3403 2547,3403 2595,3402 2643,3401 2692,3400"/>
                <TextEquiv>
                    <Unicode>Max Alfred Huttig. In den weiblichen Hauptrollen</Unicode>
                </TextEquiv>
            </TextLine>
            <TextLine id="r2l49" custom="readingOrder {index:48;}">
                <Coords points="1732,3475 2722,3451 2712,3393 2201,3435 1732,3427"/>
                <Baseline points="1738,3462 1786,3462 1835,3462 1884,3462 1933,3461 1982,3460 2031,3459 2080,3458 2129,3456 2178,3455 2227,3454 2275,3453 2324,3451 2373,3451 2422,3450 2471,3449 2520,3449 2569,3450 2618,3450 2667,3452 2716,3453"/>
                <TextEquiv>
                    <Unicode>sind die Damen Helling, Glasel, Medelsky, Käut¬</Unicode>
                </TextEquiv>
            </TextLine>
            <TextLine id="r2l50" custom="readingOrder {index:49;}">
                <Coords points="1709,3522 1931,3498 1993,3519 2142,3502 2258,3520 2329,3494 2328,3464 2208,3451 2169,3472 2048,3459 1708,3480"/>
                <Baseline points="1715,3506 1745,3506 1775,3505 1806,3505 1836,3504 1867,3503 1897,3503 1927,3502 1958,3501 1988,3500 2019,3499 2049,3498 2079,3498 2110,3497 2140,3496 2171,3495 2201,3495 2231,3494 2262,3494 2292,3494 2323,3493"/>
                <TextEquiv>
                    <Unicode>mann und Steinheil beschäftigt.</Unicode>
                </TextEquiv>
            </TextLine>
            <TextEquiv>
                <Unicode>schnitt aus:
rager Tachlatt
1SMAL19T
4
— Arigur Schnitzler=Iyklus.
Schnitzlers 50. Geburtstag wird heute von
einer Reihe großer deutscher Bühnen gefeiert wer¬
7
den. So bringt das Burgtheater „Das weite Land“,
das Wiener Volkstheater „Liebelei“ und „Der grüne
Kakadu“ das Dresdener Hoftheater hat „Liebelei“
ineu einstudiert, das Berliner Schiller=Theater
führt „Paracelsus“ „Die Gefährtin“ und „Der
grune Kakadu“ auf. — Bei uns wird die Feier durch
die zyklische Aufführung von Schnitzlers Werken be¬
gangen, die heute mit der Premiere des Schauspiels
„Das Märchen“ beginnt. Die Heldin des
Stückes ist eine junge Schauspielerin, die schon im
Beginn ihres mädchenhaften Aufblühens der Ver¬
11
führung — wohl auch ihrer eigenen Siune — zum
Opfer gefallen ist. In der Zeit, da sie sich der Höhe
ihrer schauspielerischen Erfolge nähert und die volle
Herrschaft über sich selbst und die Erkenntnis wahren
Gefühles erlangt hat, lernt sie einen Mann, Fedor
Denner, kennen, von dem sie hofft, daß er ihr gegen¬
über an der These festhalten wird, die er selbst auf¬
gestellt hat: daß kein Mann einem Mädchen einen
Vorwurf daraus machen kann, daß sie nicht auf ihn
gewartet hat. Denner erweist sich doch schließlich als
zu schwach, um den Kampf gegen das Vorurteil der
Gesellschaft zu führen. Seine Liebe unterliegt und
Fanny Theren geht von ihm, um in der Kunst Be¬
friedigung zu finden, befreit von der Täuschung, der
sie sich in dem Glauben hingab, daß das Märchen
von den Gefallenen wirklich nur noch als Märchen
gelte.
Die heutige Vorstellung findet als 178. Abv.
III. Serie im Neuen Theater statt. Der zweite
Abend des Schnitzler=Zyklus wird morgen Donners.
tag im Landestheater als 44. volkstumliche Vor¬
stellung zu ermäßigten Preisen gegeben. Zur Auf¬
führung gelangen die fünf Einakter aus dem Anatol:
„Weihnachtseinkäufe“, 2. „Episode“
3. „Abschiedssouper“, 4. „Die Frage an
[das Schicksal", 5. „Anatols Hochzeits¬
morgen“. Den Anatol spielt Anton Tiller, den,
Max Alfred Huttig. In den weiblichen Hauptrollen
sind die Damen Helling, Glasel, Medelsky, Käut¬
mann und Steinheil beschäftigt.</Unicode>
            </TextEquiv>
        </TextRegion>
    </Page>
</PcGts>
