3344 4352
1180 194 1635 281 box 39/1
197 195 1034 295 1. 50th Birthdav
726 1125 1356 1248 Klose & Seidel
625 1210 1570 1291 Bureau für Zeitungeausschnitte.
569 1286 1506 1364 Berlin NO. 43, Georgenkirchplatz 21!
648 1383 1435 1465 (Liest die meisten Zeitungen und ist das
647 1445 1446 1528 bestorganisierteste Bureau Deutschlasds.)
984 1571 1085 1646 N
869 1626 1259 1683 B
416 1611 787 1700 Zeitung
945 1668 1421 1748 FrankTurt a.
434 1726 687 1807 Ort: —
1796 1806 3320 1877 mobitschleiern nachlauft, den könien Wir fünf Arte hin=[Wleber einmal äh
426 1826 721 1912 Datum: —
2846 1857 3326 1913 haben sich bis auf den
1794 1870 2846 1913 durch nicht ertragen). Aber immerhin: er bleibt Reprä¬
2843 1898 3326 1953 jungen Mann nicht aus
1787 1901 2834 1946 senkant der Schnitzlerschen Welt, Bruder jenes Mädchens,
824 1893 1205 1994 14.Maliais
2845 1930 3336 1993 ganze und halbe Tage la
1788 1942 2841 2016 das über die Leiche des Vaters weg, gelockt von dem
2850 1980 3330 2032 Herren im Café Grienste
1792 1979 2837 2027 .Ruf des Lebens“, in zwei offene Leutnantsarme springt,
2849 2012 3332 2073 Heinische Schnitzlerlocke, di
1780 2016 2832 2079 Bruders jenes Leutnants Gustl, dem das Duell von morgen
870 2017 1671 2112 Arthur Schnitler, der 50er.
2854 2054 3327 2107 ist wie die rote Weste Gau
1787 2058 2834 2120 heute den Angstschweiß aus den Poren treibt, und jenes
2849 2096 3333 2154 Werk neben der Liebelei ist
1028 2077 1519 2152 Von Dr. Hans Wantoch.
1787 2095 2831 2151 armen Schwindsüchtigen, der im „Sterben“ hinsiecht, wäh¬
2843 2129 3315 2192 durch die Geschichte vom
1804 2129 2843 2180 rend sein Mädel, diese ins Unendliche duldende Magda¬
769 2112 1782 2181 Ein Stuch Wien ist in die Werke dieses Wieners ver¬
2849 2163 3327 2234 Offizierschurge gekostet un
1790 2163 2845 2226 lena, neu dem Leben entgegenatmet. Immer wieder ist
744 2174 1785 2243 sponnen, der morgen seinen 50. Geburtstag feiert.
2835 2206 3276 2266 theater versperrt hat.
1792 2212 2839 2269 es „Der Ruf des Lebens“, den Schnitzler dichten
740 2220 1790 2266 Theresianische Zärtlichkeiten singen in seinem Blut, und
1800 2238 3343 2304 will, aber es wird gewöhnlich ein Sterben. Reden nicht frei, und „Der junge Meda#
746 2246 1785 2296 von der Darstellung des modernen Lebens weicht er immer
1797 2274 3321 2336 auch die Menschen, denen das Leben am teuersten gilt, Jahre ein verblüfsend
742 2289 1791 2331 mehr im „Medardus“, im „Ruf des Lebens“ in jene still
2838 2316 3321 2387 Können des längst totgesag
746 2326 2845 2382 verrinnenden Zeiten zurück, in denen sich der Begrifflsehr viel und häufig vom Tod? Es ist, als würde er sich
1801 2365 2842 2412 eine Angst vom Leib damit schreiben. Und sehr mutig
2849 2364 3316 2427 noch spielt das Deutsche
743 2373 1800 2422 österreichisch und der Begriff wienerisch durch Schubert¬
1795 2396 2831 2448 sind auch seine Helden nicht, im „Freiwild“ nicht, wo
2847 2401 3330 2451 den Wienern zuvor. Man
742 2408 1800 2458 Weisen und Grillparzer=Dichtungen am besten erfüllt hat,
1797 2433 2836 2488 der eine den anderen hinterrücks über den Haufen knallt,
743 2446 1795 2497 in denen das harte, feste und kantige Dasein in Versonnen¬
2847 2439 3322 2499 Berlin drei Jahre frühe
1791 2481 2841 2528 im „Jungen Medardus“ nicht, wo der Held kein Täter
740 2484 1798 2534 heit, in Traum und Märchen vergleitet. Denn es sind
2846 2472 3326 2530 Heimat, und hat den „Ein
1800 2513 2844 2573 ist, sondern ein Dulder, und dann der Leutnant Gustl...
745 2524 1792 2567 immer Märchen gewesen, was Schnitzler geschrieben hat.
2836 2522 3322 2582 spielabenden genießen dürft
757 2562 1804 2609 Auch dort, wo er den Bibrationen der allergegenwärtigsten
2841 2563 3292 2618 mann, die Lehmann
1829 2562 2852 2612 Schnitzler ist in Wien geboren und aufgewachsen, Sohn
744 2600 1791 2647 Seele nachgespürt hat, im „Zwischenspiel“ etwa, da drang
2848 2593 3339 2652 Theaters an der Wien stat
1794 2597 2836 2659 eines Arztes, Bruder eines Professors der Medizin und
747 2627 1788 2688 er so tief und so innig ins heimliche Fühlen, daß es ihm
2841 2642 3329 2689 meldungen recht behalten,
1794 2633 2852 2709 selber ein Arzt, der selber einmal von sich gesagt, er hätte
744 2675 1799 2727 langsam und sacht ins Ungewisse, ins Unwahrscheinliche
2837 2677 3331 2733 Schnitzler, ein Stück verköt
1798 2683 2850 2737 ohne diese wissenschaftliche Kenntnis nie sein „Sterben“
746 2715 1792 2770 und Märchenhafte verflimmerte. Ein Märchen vom Lieben
2842 2717 3325 2777 deutschen Provinztheater !
1797 2722 2831 2779 und nie „Die letzten Masken“ dichten können. Wo die
752 2750 1799 2803 und vom Sterben ist sein ganzes Werk. „Anatol“ war
2842 2751 3330 2798 Stücke gefeiert und geehrt
1808 2760 2841 2810 Stadt ins Land verrinnt und die sanften Hügelketten des
742 2793 1797 2860 sein erstes Buch, das Buch eines soignierten Flaneurs,
1807 2796 2860 2847 Kahlengebirges den Menschen in die Fenster schauen, dort
750 2832 1799 2885 eines homme à semme, und „Sterben“ diese melancho¬
1808 2831 2852 2887 ist sein Heim, von dem ein bestrickendes Aroma Altwiener
752 2854 1794 2921 lische Nachdenklichkeit, sein zweites. Er hat wundervoll
1796 2868 2864 2926 Patriziertums, mit einem Schuß Makartbukett und Perser¬
750 2919 2859 2948 tiefe Dinge über die Liebe gesagt und erstäunlich läßtge, teppich, ausgeht. Die ganze Längswand des Arbeits¬
738 2944 1804 2998 frappierend vornehme, gleichsam manicurte über den Tod,
1801 2948 2859 3013 zimmers dreifach hintereinandergereiht, nehmen die Bücher
747 2984 1794 3031 und er hat ganz früh schon, im „Anatol“ bereits, jene
1796 2985 2867 3047 und Folianten ein, unter denen historische Werke die
748 3023 1794 3080 Formulierung gefunden, in der uns das Märchen zeitlich
1807 3029 2857 3083 Ueberzahl bilden; deren Geschichte ist nun die Lieblings¬
746 3062 1803 3119 näher gerückt, moderner und — wenn man so sagen darf
1805 3071 2857 3131 lektüre und das intensivste Studium des Arztes von einst.
768 3108 824 3152 —
809 3094 1806 3140 realistischer erscheint: den Somnambulismus, die Tele¬
1797 3113 2859 3158 Da vergehen ihm täglich viele Stunden ernster Arbeit,
745 3140 1807 3192 pathie, die Suggestion, deren rätselhaftes Wesen die Ge¬
1795 3152 2860 3203 die den Wienern, die ihn immer noch als den Schöpfer
740 3175 1795 3220 liebte des Herrn von Sala auf seinem „Einsamen Weg“
1802 3180 2862 3239 des „füßen Mädels“, als den Schnitzler der Lie¬
754 3212 1806 3276 erfüllt und die ganz in samtene Dunkelheit gehüllten
1803 3228 2863 3278 belei, des Reigen, des Anatol sehen, höchst verwunderlich
737 3254 1069 3314 letzten Novellen.
1805 3260 2867 3320 wären: er aber sagt mit einer seltsam zusammengerafften
786 3270 1801 3349 Vielleicht ließe sich der Tonfall, der Rhythmns, die
1806 3300 2863 3358 Energie: „Man muß sich zur Arbeit manchmal zwingen,
748 3325 1806 3390 Melodie, in der all das auf weiche, wienerische Art gesagt
1804 3350 2848 3397 jeden Tag sein Pensum; wenn man einmal eine Sache
881 3372 1797 3414 vielleicht ließe sich auch die Dichtung Schnitzlers
742 3372 847 3426 ist.
1806 3382 2861 3437 hat, dann durch. Denn es ist wie bei dem Astronomen, der#
745 3415 1797 3467 mit dem Wort erklären, das uns von Grillparzer her
1811 3418 2871 3481 zu lange durchs Fernrohr schaut: das Firmament beginnt
745 3446 1799 3502 geläufig ist: Leben und Traum; denn ein unbän¬
1812 3468 2241 3531 plötzlich zu flimmern.“
742 3481 1799 3535 diges Leben=Wollen ist in allen Gestalten Schnitzlers, eine
1839 3486 2855 3559 Und diese Arbeitsmethode als Wiener mag es auch sein,
748 3520 1811 3575 schwelgerische Daseinsfreude und ein kennerisches Genießen
1801 3541 2858 3596 die den Werken Schnitzlers jenes Mühelose und Leichte.
754 3563 1793 3624 des Seins, wie es in den Rebengeländen rings um die
1799 3589 2861 3638 das Selbstverständliche und Zwingende gibt. Die Wiener
754 3599 1556 3670 Stadt der Phäaken erblüht und daheim ist.
1807 3632 2862 3680 freilich sehen in ihm weniger den Nachspürer letzter seeli¬
794 3629 1794 3697 Auch im „Weiten Land“ ist wiederum — freilich in
1801 3662 2859 3717 scher Essenzen, als den lächelnden, tändelnden Anatol¬
754 3677 1801 3731 den ungeistigsten, animalischen Formen — solch ein Stück¬
1807 3693 2869 3761 Flaneur, sie nehmen die Tragik seiner Werke nicht recht
747 3720 1791 3779 Wille zum Leben gestaltet,in dem Fabrikanten Hofreiter
1810 3754 2856 3800 ernst wie sein kleiner Bub, dem er den Inhalt von „Der
757 3754 1798 3806 (dünkt er Euch nicht der minder liebenswürdige, weil
1811 3780 2860 3831 Schleier der Pierette“ erzählt hut und der, als er auf
747 3787 1810 3847 ältere Bruder Anatols zu sein; denn einen Flaneur mit
1803 3816 2860 3878 die Frage nach dem Schluß die Antwort bekam, „Zum
759 3825 1813 3886 40 oder 45 Jahren, einen Mann jenseits der Schaffens¬
751 3871 2866 3936 mitte, der immer nur den Schürzenschleifen und Auto= Schluß sind alle tot“ — aesaat hat: „Das sieht Dir.
