3392 4256
1815 121 2240 216 ——
1063 213 1526 313 box 39/1
212 214 941 345 SothBirthdar
1481 1357 2689 1445 ureen Sngen ernt he. e e n urcere e te.  Sbeh #
1660 1426 2689 1508 fahren wir noch, daß der betreffende Brief — trotz
602 1452 1633 1525 Jegen etwas, sond.“, es will sein, und ist ein Be¬
1658 1470 2700 1551 gegenteiliger Versicherung der Redaktion — falsch
584 1507 1642 1573 standteil des neuerwachenden eigenen nationalen
1660 1529 2175 1602 zitiert worden sein soll.
597 1548 999 1622 Lebens des Juden.
1734 1542 2702 1628 Wir wollen herzlich gerne glauben, daß es diesen
678 1557 1649 1651 Andererseits ist das Hebräische nicht, und
1666 1661 2690 1736 denklich war, nicht gehemmt durch das andern Men¬
593 1689 1637 1761 anekdotenhafte Zeit und eine epigonistisch-unwesen¬
1661 1714 2694 1780 schen innewohnende stete Maß und Messen am
603 1731 1654 1812 hafte Sphäre wahre Echtheit in ihrem Sinne als
1664 1754 2702 1822 Dauernden, Dinglichen. Die Bezichungen, die Re¬
596 1796 896 1864 echt auslegte.
1658 1793 2711 1872 lationen genügten; sie stellte der Jude — ich meine
683 1807 1641 1893 Diese Auslegung war Schnitzlers Glück. Denn
1657 1834 2704 1907 den sogenannten intellektuellen Juden der letzten Jahr¬
606 1866 1646 1926 sonst wäre er, der Sieghafte, vielleicht vernichtet
1665 1887 2710 1959 zehnte — unbedenklich her, die Zusammenhänge wur¬
595 1912 1644 1993 worden, wie so vieles echtes Schöpferische von dieser
1664 1929 2695 1997 den geschaffen, das Komplizierte darin war Bedürfnis,
598 1960 1646 2012 Entwicklungs-Zeit und ihren Handlangern zer¬
1662 1975 2709 2046 und das Komplizierteste schuf der Jude leicht, un¬
603 2002 1656 2064 bröckelt und zerstäubt wurde. Allerdings — seine
1672 2011 2706 2089 beschwert vom Ballast eines eigenen festgewurzelten
603 2040 1658 2110 ureigene Art stammt aus jener Sphäre, wenigstens
1663 2064 2574 2133 Dingwesens, das sonst im Menschen steckt.
608 2084 1664 2149 ihrem Wesen nach. Schnitzler ist ein Kind dieser
1750 2098 2707 2179 Aus dieser Menschenkategorie stammt Arthur
608 2131 1655 2202 im ungeberdigen Chaos nach der großen Kultur¬
1662 2155 2709 2235 Schnitzler seinem Grundwesen nach, und in das Wesen
607 2171 1658 2248 harmonie ringenden Zeit der letzten Jahrzehnte, deren
1666 2197 2708 2266 der Zeit, welcher diese Menschen Helfer ihres Wer¬
607 2215 1665 2287 wogendes Geisteswechselspiel die Menschen und ihre
1663 2235 2710 2306 dens sind, wuchs er hinein. Doch mit reinen
600 2262 1655 2338 Ziele in eine Art Rausch der steten Wandlung ver¬
1671 2271 2716 2350 Sinnen, die nicht die Beziehung zum sinnlich Er¬
615 2312 1664 2376 setzt, aber zugleich als Gegenspiel die Trübheit des
1676 2320 2715 2393 lebten wegwerfen. Diese Gabe machte ihn schöpfe¬
612 2354 1656 2417 suchenden Wechsels und der gesuchten Ruhe
1683 2355 2717 2443 risch und ist der Segen seines Schaffens, Er ist
608 2390 1661 2465 in sich schließt. In dieser gärenden, stetig zer¬
1673 2403 2710 2500 nicht der ewig kingende um den Segen des Gottes,
619 2435 1669 2502 störenden und hastig neu bauenden Sphäre wurde
1683 2465 2711 2528 seines Gottes, er ist auch nicht einer von den
608 2486 1669 2552 ein Mangel des heutigen Judentums zu einem guten
1682 2493 2708 2565 Wenigen, denen das Erfassen des Sinnes ver¬
620 2525 1670 2597 Helfer am Werk: der Mangel nämlich, der allen und
1686 2535 2716 2616 liehen ward in ihrem Schaffen. Diese sind die
624 2565 1666 2641 allem anhaftet, das nicht den Rückhalt am Dinglichen
1688 2585 2714 2655 Gotterwählten, die Genies. Schnitzler ward das
618 2614 1671 2685 hat; es ist das Fehlen der Distanz zu den Dingen
1682 2621 2723 2701 Schaffen aus den Sinnen zuteil, das Schöpferische
616 2656 1665 2726 und das qualitative Maß an ihrer dauernden,
1680 2677 2711 2750 der Tage, — obwohl er Jude ist und weil er Jude ist.
627 2699 1677 2767 auch im Wandel dauernden Grundwesenheit. Der
1692 2713 2714 2791 Ihm gab sein Schaffen nicht den großen Augenblick,
622 2745 1661 2818 Jude, welcher in einer neuen Kultur aufgenommen
1686 2761 2715 2827 da die Zusammenhänge alles Seienden sich dem Be¬
626 2792 1668 2856 werden wollte und nur in sie eintreten konnte, um
1690 2805 2719 2881 gnadeten, Genialen erhalten und lösen, nicht das
623 2832 1676 2898 den Preis seiner eigenen Kultur, dem fehlte eben
1696 2845 2728 2920 Sich-ganz-Erfassen im Wandel des Ichs ward sein
683 2871 1681 2941 da schon die eigene Kultur durch sechzig Gene¬
1691 2892 2721 2964 Teil, sondern in ihm wurde der sinnenerschaute Mo¬
626 2919 1674 2994 rationen eine Relation geworden war — jetzt erst
1697 2930 2732 3014 ment schöpferisch, der Lebenszeitbruchteil, der nicht
622 2964 1685 3032 recht das dingliche Maß. Und in dieser Zeit der
623 2985 2754 3066 steten Neuänderung konnte er mittun, weil er unbe- I nach Zusammenhängen fragt, weil die Sinne ihn¬
2989 1323 3103 1401 n
2761 1350 3169 1432 S
2711 1405 3298 1475 b) Finanz-Bericht: Dr. Hans
2710 1459 3297 1522 c) Begrüßung durch das enge
2738 1495 3301 1567 1) Begrüßungsansprachen der
2773 1537 3300 1602 onaljüdischen Organisatione
2799 1646 3237 1713 Ganzes geben, wenn
2704 1650 2796 1713 als
2706 1681 3312 1772 ein glückliches Schaffen. Un
2716 1746 3012 1823 glücklich.
2787 1848 3298 1917 Im Jahre 1895 — glaub
2711 1901 3306 1982 „Anatol“, Sieben Szenen aus
2712 1956 3281 2016 den Gesellschaften, Szenen
2718 1992 3308 2046 blicken der Liebe, die einemg
2724 2036 3230 2110 bilden. Episoden —
2726 2080 3306 2144 Titel —, menschlich-gewöhnlic
2730 2126 3301 2188 sie sagen: Dies ist das Erh
2719 2166 3306 2234 ihr Menschen, danach ihr mit
2719 2213 3301 2277 den Willens strebt, es ganz
2716 2252 3298 2333 Episoden nur, einfach oder
2722 2298 3305 2365 Episoden, gelenkt in ihrem
2721 2348 3295 2403 Sinnen! Sie können sich zu
2732 2379 3309 2448 Reigen zusammenschließen,
2729 2434 3304 2494 Band; denn jede steht für si
2726 2478 3305 2544 erfassen und Ganzerleben uns
2733 2525 3301 2572 Zusammenhänge, die die M
2735 2563 3304 2622 keiten herleiten wollen, um 8#
2726 2609 3309 2674 hineinzuragen. Und der Weg
2732 2650 3287 2710 ihrer Enge ins Freie führt,
2734 2690 3311 2759 von leuchtender Sonne besch
2734 2737 3311 2810 Frühlingsabend kennt, über
2729 2790 3310 2855 in den Augenblick, in die
2735 2827 3312 2883 Augenblicke des Menschen
2749 2868 3313 2928 vollen Abendsonnenglanz der
2747 2923 3313 2991 zum Sterben, zum Erleb
