<?xml version="1.0" encoding="UTF-8" standalone="yes"?>
<PcGts xmlns="http://schema.primaresearch.org/PAGE/gts/pagecontent/2013-07-15" xmlns:xsi="http://www.w3.org/2001/XMLSchema-instance" xsi:schemaLocation="http://schema.primaresearch.org/PAGE/gts/pagecontent/2013-07-15 http://schema.primaresearch.org/PAGE/gts/pagecontent/2013-07-15/pagecontent.xsd">
    <Metadata>
        <Creator>prov=University of Rostock/Institute of Mathematics/CITlab/Gundram Leifert/gundram.leifert@uni-rostock.de:name=ONB_Newseye_GT_M1+(htr_id=10810)::::v=2.4.2
prov=University of Rostock/Institute of Mathematics/CITlab/Tobias Gruening/tobias.gruening@uni-rostock.de:name=de.uros.citlab.module.baseline2polygon.B2PSeamMultiOriented:v=2.4.2
prov=University of Rostock/Institute of Mathematics/CITlab/Tobias Gruening/tobias.gruening@uni-rostock.de:name=/mnt/transkribus/LA/DEA/URO/LA_news_onb_att.pb:de.uros.citlab.segmentation.CITlab_LA_ML:v=2.4.2
Transkribus</Creator>
        <Created>2019-10-07T20:31:35.164+02:00</Created>
        <LastChange>2019-10-09T03:27:49.673+02:00</LastChange>
        <TranskribusMetadata docId="224436" pageId="9575251" pageNr="83" tsid="16620177" status="IN_PROGRESS" userId="40391" imgUrl="https://files.transkribus.eu/Get?id=XMCDFJBKZHLZZZDMVQXPQCBS&amp;fileType=view" xmlUrl="https://files.transkribus.eu/Get?id=HGYUOMRMOTWRZLIUTEYXNIBE" imageId="6206982"/>
    </Metadata>
    <Page imageFilename="224436_0083.jpeg" imageWidth="3344" imageHeight="4320">
        <ReadingOrder>
            <OrderedGroup id="ro_1711442922820" caption="Regions reading order">
                <RegionRefIndexed index="0" regionRef="r1"/>
            </OrderedGroup>
        </ReadingOrder>
        <TextRegion orientation="0.0" id="r1" custom="readingOrder {index:0;}">
            <Coords points="249,145 249,3606 2374,3606 2374,145"/>
            <TextLine id="r1l1" custom="readingOrder {index:0;}">
                <Coords points="1847,222 1926,215 1951,189 2048,185 2100,208 2114,197 2136,216 2189,201 2236,215 2234,120 2220,116 2169,142 2152,133 2091,153 1973,129 1891,151 1846,135"/>
                <Baseline points="1858,178 1884,177 1910,177 1936,177 1962,176 1989,176 2015,175 2041,175 2067,175 2093,174 2120,174 2146,174 2172,174 2198,174 2225,173"/>
                <TextEquiv>
                    <Unicode>—</Unicode>
                </TextEquiv>
            </TextLine>
            <TextLine id="r1l2" custom="readingOrder {index:1;}">
                <Coords points="1089,278 1214,310 1278,289 1377,285 1401,300 1454,287 1494,310 1541,293 1541,215 1518,226 1462,209 1439,228 1337,219 1312,238 1222,240 1089,219"/>
                <Baseline points="1099,277 1124,276 1149,276 1175,277 1200,277 1226,277 1251,277 1276,278 1302,278 1327,278 1353,278 1378,278 1403,278 1429,278 1454,277 1480,277 1505,276 1531,274"/>
                <TextEquiv>
                    <Unicode>box 39/1</Unicode>
                </TextEquiv>
            </TextLine>
            <TextLine id="r1l3" custom="readingOrder {index:2;}">
                <Coords points="239,317 320,342 392,310 844,323 946,294 946,246 825,242 795,219 759,242 710,215 663,245 528,224 479,265 428,225 405,242 239,230"/>
                <Baseline points="249,293 283,295 317,296 352,297 386,298 420,299 455,299 489,299 523,299 558,299 592,298 626,298 661,297 695,297 729,296 764,295 798,295 832,294 867,294 901,293 936,293"/>
                <TextEquiv>
                    <Unicode>Soth Birthdar</Unicode>
                </TextEquiv>
            </TextLine>
            <TextLine id="r1l4" custom="readingOrder {index:3;}">
                <Coords points="720,858 735,858 748,870 754,867 761,873 778,872 790,864 814,867 807,786 795,787 771,811 752,808 748,813 739,813 726,806 715,807"/>
                <Baseline points="730,856 766,852 802,850"/>
                <TextEquiv>
                    <Unicode>298</Unicode>
                </TextEquiv>
            </TextLine>
            <TextLine id="r1l5" custom="readingOrder {index:4;}">
                <Coords points="1119,866 1949,874 1949,825 1920,816 1735,808 1588,839 1557,817 1213,829 1120,800"/>
                <Baseline points="1130,855 1170,857 1210,858 1251,859 1291,860 1332,860 1372,861 1412,861 1453,862 1493,862 1534,862 1574,862 1614,862 1655,863 1695,863 1736,863 1776,863 1816,864 1857,864 1897,865 1938,866"/>
                <TextEquiv>
                    <Unicode>Alexander v. Weilen, Arthur Schnitzler.</Unicode>
                </TextEquiv>
            </TextLine>
            <TextLine id="r1l6" custom="readingOrder {index:5;}">
                <Coords points="671,988 2379,1036 2379,978 2139,952 671,962"/>
                <Baseline points="681,1001 765,1002 849,1002 934,1003 1018,1003 1102,1003 1187,1004 1271,1004 1355,1004 1440,1004 1524,1005 1608,1005 1693,1005 1777,1006 1861,1006 1946,1007 2030,1007 2114,1008 2199,1008 2283,1009 2368,1010"/>
                <TextEquiv>
                    <Unicode>#tiger mit scharfem Schwerte, das den Dichter selber mitnimmt. Und wer es</Unicode>
                </TextEquiv>
            </TextLine>
            <TextLine id="r1l7" custom="readingOrder {index:6;}">
                <Coords points="675,1046 2271,1092 2380,1037 675,1014"/>
                <Baseline points="685,1059 769,1060 853,1061 937,1062 1021,1062 1105,1063 1189,1063 1274,1064 1358,1064 1442,1064 1526,1064 1610,1064 1694,1065 1778,1065 1863,1066 1947,1066 2031,1067 2115,1068 2199,1069 2283,1071 2368,1073"/>
                <TextEquiv>
                    <Unicode>wagt, mit kühner Hand die Menschlein dirigieren zu wollen, der muß einsehen,</Unicode>
                </TextEquiv>
            </TextLine>
            <TextLine id="r1l8" custom="readingOrder {index:7;}">
                <Coords points="687,1124 2373,1128 2373,1088 2178,1072 688,1086"/>
                <Baseline points="698,1113 781,1115 864,1115 947,1117 1030,1118 1114,1119 1197,1121 1280,1122 1363,1123 1446,1124 1530,1125 1613,1126 1696,1127 1779,1127 1862,1127 1946,1127 2029,1127 2112,1127 2195,1126 2278,1124 2362,1123"/>
                <TextEquiv>
                    <Unicode>wie der gescheiterte Puppenspieler Georg Merklin, daß er leiten wollte und</Unicode>
                </TextEquiv>
            </TextLine>
            <TextLine id="r1l9" custom="readingOrder {index:8;}">
                <Coords points="687,1187 2379,1185 2286,1136 688,1145"/>
                <Baseline points="698,1178 781,1177 865,1177 948,1177 1032,1178 1115,1178 1199,1179 1282,1179 1366,1180 1449,1181 1533,1182 1616,1183 1700,1183 1783,1184 1867,1185 1950,1186 2034,1186 2117,1187 2201,1187 2284,1187 2368,1187"/>
                <TextEquiv>
                    <Unicode>geleitet wurde, oder er bekommt wie Paracelsus Angst vor den Mächten, die</Unicode>
                </TextEquiv>
            </TextLine>
            <TextLine id="r1l10" custom="readingOrder {index:9;}">
                <Coords points="677,1243 774,1254 789,1242 846,1251 1025,1246 1025,1212 997,1212 964,1193 932,1203 879,1187 864,1196 783,1184 753,1201 715,1196 700,1211 677,1211"/>
                <Baseline points="688,1233 713,1232 738,1232 763,1231 788,1231 813,1231 838,1231 864,1232 889,1232 914,1233 939,1233 964,1234 989,1235 1015,1236"/>
                <TextEquiv>
                    <Unicode>er beschworen.</Unicode>
                </TextEquiv>
            </TextLine>
            <TextLine id="r1l11" custom="readingOrder {index:10;}">
                <Coords points="779,1289 2378,1306 2255,1248 780,1242"/>
                <Baseline points="790,1291 868,1293 947,1296 1026,1298 1105,1299 1184,1301 1262,1301 1341,1302 1420,1302 1499,1302 1578,1302 1656,1302 1735,1302 1814,1301 1893,1301 1972,1301 2050,1300 2129,1300 2208,1300 2287,1300 2366,1300"/>
                <TextEquiv>
                    <Unicode>Mit uns spielt das Schicksal und wir selber spielen das Leben. Da ver¬</Unicode>
                </TextEquiv>
            </TextLine>
            <TextLine id="r1l12" custom="readingOrder {index:11;}">
                <Coords points="673,1362 2372,1353 2259,1301 674,1318"/>
                <Baseline points="684,1354 767,1353 851,1353 935,1352 1019,1352 1103,1352 1186,1352 1270,1353 1354,1353 1438,1353 1522,1354 1605,1354 1689,1355 1773,1356 1857,1357 1941,1358 2024,1359 2108,1359 2192,1360 2276,1361 2360,1362"/>
                <TextEquiv>
                    <Unicode>schwimmt uns Liebe und Verrat, Wahrheit und Lüge, Wirklichkeit und Phantasie¬</Unicode>
                </TextEquiv>
            </TextLine>
            <TextLine id="r1l13" custom="readingOrder {index:12;}">
                <Coords points="679,1411 2383,1443 2384,1390 679,1390"/>
                <Baseline points="690,1414 774,1414 858,1414 942,1414 1026,1414 1111,1414 1195,1414 1279,1414 1363,1414 1447,1414 1532,1415 1616,1415 1700,1416 1784,1416 1868,1417 1953,1418 2037,1419 2121,1421 2205,1422 2289,1424 2374,1426"/>
                <TextEquiv>
                    <Unicode>gebilde gleitet fast nicht unterscheidbar ineinander über. Leben ein Traum,</Unicode>
                </TextEquiv>
            </TextLine>
            <TextLine id="r1l14" custom="readingOrder {index:13;}">
                <Coords points="681,1485 2375,1484 2180,1426 682,1441"/>
                <Baseline points="693,1470 776,1471 860,1471 943,1472 1027,1472 1110,1472 1194,1473 1277,1473 1361,1473 1444,1473 1528,1474 1612,1474 1695,1475 1779,1475 1862,1476 1946,1476 2029,1477 2113,1478 2196,1479 2280,1480 2364,1481"/>
                <TextEquiv>
                    <Unicode>Traum ein Leben — schon ein kleines Jugendstück hat dem bunten Gemenge,</Unicode>
                </TextEquiv>
            </TextLine>
            <TextLine id="r1l15" custom="readingOrder {index:14;}">
                <Coords points="684,1530 2378,1541 2278,1485 684,1487"/>
                <Baseline points="695,1529 778,1530 862,1531 945,1531 1029,1532 1113,1533 1196,1533 1280,1533 1364,1534 1447,1534 1531,1534 1615,1535 1698,1535 1782,1535 1866,1535 1949,1536 2033,1537 2117,1537 2200,1538 2284,1539 2368,1540"/>
                <TextEquiv>
                    <Unicode>das der „Paracelsus“ oder „Die Frau mit dem Dolche“ aufrollt, vorgearbeitet.</Unicode>
                </TextEquiv>
            </TextLine>
            <TextLine id="r1l16" custom="readingOrder {index:15;}">
                <Coords points="677,1584 2373,1597 2373,1550 2286,1545 678,1558"/>
                <Baseline points="687,1588 770,1588 854,1589 938,1589 1022,1590 1105,1590 1189,1591 1273,1591 1357,1591 1440,1592 1524,1592 1608,1593 1692,1593 1775,1593 1859,1594 1943,1594 2027,1594 2110,1594 2194,1594 2278,1593 2362,1593"/>
                <TextEquiv>
                    <Unicode>Und moderner Psychoanalyse vorgreifend, wird im „Schleier der Beatrice“ das</Unicode>
                </TextEquiv>
            </TextLine>
            <TextLine id="r1l17" custom="readingOrder {index:16;}">
                <Coords points="682,1657 2378,1676 2323,1609 683,1604"/>
                <Baseline points="693,1645 776,1646 860,1648 944,1649 1028,1650 1111,1651 1195,1652 1279,1652 1363,1652 1446,1653 1530,1653 1614,1653 1698,1653 1781,1653 1865,1654 1949,1654 2033,1654 2116,1655 2200,1656 2284,1657 2368,1658"/>
                <TextEquiv>
                    <Unicode>Mädchen, das im Schlafe die Küsse des Herzogs gefühlt, von Filippo als</Unicode>
                </TextEquiv>
            </TextLine>
            <TextLine id="r1l18" custom="readingOrder {index:17;}">
                <Coords points="680,1706 2359,1718 2359,1673 2266,1664 681,1675"/>
                <Baseline points="692,1707 774,1708 857,1709 940,1709 1023,1710 1106,1710 1188,1711 1271,1711 1354,1711 1437,1711 1520,1712 1602,1712 1685,1712 1768,1712 1851,1712 1934,1712 2016,1712 2099,1713 2182,1713 2265,1713 2348,1713"/>
                <TextEquiv>
                    <Unicode>„Dirne“ zurückgestoßen, denn „Träume sind Begierden ohne Mut.“ Ein Ge¬</Unicode>
                </TextEquiv>
            </TextLine>
            <TextLine id="r1l19" custom="readingOrder {index:18;}">
                <Coords points="673,1765 2152,1792 2368,1781 2369,1739 673,1733"/>
                <Baseline points="683,1764 766,1763 850,1763 934,1763 1018,1763 1101,1764 1185,1764 1269,1765 1353,1765 1436,1766 1520,1767 1604,1768 1688,1769 1771,1769 1855,1770 1939,1771 2023,1772 2106,1772 2190,1773 2274,1773 2358,1773"/>
                <TextEquiv>
                    <Unicode>danke, den Hebbel einmal auf einem Tagebuchblatte ausgesprochen: „Jemanden</Unicode>
                </TextEquiv>
            </TextLine>
            <TextLine id="r1l20" custom="readingOrder {index:19;}">
                <Coords points="674,1838 2375,1810 675,1795"/>
                <Baseline points="685,1820 773,1820 861,1821 950,1822 1038,1823 1126,1823 1215,1824 1303,1824 1391,1825 1480,1825 1568,1826 1657,1826 1745,1827 1833,1828 1922,1829 2010,1830 2098,1831 2187,1833 2275,1834 2364,1836"/>
                <TextEquiv>
                    <Unicode>verklagen, weil er niederträchtig von einem träumt: denn das setzt voraus,</Unicode>
                </TextEquiv>
            </TextLine>
            <TextLine id="r1l21" custom="readingOrder {index:20;}">
                <Coords points="672,1894 2370,1883 2082,1834 672,1843"/>
                <Baseline points="683,1878 766,1879 850,1879 934,1880 1018,1880 1102,1880 1186,1881 1269,1881 1353,1882 1437,1882 1521,1883 1605,1883 1689,1884 1773,1884 1856,1885 1940,1886 2024,1887 2108,1888 2192,1889 2276,1890 2360,1891"/>
                <TextEquiv>
                    <Unicode>daß er niederträchtig von einem denkt.“ Die Welt, in der man spielt — es</Unicode>
                </TextEquiv>
            </TextLine>
            <TextLine id="r1l22" custom="readingOrder {index:21;}">
                <Coords points="669,1929 2369,1956 2370,1901 2295,1896 670,1897"/>
                <Baseline points="679,1938 767,1939 855,1940 944,1940 1032,1941 1120,1941 1209,1941 1297,1942 1385,1942 1474,1943 1562,1943 1651,1944 1739,1944 1827,1945 1916,1945 2004,1945 2092,1946 2181,1946 2269,1947 2358,1947"/>
                <TextEquiv>
                    <Unicode>ist die unumschränkte Domäne Schnitzlers: man spielt Liebe und Ehe, Ehre</Unicode>
                </TextEquiv>
            </TextLine>
            <TextLine id="r1l23" custom="readingOrder {index:22;}">
                <Coords points="680,1993 2369,2012 2314,1958 680,1955"/>
                <Baseline points="690,1997 773,1998 856,1999 940,1999 1023,2000 1107,2000 1190,2000 1274,2001 1357,2001 1441,2001 1524,2001 1607,2002 1691,2002 1774,2003 1858,2003 1941,2004 2025,2005 2108,2006 2192,2007 2275,2008 2359,2010"/>
                <TextEquiv>
                    <Unicode>und Recht, die Menschen sind nicht, was sie scheinen und scheinen nicht, was</Unicode>
                </TextEquiv>
            </TextLine>
            <TextLine id="r1l24" custom="readingOrder {index:23;}">
                <Coords points="670,2070 2370,2065 2334,2020 2020,2006 670,2011"/>
                <Baseline points="681,2058 769,2058 857,2058 946,2058 1034,2058 1122,2058 1211,2058 1299,2058 1387,2058 1476,2058 1564,2059 1653,2059 1741,2060 1829,2060 1918,2061 2006,2062 2094,2063 2183,2064 2271,2065 2360,2066"/>
                <TextEquiv>
                    <Unicode>sie sind. Hinter harmlosen Worten bergen sich Gefühle und hinter scheinbaren</Unicode>
                </TextEquiv>
            </TextLine>
            <TextLine id="r1l25" custom="readingOrder {index:24;}">
                <Coords points="668,2111 2294,2140 2371,2087 668,2071"/>
                <Baseline points="679,2114 763,2115 847,2116 931,2116 1015,2117 1099,2117 1183,2117 1267,2117 1351,2117 1435,2117 1519,2117 1603,2116 1687,2116 1771,2116 1855,2117 1939,2117 2023,2118 2107,2118 2191,2119 2275,2120 2360,2122"/>
                <TextEquiv>
                    <Unicode>Gefühlen leere Floskeln. Wie bezeichnend, wenn der an der Leiche der Ge¬</Unicode>
                </TextEquiv>
            </TextLine>
            <TextLine id="r1l26" custom="readingOrder {index:25;}">
                <Coords points="671,2185 2265,2197 2374,2143 671,2128"/>
                <Baseline points="682,2170 766,2171 850,2172 934,2172 1018,2173 1102,2173 1186,2174 1270,2175 1354,2175 1438,2176 1522,2177 1606,2177 1690,2178 1774,2179 1858,2179 1942,2180 2026,2181 2110,2181 2194,2182 2278,2182 2362,2183"/>
                <TextEquiv>
                    <Unicode>liebten verzweifelnde Jüngling für sein wahres Empfinden die affektierte</Unicode>
                </TextEquiv>
            </TextLine>
            <TextLine id="r1l27" custom="readingOrder {index:26;}">
                <Coords points="677,2235 2373,2244 2320,2186 678,2190"/>
                <Baseline points="687,2228 770,2229 854,2229 938,2230 1022,2230 1106,2230 1189,2231 1273,2231 1357,2231 1441,2232 1525,2232 1608,2232 1692,2233 1776,2233 1860,2234 1944,2234 2027,2235 2111,2236 2195,2237 2279,2238 2363,2239"/>
                <TextEquiv>
                    <Unicode>Wendung findet: „Ich bin ihr Seladon, ihr unglücklicher Seladon!“ So geht</Unicode>
                </TextEquiv>
            </TextLine>
            <TextLine id="r1l28" custom="readingOrder {index:27;}">
                <Coords points="673,2287 2379,2306 2176,2243 673,2245"/>
                <Baseline points="683,2286 767,2286 851,2287 935,2287 1020,2287 1104,2288 1188,2288 1272,2289 1357,2289 1441,2290 1525,2291 1609,2291 1694,2292 1778,2293 1862,2294 1946,2295 2031,2296 2115,2297 2199,2298 2283,2299 2368,2300"/>
                <TextEquiv>
                    <Unicode>er gern in das Spiel des Spieles und holt sich seine Menschen hinter Coulissen</Unicode>
                </TextEquiv>
            </TextLine>
            <TextLine id="r1l29" custom="readingOrder {index:28;}">
                <Coords points="666,2335 2370,2355 2158,2302 666,2312"/>
                <Baseline points="677,2347 761,2347 845,2347 929,2347 1013,2346 1097,2346 1181,2346 1266,2346 1350,2346 1434,2347 1518,2347 1602,2347 1686,2348 1770,2349 1855,2350 1939,2351 2023,2352 2107,2354 2191,2356 2275,2358 2360,2360"/>
                <TextEquiv>
                    <Unicode>und Courtinen hervor. „Einer, der uns vorspielen kann, was er will, ist doch</Unicode>
                </TextEquiv>
            </TextLine>
            <TextLine id="r1l30" custom="readingOrder {index:29;}">
                <Coords points="670,2401 2370,2420 2322,2367 2139,2361 670,2369"/>
                <Baseline points="680,2401 764,2402 848,2403 932,2404 1016,2405 1100,2405 1184,2406 1268,2406 1352,2407 1436,2407 1520,2407 1604,2408 1688,2408 1772,2409 1856,2409 1940,2410 2024,2410 2108,2411 2192,2412 2276,2413 2360,2414"/>
                <TextEquiv>
                    <Unicode>mehr, als wir alle.“ Die schöne Illusion ist mehr als die Wirklichkeit, wie</Unicode>
                </TextEquiv>
            </TextLine>
            <TextLine id="r1l31" custom="readingOrder {index:30;}">
                <Coords points="675,2468 2362,2472 2248,2423 675,2422"/>
                <Baseline points="686,2460 769,2461 852,2463 935,2464 1019,2464 1102,2465 1185,2465 1269,2466 1352,2466 1435,2466 1519,2466 1602,2466 1685,2466 1768,2467 1852,2467 1935,2468 2018,2469 2102,2470 2185,2471 2268,2473 2352,2474"/>
                <TextEquiv>
                    <Unicode>die Lüge, die ein Haus baute, immer besser bleibt als die Wahrheit, die es</Unicode>
                </TextEquiv>
            </TextLine>
            <TextLine id="r1l32" custom="readingOrder {index:31;}">
                <Coords points="679,2532 2380,2515 679,2488"/>
                <Baseline points="690,2523 773,2524 857,2524 941,2524 1025,2524 1109,2525 1193,2525 1277,2525 1361,2525 1445,2525 1529,2525 1612,2525 1696,2526 1780,2526 1864,2526 1948,2527 2032,2527 2116,2528 2200,2529 2284,2529 2368,2530"/>
                <TextEquiv>
                    <Unicode>zerstört. Anatol hat das Mittel in der Hand, bestimmt zu wissen, ob ihm</Unicode>
                </TextEquiv>
            </TextLine>
            <TextLine id="r1l33" custom="readingOrder {index:32;}">
                <Coords points="679,2578 2373,2590 2256,2536 679,2550"/>
                <Baseline points="690,2577 773,2578 857,2578 940,2579 1024,2579 1108,2580 1191,2580 1275,2581 1358,2581 1442,2582 1526,2583 1609,2583 1693,2584 1776,2585 1860,2585 1944,2586 2027,2587 2111,2587 2194,2588 2278,2589 2362,2590"/>
                <TextEquiv>
                    <Unicode>Cora treu sei. Rasch weckt er sie aus dem hypnotischen Schlafe, die Ungewißheit</Unicode>
                </TextEquiv>
            </TextLine>
            <TextLine id="r1l34" custom="readingOrder {index:33;}">
                <Coords points="672,2626 1922,2668 2379,2618 672,2592"/>
                <Baseline points="683,2636 767,2637 851,2637 935,2638 1020,2638 1104,2639 1188,2640 1272,2640 1357,2641 1441,2641 1525,2642 1609,2642 1694,2643 1778,2643 1862,2644 1946,2645 2031,2645 2115,2646 2199,2646 2283,2647 2368,2648"/>
                <TextEquiv>
                    <Unicode>ist ihm mehr wert als die brutale Sicherheit. Und um seiner Illusion der weiblichen</Unicode>
                </TextEquiv>
            </TextLine>
            <TextLine id="r1l35" custom="readingOrder {index:34;}">
                <Coords points="676,2699 2264,2722 2375,2673 677,2646"/>
                <Baseline points="688,2695 771,2696 855,2697 939,2699 1023,2699 1107,2700 1190,2700 1274,2701 1358,2701 1442,2701 1526,2701 1609,2701 1693,2702 1777,2702 1861,2702 1945,2702 2028,2703 2112,2704 2196,2704 2280,2705 2364,2707"/>
                <TextEquiv>
                    <Unicode>Treue wegen tötet sich der stille Andreas Thameyer, der lieber aus alten</Unicode>
                </TextEquiv>
            </TextLine>
            <TextLine id="r1l36" custom="readingOrder {index:35;}">
                <Coords points="681,2757 2379,2770 2315,2710 681,2719"/>
                <Baseline points="692,2755 775,2756 859,2757 943,2758 1027,2758 1111,2759 1194,2759 1278,2759 1362,2759 1446,2760 1530,2760 1613,2760 1697,2760 1781,2761 1865,2761 1949,2762 2032,2763 2116,2764 2200,2766 2284,2768 2368,2770"/>
                <TextEquiv>
                    <Unicode>Schmöckern Beispiele für das Versehen der Schwangeren herbeiholt, als</Unicode>
                </TextEquiv>
            </TextLine>
            <TextLine id="r1l37" custom="readingOrder {index:36;}">
                <Coords points="682,2835 2053,2822 1992,2779 682,2770"/>
                <Baseline points="692,2812 759,2813 827,2814 894,2815 962,2815 1029,2816 1097,2817 1164,2817 1232,2818 1299,2818 1367,2819 1435,2819 1502,2819 1570,2820 1637,2820 1705,2820 1772,2820 1840,2820 1907,2820 1975,2820 2043,2820"/>
                <TextEquiv>
                    <Unicode>glauben will, daß seine Frau sich mit einem Neger vergangen.</Unicode>
                </TextEquiv>
            </TextLine>
            <TextLine id="r1l38" custom="readingOrder {index:37;}">
                <Coords points="766,2879 2365,2880 2282,2822 767,2828"/>
                <Baseline points="777,2872 855,2873 934,2873 1013,2874 1092,2875 1171,2875 1250,2876 1328,2877 1407,2877 1486,2877 1565,2878 1644,2878 1723,2878 1802,2879 1880,2879 1959,2879 2038,2879 2117,2879 2196,2879 2275,2879 2354,2878"/>
                <TextEquiv>
                    <Unicode>Und als Puppenspieler im tiefsten Sinne des Wortes ist Arthur Schnitzler</Unicode>
                </TextEquiv>
            </TextLine>
            <TextLine id="r1l39" custom="readingOrder {index:38;}">
                <Coords points="666,2936 2186,2959 2371,2905 666,2889"/>
                <Baseline points="676,2932 760,2932 844,2932 928,2933 1012,2933 1097,2934 1181,2934 1265,2935 1349,2935 1433,2936 1518,2936 1602,2937 1686,2938 1770,2938 1854,2939 1939,2940 2023,2940 2107,2941 2191,2941 2275,2942 2360,2942"/>
                <TextEquiv>
                    <Unicode>zum Dramatiker geworden. Er dirigiert die Fäden: leitete er sie in der älteren</Unicode>
                </TextEquiv>
            </TextLine>
            <TextLine id="r1l40" custom="readingOrder {index:39;}">
                <Coords points="668,2997 2298,3023 2369,2966 669,2950"/>
                <Baseline points="678,2990 762,2990 846,2990 930,2991 1014,2991 1098,2992 1182,2993 1266,2994 1350,2994 1434,2995 1518,2996 1602,2997 1686,2998 1770,2998 1854,2999 1938,2999 2022,2999 2106,2999 2190,2999 2274,2998 2358,2997"/>
                <TextEquiv>
                    <Unicode>Periode seines Schaffens zu einer bestimmten These hin, so läßt er seine</Unicode>
                </TextEquiv>
            </TextLine>
            <TextLine id="r1l41" custom="readingOrder {index:40;}">
                <Coords points="674,3057 2363,3061 2206,3005 674,2998"/>
                <Baseline points="685,3053 768,3053 851,3052 935,3052 1018,3052 1101,3052 1185,3053 1268,3053 1351,3053 1435,3054 1518,3054 1601,3055 1685,3055 1768,3056 1851,3056 1935,3057 2018,3057 2101,3058 2185,3058 2268,3059 2352,3059"/>
                <TextEquiv>
                    <Unicode>Figuren nunmehr gegeneinander auftreten und erst aus ihren Beziehungen</Unicode>
                </TextEquiv>
            </TextLine>
            <TextLine id="r1l42" custom="readingOrder {index:41;}">
                <Coords points="668,3102 2370,3107 668,3063"/>
                <Baseline points="678,3111 762,3110 846,3110 930,3109 1014,3109 1098,3109 1182,3109 1266,3110 1350,3111 1434,3112 1519,3113 1603,3113 1687,3115 1771,3116 1855,3116 1939,3117 2023,3118 2107,3118 2191,3119 2275,3119 2360,3118"/>
                <TextEquiv>
                    <Unicode>das Drama erstehen. Aber Herr bleibt er über sie, er läßt sie nicht aus der</Unicode>
                </TextEquiv>
            </TextLine>
            <TextLine id="r1l43" custom="readingOrder {index:42;}">
                <Coords points="665,3160 2372,3164 2268,3121 665,3129"/>
                <Baseline points="675,3173 759,3172 843,3171 927,3171 1012,3171 1096,3171 1180,3171 1264,3171 1349,3171 1433,3171 1517,3171 1601,3172 1686,3172 1770,3173 1854,3173 1938,3174 2023,3174 2107,3175 2191,3176 2275,3176 2360,3177"/>
                <TextEquiv>
                    <Unicode>Hand: so ist er immer seinen Geschöpfen überlegen, er behandelt sie von oben</Unicode>
                </TextEquiv>
            </TextLine>
            <TextLine id="r1l44" custom="readingOrder {index:43;}">
                <Coords points="671,3228 2356,3234 2324,3183 671,3184"/>
                <Baseline points="682,3227 765,3228 848,3229 931,3229 1014,3230 1098,3230 1181,3230 1264,3231 1347,3231 1430,3232 1514,3232 1597,3232 1680,3232 1763,3232 1846,3233 1930,3233 2013,3233 2096,3233 2179,3233 2262,3233 2346,3233"/>
                <TextEquiv>
                    <Unicode>herab, mit einer Ironie, die sich szenisch gar oft in Formen der Romantik</Unicode>
                </TextEquiv>
            </TextLine>
            <TextLine id="r1l45" custom="readingOrder {index:44;}">
                <Coords points="666,3292 2358,3298 2250,3240 666,3249"/>
                <Baseline points="677,3286 760,3286 844,3286 927,3286 1011,3287 1094,3287 1178,3288 1261,3288 1345,3289 1428,3290 1512,3291 1596,3291 1679,3292 1763,3293 1846,3293 1930,3293 2013,3294 2097,3294 2180,3294 2264,3293 2348,3293"/>
                <TextEquiv>
                    <Unicode>umsetzt. In voller Übereinstimmung mit der Zerrissenheit seines Wesens</Unicode>
                </TextEquiv>
            </TextLine>
            <TextLine id="r1l46" custom="readingOrder {index:45;}">
                <Coords points="659,3358 2366,3354 2366,3305 2277,3298 659,3298"/>
                <Baseline points="671,3344 755,3345 839,3346 923,3346 1007,3347 1092,3347 1176,3347 1260,3348 1344,3348 1428,3348 1513,3348 1597,3349 1681,3349 1765,3349 1849,3349 1934,3349 2018,3349 2102,3349 2186,3349 2270,3350 2355,3350"/>
                <TextEquiv>
                    <Unicode>ist er zugleich Schöpfer und Kritiker seiner Gestalten. Im innersten</Unicode>
                </TextEquiv>
            </TextLine>
            <TextLine id="r1l47" custom="readingOrder {index:46;}">
                <Coords points="661,3406 2316,3424 2355,3363 661,3366"/>
                <Baseline points="672,3402 755,3403 839,3404 922,3405 1006,3406 1090,3406 1173,3407 1257,3408 1340,3408 1424,3409 1508,3409 1591,3409 1675,3410 1758,3410 1842,3410 1926,3409 2009,3409 2093,3408 2176,3408 2260,3407 2344,3406"/>
                <TextEquiv>
                    <Unicode>Kern Epiker, erreicht er seine schönsten Wirkungen nicht mit der ro¬</Unicode>
                </TextEquiv>
            </TextLine>
            <TextLine id="r1l48" custom="readingOrder {index:47;}">
                <Coords points="663,3458 2357,3467 2054,3417 664,3424"/>
                <Baseline points="675,3459 758,3460 842,3461 925,3463 1009,3464 1092,3465 1176,3466 1259,3466 1343,3467 1426,3467 1510,3468 1594,3468 1677,3468 1761,3468 1844,3468 1928,3468 2011,3468 2095,3467 2178,3467 2262,3466 2346,3466"/>
                <TextEquiv>
                    <Unicode>busten Gesundheit des geborenen Bühnendichters, sondern mit der etwas</Unicode>
                </TextEquiv>
            </TextLine>
            <TextLine id="r1l49" custom="readingOrder {index:48;}">
                <Coords points="665,3532 2359,3526 2253,3476 665,3478"/>
                <Baseline points="675,3517 758,3520 842,3521 926,3523 1009,3525 1093,3526 1177,3526 1260,3527 1344,3527 1428,3527 1512,3526 1595,3526 1679,3526 1763,3525 1846,3525 1930,3525 2014,3525 2097,3525 2181,3526 2265,3527 2349,3528"/>
                <TextEquiv>
                    <Unicode>blassen, kränkelnden aber überaus feinen Kunst einer Dialektik, die wieder</Unicode>
                </TextEquiv>
            </TextLine>
            <TextLine id="r1l50" custom="readingOrder {index:49;}">
                <Coords points="662,3582 2379,3585 2362,3528 662,3537"/>
                <Baseline points="672,3576 756,3580 841,3584 926,3587 1011,3589 1096,3590 1181,3591 1265,3591 1350,3592 1435,3591 1520,3591 1605,3590 1690,3590 1775,3589 1859,3588 1944,3588 2029,3587 2114,3587 2199,3587 2284,3587 2369,3588"/>
                <TextEquiv>
                    <Unicode>viel mit der sorgsam erwägenden, alle Möglichkeiten ins Auge fassenden</Unicode>
                </TextEquiv>
            </TextLine>
            <TextEquiv>
                <Unicode>—
box 39/1
Soth Birthdar
298
Alexander v. Weilen, Arthur Schnitzler.
#tiger mit scharfem Schwerte, das den Dichter selber mitnimmt. Und wer es
wagt, mit kühner Hand die Menschlein dirigieren zu wollen, der muß einsehen,
wie der gescheiterte Puppenspieler Georg Merklin, daß er leiten wollte und
geleitet wurde, oder er bekommt wie Paracelsus Angst vor den Mächten, die
er beschworen.
Mit uns spielt das Schicksal und wir selber spielen das Leben. Da ver¬
schwimmt uns Liebe und Verrat, Wahrheit und Lüge, Wirklichkeit und Phantasie¬
gebilde gleitet fast nicht unterscheidbar ineinander über. Leben ein Traum,
Traum ein Leben — schon ein kleines Jugendstück hat dem bunten Gemenge,
das der „Paracelsus“ oder „Die Frau mit dem Dolche“ aufrollt, vorgearbeitet.
Und moderner Psychoanalyse vorgreifend, wird im „Schleier der Beatrice“ das
Mädchen, das im Schlafe die Küsse des Herzogs gefühlt, von Filippo als
„Dirne“ zurückgestoßen, denn „Träume sind Begierden ohne Mut.“ Ein Ge¬
danke, den Hebbel einmal auf einem Tagebuchblatte ausgesprochen: „Jemanden
verklagen, weil er niederträchtig von einem träumt: denn das setzt voraus,
daß er niederträchtig von einem denkt.“ Die Welt, in der man spielt — es
ist die unumschränkte Domäne Schnitzlers: man spielt Liebe und Ehe, Ehre
und Recht, die Menschen sind nicht, was sie scheinen und scheinen nicht, was
sie sind. Hinter harmlosen Worten bergen sich Gefühle und hinter scheinbaren
Gefühlen leere Floskeln. Wie bezeichnend, wenn der an der Leiche der Ge¬
liebten verzweifelnde Jüngling für sein wahres Empfinden die affektierte
Wendung findet: „Ich bin ihr Seladon, ihr unglücklicher Seladon!“ So geht
er gern in das Spiel des Spieles und holt sich seine Menschen hinter Coulissen
und Courtinen hervor. „Einer, der uns vorspielen kann, was er will, ist doch
mehr, als wir alle.“ Die schöne Illusion ist mehr als die Wirklichkeit, wie
die Lüge, die ein Haus baute, immer besser bleibt als die Wahrheit, die es
zerstört. Anatol hat das Mittel in der Hand, bestimmt zu wissen, ob ihm
Cora treu sei. Rasch weckt er sie aus dem hypnotischen Schlafe, die Ungewißheit
ist ihm mehr wert als die brutale Sicherheit. Und um seiner Illusion der weiblichen
Treue wegen tötet sich der stille Andreas Thameyer, der lieber aus alten
Schmöckern Beispiele für das Versehen der Schwangeren herbeiholt, als
glauben will, daß seine Frau sich mit einem Neger vergangen.
Und als Puppenspieler im tiefsten Sinne des Wortes ist Arthur Schnitzler
zum Dramatiker geworden. Er dirigiert die Fäden: leitete er sie in der älteren
Periode seines Schaffens zu einer bestimmten These hin, so läßt er seine
Figuren nunmehr gegeneinander auftreten und erst aus ihren Beziehungen
das Drama erstehen. Aber Herr bleibt er über sie, er läßt sie nicht aus der
Hand: so ist er immer seinen Geschöpfen überlegen, er behandelt sie von oben
herab, mit einer Ironie, die sich szenisch gar oft in Formen der Romantik
umsetzt. In voller Übereinstimmung mit der Zerrissenheit seines Wesens
ist er zugleich Schöpfer und Kritiker seiner Gestalten. Im innersten
Kern Epiker, erreicht er seine schönsten Wirkungen nicht mit der ro¬
busten Gesundheit des geborenen Bühnendichters, sondern mit der etwas
blassen, kränkelnden aber überaus feinen Kunst einer Dialektik, die wieder
viel mit der sorgsam erwägenden, alle Möglichkeiten ins Auge fassenden</Unicode>
            </TextEquiv>
        </TextRegion>
    </Page>
</PcGts>
