3296 4352
1011 267 1503 361 box 39/1
198 279 938 375 SothBirthday
194 669 566 761 lusschultt
570 751 1266 860 „Volks Zeitung, Wier
198 775 570 859 om: 15 5 19
551 839 1120 934 Kleine Ausgaba)
284 937 1182 1066 Theater und Kunst.
237 1082 333 1174 0
442 1098 1007 1204 Artur Schnitzler.
203 1153 289 1216 N
400 1190 1023 1270 Ein „Fünfziger.“
292 1248 1206 1316 Jungtrat der Wiener Dichter Dr. Artur Schnitzler
261 1312 1202 1358 die Literatur, im Alter von kaum 25 Jahren, und
227 1283 276 1371 9
207 1342 1202 1408 Run, da er im Zenith des Lebens und Wirkens steht, ein
215 1391 1214 1454 „Fünfziger“ geworden ist, erfreut ihn die Anerkennung
218 1434 1218 1487 seiner Bedeutung, nennt man in fast ganz Europa seinen
215 1474 1211 1529 Namen mit gebührender Verehrung. Keck hat er gleich
206 1526 1221 1584 anfangs zugegriffen und in jeder Beziehung ein echter
210 1571 1213 1616 Wiener, bodenständige Typen wie den „Anatol“ und „Das
215 1612 1211 1676 füße Mädel“ geschaffen, novellistische und dramatische
215 1659 1218 1706 Skizzen, die rasch die Lieblingslektüre insbesondere
214 1692 1210 1744 Jung=Wiens geworden sind. In allen seinen Empfindungen
215 1745 1210 1807 #bli#ck bloß ein Unterton von Liebe mit, die eigentlich
215 1775 1218 1839 nichk die wahre Liebe ist, denn mit der Treue nehmen
223 1830 1219 1887 es auch seine Frauen und Mädchen selten genan.
214 1868 1222 1915 Sentimentalität und Grübelei wechseln mit einem rück¬
216 1910 1224 1977 haltslosen Realismus ab, der sich nicht scheut, das oft
214 1959 1220 2026 Vergängliche beim wahren Namen zu nennen. Immerhin
218 2002 1219 2052 ein Talent ersten Ranges, schätzt man ihn in den weitesten
213 2044 1217 2098 Kreisen und seine Gesinnungsvorneymheit, der Adel
213 2091 1218 2139 seiner Seele lassen es begreifen, wenn man ihm aus
211 2134 1224 2187 Aulaß seiner Alterswende allseits beweist, daß man ihn
214 2186 1211 2231 gern hat diesen tüchtigen, lebensvollen und leistungs¬
218 2222 566 2289 fähigen Fünfziger.
301 2259 1203 2315 In den künstlerischen und literarischen Kreisen wird
207 2285 1210 2356 sein 50. Geburtstag festlich begangen. So veranstaltete
219 2347 1223 2410 am Montag die Zeitschrift für Musik und Theater „Der
214 2392 1222 2438 Mexker“ im Beethovensaale eine Schnitzlerfeier, die
214 2432 1223 2499 von einem zahlreichen Publikum besucht war. Den Abend
222 2475 1219 2536 eröffnete Felix Salten mit einer geistvollen, das
213 2535 1222 2581 Wefen des Dichters charakterisierenden Conference. Mit
209 2565 1223 2616 Recht bezeichnete der Sprecher Artur Schnitzler als den
211 2613 1219 2658 literarischen Verkünder wienerischer Art, die vorher in
211 2653 1224 2699 der österreichischen Dichtkunst nur spärlich vertreten war.
221 2701 1230 2750 Schnitzler hat auch die Anmut und Schönheit der
218 2735 1222 2787 Wiener'n besungen und das Wort vom süßen Mädel
221 2783 1222 2846 geprägt. Er hat eine Generation in der Wertschätzung
217 2829 1217 2876 des Weibes erzogen. Doch er war, eine so große
211 2871 1219 2928 Rolle auch der Liebe in seinen Werken zukommt,
918 2910 1214 2968 Erzähler von
222 2916 871 2974 weit mehr als ein bloßer
1128 2959 1210 3005 er¬
217 2947 1105 3004 Liebesgeschichten. Mit tiefschauendem Blicke
215 3004 1224 3057 faßte er das Allgemein=Menschliche und verlieh durch
225 3044 1228 3102 sein gütiges Verstehen auch den schwachen und dis¬
216 3086 1216 3149 harmonischen Charakteren einen Schimmer von Schönheit.
222 3134 1231 3189 Elsa Galafres=Hubermann las sodann mit
209 3179 1230 3230 tiefem Empfinden die von düsteren Schicksalsahnungen
217 3230 1227 3273 ersüllte Novelle „Die dreifache Warnung“. Die Tragödie
227 3261 1228 3312 des eitlen kleinen Komödianten Roland, den der Dichter
226 3289 1246 3368 im „Ehrentag“ so meisterlich charakterisiert, brachte Lilli
260 3374 1252 3461 Marberg zu erschütterndem Ausdruck. Zum Schlusse
254 3432 1247 3501 las Herr Korff die brillante Satire „Exzentrik“ mit
250 3470 1253 3543 hinreißendem, diabolischem Humor. Das Publikum
264 3525 1027 3591 pendete allen Vortragenden reichen Beifall.
330 3565 1255 3629 Der Schriftsteller hat sich den in Aussicht stehenden
255 3615 1254 3676 Ehrungen entzogen und ist vor einigen Tagen mit
270 3651 1258 3719 seiner Gemahlin nach Brioni. abgereist. Telegraphische
265 3686 1258 3753 und schriftliche Glückwünsche sind schon gestern in seiner
266 3739 1252 3799 in der Sternwartestraße gelegenen Wohnung eingelausen,
257 3789 1255 3851 darunter von der Grillparzergesellschaft, von der
269 3828 1253 3883 Direktion des Burgtheaters und anderen mehr. Das
259 3871 1242 3922 Burgtheater veranstaltet eine Aufführung von „Das
268 3906 1250 3970 weite Land" und das Deutsche Volkstheater
257 3955 1255 4012 eine solche von „Liebelei" und „Der grüne
265 4006 1260 4058 Kakadn“, das Josefstädter Theater führt mit Frau
260 4039 1265 4139 Nijeße in der Hauptrolle „Das Vermächtnis“ auf.
1935 950 2387 1033 leuelienangabe ohne Gewähr.
1614 1002 2780 1105 Ausschnitt ausWiener Allgemeine Zeitung, W
1861 1102 2312 1199 15. MAi. 1912
1625 1138 1788 1204 vom:
1786 1268 2808 1369 (Schnitzler=Feier.) Montag veranstaltete die
1648 1311 2799 1399 „Wiener Zeitschrift „Der Merker“ eine Schnitzler=Feier. Der
1660 1354 2807 1463 Abend wurde eingeleitet durch eine Conférence des Schrift¬
1663 1391 2796 1496 stellers Felix Salten, der in geschmackvoll gesetzten,
1662 1440 2781 1533 launig pointierten Worten ein Bild dieses Wiener Dichters
1654 1481 2793 1566 entwarf, der heute fünfzig Jahre akt wird. Er sprach von
1652 1522 2790 1623 der danraligen Zeit, vom damaligen Publikum, vom Em¬
1650 1569 2780 1659 pfang, der ihm zu jener Zeit ward und von der Wandlung,
1649 1611 2659 1700 die sein Bild im Verlauf der Jahre erfahren hatte.
2695 1655 2785 1714 Er
1655 1654 2785 1755 sprach vom Wachsen Schnitzlers über seine Anfänge hinaus¬
1640 1703 2787 1771 von seiner Wirkung auf die Bewohner dieser Stadt mit
1648 1743 2780 1839 deren Wesen er aufs innigste verknüpft sei. Saltens geist¬
1637 1793 2769 1884 voller Vortrag wurde mit lebhaftem Beifall ausgenommen.
1624 1849 2780 1914 Drei Wiener Künstler lasen nun mit bestem Gelingen aus
1626 1872 2775 1967 Schnitzlers Werken vor. Lili Marberg vom Hofburg¬
1630 1920 2776 2015 theater gestaltete die Erzählung „Der Ehrentag“ zu
1621 1962 2781 2055 ergreifender Wirkung; die Künstlerin belebte „diese kurze Ge¬
1633 2005 2779 2079 schichte in all ihren Teilen, Hofschauspielet Korff las
1624 2051 2771 2134 mit unnachahmlichen Humor die köstliche Skizze: „Ex¬
1629 2097 2771 2177 centrick“ und Frau Galafres=Hubermann
1624 2140 2758 2221 wußte mit der „Dreifachen Warnung“ das Audi¬
1634 2174 2765 2278 torium zu fesseln. Das begeisterte Publikum feierte seine
1631 2214 2076 2283 Lieblinge entsprechend.
2089 2425 2518 2520 (Gecleringbe eine Genme).
1738 2519 2906 2608 Ausschnitt aus: Sonu- u. Montags Zeitung, Wien
1859 2583 2275 2660 20. MAl. 1912
1750 2624 1895 2672 vom:
1806 2722 2856 2822 (Schuitzler=Feier.), Der fünfzigste Geburtstag des Tichters
1688 2794 2858 2876 ist in der abgeranfenenWeche an vielen Stellen und unter den
1696 2855 2867 2906 mannigfachsten Formen gefeiert worden. Am Montag veranstaltete
1702 2905 2853 2973 der „Merker“ einen Schnitzler=Abend, zu dessen Gelingen Herr
1698 2944 2859 3001 Salten als Conferencier, die Damen Galafrés und Marberg
1708 2998 2860 3058 sowie Herr Korf als Vortragende viel Mühe aufgewendet haben.
1699 3050 2862 3101 Am Dienstag las Herr Onno des Dichters Werk „Der Schleier
1705 3088 2861 3150 der Beatrice“ mit viel Verständnis und jenem innigen und warmen
1709 3129 2860 3194 Pathos, das diesem Künstler so wohl ansteht. Gleichzeitig wurden
1703 3183 2855 3240 an drei Wiener Bühnen Schnitzlersche Schauspiele zur Aufführung
1697 3229 2859 3302 gebracht: Im Burgtheater „Das weite Land“ im Volkstheater
1715 3284 2845 3342 „Liebelei" und „Der grüne Karadn“, in der Josefstadt-„Das Ver¬
1701 3310 2859 3401 mächtnis“. Neues ist über diese Aufführungen nicht zu sagen; sie
1681 3423 2845 3531 hielten sich im Rahmen des gewohnten Alltags; auch verliefen sie
1692 3473 2840 3564 ohne besondere ostentative Betonung des Anlasses, denn der Dichter
1683 3521 2841 3609 selbst ist allen Angriffen als Jubilar aus dem Wege gegangen. Er
1679 3563 2852 3672 feierte den eigenen Geburtstag in aller Stille und in sympathischer
1684 3611 2364 3696 Zurückgezogenheit auf der Insel Brioni.
