3392 4352
1196 170 1667 297 box 39/1
202 179 1056 303 1. 50th Birthdar
547 918 1306 1046 Picheisto, Otoeknelin, ou T—
567 1007 993 1092 (Quellenangabe ehne Gonfhr#
740 1007 1252 1135 Brioni Intel-Zeitung
230 1044 652 1160 Ausschnitt aus:
882 1065 1100 1168 Brioni
396 1113 873 1244 14. MAl 1912
236 1175 396 1274 vom:
247 1295 423 1404 #
1302 1312 1545 1426 ge ng“
699 1315 957 1441 gerek e
2101 1274 2729 1471 n nenenene enhe
261 1357 377 1453 1.:
1526 1279 2125 1475 Sennenne
2718 1306 3268 1481 Terenereret ueh
937 1331 1335 1468 RRRRRRRREE“
384 1350 733 1484 esesseRE*
1279 1485 2248 1606 HRTHUR SCHNITZLER.
1675 1561 1766 1617 —0
1771 1569 2133 1625 e
1395 1598 2135 1701 Zu seinem 50. Geburtstage.
1268 1677 2270 1779 diesen Tagen unseres Vaterlandes Gauen
2270 1669 3273 1788 haben und zu Ehrfurcht und Anbetung
321 1680 1260 1783 In diesen Tagen, da die literarische
2264 1764 3274 1833 binreißen: Schnitzler müssen wir lieben,
1268 1761 2263 1835 durchbraufen wird und er wird, mehr
253 1767 1252 1840 Welt, feiner und feines Schaffens geden¬
1266 1820 2272 1890 vielleicht denn jemals, die Tragik des
246 1819 1267 1900 kend, festliche Töne angestimmt hat und
2263 1822 3262 1893 denn er ist in seinen Werken die Inkar¬
1263 1877 2258 1966 Lebens verspüren, diefes Lebens, das so
2261 1877 3271 1960 nation jenes Lebens, das uns, trotz seiner
263 1881 1250 1941 von den Bühnen österreichs und Deutsch¬
2264 1926 3271 2026 Febler und Schwächen, doch über alles
1267 1937 2262 2022 koftbar ist, weil, wie er fagt, das Unglück
258 1940 1254 2019 lands, unter dem jubelnden Beifall der
260 1999 1258 2061 nach Millionen zäblenden Schnitzler-Ge¬
2274 2001 3273 2081 teuer ist. Die vornehme Grazie und die
1259 2000 2269 2059 immer drobt und der Tod so nabe ist.
1261 2053 2263 2131 Unter der Maske stillversonnenen Lächelns
2268 2052 3263 2133 tändelnde Heiterkeit, von denen seine
248 2050 1266 2136 meinde, seine Werke sprechen, weilt er,
1275 2116 2263 2186 wird sich das Bewußtsein dieser Lebens¬
2263 2111 3269 2189 Gestalten erfüllt sind, die leife Melan¬
254 2112 1264 2186 dem diese Ovationen gelten, ferne der
2259 2173 3276 2247 cholie, die vom Sterben spricht, weil sie
1267 2177 2269 2247 tragik bei ihm verbergen, aber ungemin¬
257 2185 1271 2256 Jubiläumsbegeisterung, in den sonnigen
1267 2240 2262 2306 dert stark ihm zeigen, daß des Dichters
2264 2230 3263 2300 am Leben mit allen Fafern bängt, das
250 2237 1263 2318 Gefilden unseres Sädens. Weit von allem,
2269 2301 3261 2372 Schweben und Gleiten im Rbythmus
1260 2291 2266 2361 Bestimmung, die Schmerzen vieler zu
259 2297 1265 2375 was seine Träume stören könnte, nur
2260 2352 3263 2427 fanftbewegter Melodien, wenn auch das
1273 2348 2268 2429 leiden und zu füblen, was andere be¬
251 2356 1261 2427 den Blick gegen das beilighobe Meer ge¬
2264 2406 3263 2476 Schickfal mit unerbittlichem Griff uns
1262 2414 2268 2481 wegt, ein Paffionsweg ist, der nur einen
263 2412 1265 2486 wendet, wo der Ewigkeit unendlicher
2257 2465 3274 2546 packt, das gütige Begreifen und Ver¬
1270 2472 2273 2557 Lichtpunkt hat: die Liebe jener, die den
255 2473 1261 2545 Sang in dem Braufen der Wellen klingt,
1263 2524 1736 2609 Dichter begreifen.
2264 2527 3270 2615 zeiben, wo sich Menschlichkeiten uns er¬
253 2537 1262 2611 will er jetzt seinen bisberigen Lebens¬
2261 2584 3260 2658 schließen, — das ist das Lied des öster¬
1326 2567 2269 2660 In der schmeichelnden Luft des Wiener¬
247 2567 1267 2664 Itagen nachsinnen und in das  weite
2264 2654 3263 2720 reichischen Blutes, das Lied, das uns
1270 2646 2265 2727 waldes und von dem Rbythmus der alten
259 2650 1269 2724 Lands, das er von der Höbe abgeklärten
1272 2709 2267 2786 Kaiserstadt beschwingt, ist feine fensitive
2263 2708 3276 2789 Schnitzler geschenkt hat und für das wir
247 2713 1268 2786 Denkens und Füblens überschaut, tief¬
3094 2760 3221 2858 F.
255 2766 1165 2844 bewegten Herzens Husblick halten.
2269 2761 2950 2865 ihm beute danken müssen.
1268 2769 2270 2833 Dichterfeele berangereift, hat den Puls¬
323 2822 1274 2903 Seine weiche, gütige Dichterfeele, die
1272 2829 2271 2901 schlag des österreichischen Herzens in sich
256 2886 1262 2956 mit intuitivem Verständnis die Bezieb¬
1260 2898 2266 2961 aufgesaugt und zu Figuren gestaltet, die
264 2950 1266 3017 ungen von Leben und Sterben, Freude
1263 2945 2273 3008 Geist von unferem Geiste und Blut von
1267 3007 2299 3088 unserem Blute find. Mögen auch andere,
2306 2961 3290 3080 Dr. Artbur Schnitzler, der letztbin einige“
259 3005 1265 3072 und Schmerz so tief begreift, wird, ganz
253 3055 1270 3137 in sich gekehrt, nur das Echo des rau¬
1270 3050 3283 3154 deren Genius vielleicht gewaltiger ist, Tage auf Brioni weilte, ist Montag den
261 3130 3150 3211 schenden Beifalls vernehmen, der in monumentale Granitfiguren geschaffen 13. d. M. nach Dalmatien abgereist.
259 3210 3255 3288 ol
274 3318 340 3381 :
270 3310 3266 3436 „
