3436 4256
1566 184 1614 267 1
1183 188 1562 274 box 39
311 194 1024 299 SothBirthdar
468 851 878 926 ausschnitt aus:
564 916 810 1002 17 6, 197
742 938 1541 1034 tagsb uus Söhlmen, Prag
472 979 632 1028 vom:
878 1105 1611 1219 Theater und Musik.
766 1195 1152 1284 Schnitzler=Zoklus.
805 1255 1745 1320 Der einsame Weg. (Erstaufführung). Dies ist ein
757 1300 1747 1374 Drama der Erinnerungen. Bei Beginn dieses ernsten
759 1356 1745 1409 Spieles ist die Vergangenheit in dunkle, mehrfache Schleier
767 1404 1745 1474 gehüllt. Langsam und zögernd fallen die Schleier Stück
764 1455 1737 1500 für Stück von ihrem Leibe, lassen seine Umrisse erst nur
762 1508 1743 1572 schattenhaft erscheinen, dann immer schärfer hervortreten,
766 1564 1742 1606 bis der nackte Körper in blendendem Lichte auf der Szene
766 1603 1740 1656 steht. Die Handlung dieses merkwürdigen Schauspiels
772 1654 1740 1697 strebt so, entgegen den Regeln der dramatischen Wirksam¬
775 1703 1742 1750 keit, nicht nach vorwärts, sie schreitet gleichsam feierlichen
773 1749 1742 1804 Schritts langsam nach rückwärts, steht plötzlich still, setzt
762 1797 1745 1846 zum Sprunge an und — sinkt wuchtig zu Boden. Durch
763 1852 1743 1905 hingeworfene Worte, aufleuchtende Blicke, deutende Ge¬
769 1896 1743 1947 bärden, vielsagende Pausen, entschleiert sich die dreiund¬
769 1942 1740 2011 zwanzigjährige Lüge der Ehe zwischen Professor Wegrath
778 1996 1751 2047 und seiner nun totkranken Gattin Gabriele, schimmert das
774 2037 1749 2111 kurze Liebesglück Gabriels unmittelbar vor ihrer Ehe mit
768 2087 1746 2156 dem unsteten Maler Julian Fichtner herauf, enthüllt sich,
772 2143 1741 2204 daß der junge Leutnant Felix Wegrath nicht dem Gatten
777 2186 1750 2246 seiner Mutter, sondern Julian entstammt, taucht der spätere
774 2242 1745 2305 Bund Julians mit der Schauspielerin Irene Herms empor,
771 2287 1755 2350 verdichtet sich die schattenhafte, geheimnisvolle Verbindung
772 2332 1751 2398 der jungen, hellseherischen Johanna Wegrath mit dem
770 2381 1752 2448 alternden durchgeistigten Egoisten Stephan von Sala, dem
783 2445 1755 2492 wahren Helden des Stückes. Sie alle, auch der resig¬
768 2483 1749 2550 nierende Arzt Reumann, gingen und gehen den einsamen
779 2528 1753 2600 Weg der Schmerzen und des Todes, sei es durch wal¬
783 2588 1752 2650 kendes Verhängnis (aber nicht ohne Schuld), sei es in
783 2628 1755 2695 freiwilliger Buße. — Aus dem rückschauenden Wesen
779 2679 1763 2728 dieses Dramas ergibt sich, wie es zu spielen ist — mit
776 2726 1751 2793 äußerster Feinheit, in gedämpsten Tönen und Farben, wo¬
776 2777 1754 2827 möglich in einem intimen Raume. Soweit dies Raum
785 2835 1759 2878 und Kräste zuließen, wurde unsere Bühne diesem tiefsten
768 2874 1757 2937 Werke des Dichters gerecht. Und es zeugt von starker
773 2911 1760 2993 Liebe zum Dichter und warmer Hingabe, wenn dieses
776 2966 1752 3021 weniger für die Bühne, als für die stille Stube des Le¬
787 3009 1760 3071 sers gestimmte Schauspiel ein überaus lebhaftes Interesse
786 3063 1757 3123 zeitigte, das sich in von zu Akt steigendem Beifall und
780 3113 1761 3183 vom zweiten Akte an in immer wieder erneuerten Hervör¬
780 3154 1772 3220 rufen des anwesenden Dichters und der Darsteller ver¬
777 3210 1768 3280 körperte. Unter diesen ist zunächst Frl. Hackelberg
792 3254 1766 3334 rühmend zu nennen, die mit eindringendem Verständnis
787 3310 1771 3359 die schwierige Rolle der Johanna gestaltete; mehr Deut¬
792 3362 1762 3429 lichkeit ist aber notwendig, besonders bei der leidigen Un¬
787 3400 1759 3462 ruhe des Publikums. Herr Huttig stand auf einem ver¬
798 3455 1765 3510 lorenen Posten; diese Rolle ist seiner trefflichen Eigenart
793 3521 1765 3574 durchaus fremd. Es mußte ein Fehlschlag werden, aber
803 3550 1775 3607 er ist nicht ihm zuzuschreiben. Herr Rittig war als
784 3607 1773 3658 Julien charakteristisch und vortrefflich, wie immer, Herr
789 3661 1771 3715 Tiller als Felix dämpfte seine jugendliche Kraft ganz
802 3692 1786 3763 auf die Absichten des Dichters, Herr Manning bewährte
789 3739 1777 3819 sich als Wegrath wieder als unser bester Sprecher, sym¬
799 3812 1784 3860 pathisch war der Arzt Herrn Friebergs, auch Frau
795 3843 1775 3898 Monati wurde ihrer kleinen Rolle als Gabriele voll¬
808 3886 1777 3961 kommen gerecht. Ganz vorzüglich aber war Frl. Me¬
803 3930 1781 3994 delsky als Irene, in der richtigen Mischung von Ernst
806 3996 1787 4045 und Scherz; nur ihre Jugendlichkeit wäre bei dieser Rolle
795 4048 1785 4095 zu rügen, aber dieser Tadel wird wohl verziehen werden.
1758 420 2717 495 zu einem geschlossenen Drama zusammengehämmert. Die
1765 486 2732 538 Heldin Helene von Valois wurde diesmals von Else
1764 521 2724 583 Wolgemuth als Gastin dargestellt; einer glänzenden
1764 568 2734 632 Sprecherin mit hinreißenden Gebärden, unterstützt durch
1757 623 2731 680 Adel der Gestalt und Schönheit des Antlitzes. Das volle
1755 673 2723 740 Haus dankte ihrem glanzvollen Spiele durch immer wieder
1764 719 2730 789 hervorbrechende Beifallsstürme. An den Hervorrufen hatten
1756 767 2737 832 unsere Darsteller, besonders die Herren Tiller, Schütz,
1770 815 2737 885 Faber, Fischer, Huttig und die Damen John,
2607 867 2684 923 F.
1773 866 2523 935 Monati und Kausmann redlichen Anteil.“
1772 928 2102 992 Alfred Piceaver
1785 963 2738 1038 hat Samstag in einer Aufführung von Puccinis
1769 1020 2738 1088 „Boheme“ Abschied von den Pragern genommen, deren
1759 1067 2726 1136 Liebling er fünf Jahre lang gewesen ist. Die Ovationen,
1768 1135 2733 1179 die das vollständig ausverkaufte Haus dem Scheidenden
1771 1165 2731 1228 bereitete, nahmen an diesem Abend Formen an, die zu
1771 1231 2742 1278 den ungewöhnlichsten gehören, was in Prag auf diesem
1769 1273 2727 1320 Gebiete je geleistet worden ist. Nach jedem Akte wurde
1771 1318 2725 1375 Piccaver ungezähltemale vor die Rampe gestürmt, immer
1780 1380 2740 1428 wieder mußte er vor dem wie rasend sich gebergenden
1773 1426 2733 1473 Publikum erscheinen, eine Anzahl von Kränzen und an¬
1762 1459 2729 1521 deren Blumengewinden wurden auf die Bühne geschleppt
1766 1513 2735 1570 und am Schlusse des dritten Aktes mußte Piccaver reden.
1776 1560 2744 1619 Aber er konnte nicht: aus Rührung. Schließlich gelang
1767 1608 2742 1672 es ihm doch, einen Dank und „Auf Wiedersehen“ zu
1760 1657 2747 1725 stammeln, und dann ging der „Eiserne“ in die Höhe.
1772 1698 2748 1767 Der aber mußte wieder runter. Und das Publikum ruhte
1766 1754 2738 1816 nicht eher. als bis Piccaver zu den Klängen des Dirigier¬
1770 1804 2744 1862 klaviers die unermüdlich wie toll applaudierenden jungen
1771 1856 2736 1909 Damen und die älterer Semester versichert hatte, daß
1779 1906 2741 1971 Frauenherzen betrügerisch sind. So sehr hatten sich zum
1774 1952 2751 2017 Schluß die Bande frommer Scheu gelockert. Und als
1774 2002 2749 2069 Piccaver beim Bühnenausgang auf die Straße trat, mußte
1779 2047 2739 2111 durch Wache die Ordnung aufrecht erhalten werden. Als
1775 2099 2748 2160 blutiger Anfänger ist Piccaver anno Domini 1907 zu uns
1774 2142 2747 2218 nach Prag gekommen, als fertiger Künstler verläßt er uns.
1778 2195 2748 2249 Wie ein König geehrt, verläßt er die Stadt, die ihn in
1774 2242 2750 2314 seiner Kunst liebevoll wachsen sah. Reiche Stunden des
1785 2280 2742 2361 Genusses dankt man dem Gold seiner Kehle und daß die
1779 2333 2741 2422 Prager dafür dankbar zu sein verstehen, haben sie Samstag
1777 2392 2737 2461 in einer Weise gezeigt, die überdeutlich ist. Als Gast auf
1777 2435 2746 2500 Engagement zeigte sich in dieser denkwürdigen Vorstellung
1779 2487 2741 2549 Herr Bara aus Brünn, der die Rolle des Malers sang.
1771 2538 2746 2617 Mon lernte in Herrn Bara einen sehr gewandten, liebens¬
1780 2585 2757 2644 würdigen Schauspieler kennen, dessen sehr hell gefärbter
1791 2642 2752 2704 Baryion keinen üblen Eindruck machte. Doch wird man
1792 2688 2753 2758 sich ein sicheres Urteil über den Sänger Bara erst bilden
1794 2733 2756 2798 wollen, bis er in einer kantablern Partie aufgetreten sein
1791 2778 2669 2871 wird. Frl. Jicha hat sich als Musette brav gehalten.
2611 2821 2719 2887 Vy.
1789 2870 2321 2948 Neues Deutsches Theater.
1819 2911 2757 2969 Als 201. Abv. I. Serie geht heute Artur Schnitzlers er¬
1788 2965 2750 3012 folgreiche Neuheit „Der einsame Weg“ zum zweiten¬
1794 2992 2750 3053 male in Szene. Dienstag den 18. findet eine Wiederholung
1795 3032 2762 3088 von Wagners „Tristan und Isolde“ statt, für Mittwoch
1795 3087 2765 3126 ist die Blechsche Oper „Versiegelt“ am Repertoir. Mit
1795 3108 2763 3175 Ausnahme des Frl. Jicha, die die Rolle der Frau Ger¬
1784 3138 2768 3213 trud zum erstenmale singt, wurde die frühere Besetzung
1800 3186 2768 3253 beibehalten. Anschließend wird die Pantomime „Der
1795 3226 2762 3294 Schleier der Vierrette“ von Arthur Schnitzler und Ernst
1785 3263 2775 3329 von Dohnanyi (204. Abv. IV. Serie) gegeben. Die Pier¬
1794 3313 2769 3361 rette“ spielt diesmal Frl. Nigrini, die sie bereits vor zwei
1800 3342 2760 3406 Jahren mit größtem Erfolg dargestellt hat. Für Donners¬
1790 3378 2753 3455 tag wird der Operettenschlager der Saison, Lehars „Eva“.
1798 3420 2761 3482 vorbereitrt (205. Abv. I. Serie.) Freitag wird diese Neu¬
1800 3471 2758 3518 heit zum erstenmale wiederholt. Samstag findet die Pre¬
1800 3501 2761 3558 miere der Verbrecherkomödie „Büxl“ statt, deren Autoren,
1798 3546 2767 3605 Arno Holz und Oskar Jerschke durch ihre erfolgreiche
1797 3588 2767 3637 Arbeit „Traumulus“ dem hiesigen Publikum auf das beste
1803 3618 2775 3676 bekannt sind. Für Sonntag wird Goldmarks „Königin von
1806 3671 2197 3734 Saba“ neu einstudiert.
