3344 4352
2010 159 2319 257 —.—
1593 234 2043 345 box 39/2
693 262 736 324 1
221 248 1475 359 Sothandsth Birthdar
687 842 861 933 Bur
645 922 875 1003 Berlin —
713 1025 797 1099 (1.
858 1013 2328 1125 SCHNITZLER. VON FELIX SALTEN.
708 1088 898 1143 „
951 1136 2454 1198 or zwanzig Jahren etwa: Premierenabend im Deutschen Volks¬
930 1184 2452 1264 Stheater. Das Schauspiel eines jungen Wieners wird aufgeführt.
951 1267 2460 1330 Zum erstenmal erscheint sein Name auf dem Zettel einer großen
723 1260 2470 1377 Bühne, zum erstenmal tritt er der breiten Offentlichkeit mit
723 1373 2474 1423 einem Werk gegenüber, das die Spuren beginnender Reife trägt. Er steht
714 1430 2470 1495 hinter den Kulissen und hat den unablässigen, von Herzklopfen unablässig
721 1490 2470 1543 wieder zerhämmerten Gedanken: es ist ein entscheidender Abend! Allein
719 1550 2466 1618 solche Abende sind fast niemals entscheia#d, wenigstens nicht in dem Sinn,
724 1607 1842 1689 den man ihnen gibt, während man sie durchiebt.
838 1661 2469 1725 Das Stück ist von einer jugendlich süßen Melancholie; es ist traurig,
716 1725 2463 1791 es ist ernst: und alle Welt lacht. Damals war die Zeit, in der man auch bei
715 1785 2467 1846 Ibsen-Premieren noch lachte, und bei Hauptmann-Aufführungen noch in
724 1859 2469 1915 Streit miteinander geriet. Diesmal aber stand die Sache noch ein wenig
717 1928 2471 1972 anders. „Das Märchen“ war von einem Wiener. Man brauchte also keine
713 1961 2466 2013 Höflichkeitsdistanz einzuhalten: man war unter sich und hatte sich nicht
713 2036 2460 2087 zu genieren. Das verschärfte die Situation. Man hatte es wieder einmal in
718 2078 2448 2135 der Hand, ob man einen Hiesigen, wie das nette Wort lautet, „aufkommen“
709 2147 2465 2211 lassen wollte oder nicht. Und man fühlte sich, wieder einmal, entschlossen,
722 2200 1804 2261 ihn nicht aufkommen zu lassen. Absolut nicht.
829 2239 2458 2310 Das Stück war merkwürdig. Schwächlich und kraftvoll zugleich.
722 2309 2460 2375 Schwächlich in der handwerksmäßigen Geschicklichkeit, die dem Publikum
720 2361 2458 2437 zugewendete Außenfront mit dem wettersicheren Spritzbewurf, mit dem ge¬
708 2435 2459 2502 fälligen Stukkaturzierrat erprobter Bühnenwirkungen zu verputzen. Kraftvoll
710 2487 2460 2556 aber im zeichnerischen Strich, der lebendige Profile schuf. Kraftvoll auch in
716 2544 2460 2606 den menschlichen Akzenten, die aus dem Dialog hervorschlugen, und in
719 2607 2453 2672 allen seelischen Zwischentönen, die von wahrhaftem, unmittelbaren Erlebt¬
721 2658 2462 2714 sein vibrierten. Die Handlung eine Variation des Hebbel-Themas: „Darüber
707 2731 2470 2794 kann kein Mann weg“, durchgeführt von einer fein kultivierten Nervosität
726 2788 1338 2855 der Sinne und des Geistes.
827 2833 2470 2905 Das Stück wurde ausgelacht, verhöhnt, beschimpft, in tausend Fetzen
711 2915 2467 2967 gerissen. Eine aromatisch echte, poetisch schimmernde wienerische Atmo¬
712 2955 2461 3014 sphäre wehte durch dieses Stück, vielleicht zum erstenmal auf unserer
718 3027 2465 3086 Schaubühne, die bisher bloß dem Pariser Lokalkolorit gedient hatte. Die
712 3069 2461 3133 Leute wollten davon nichts wissen. In diesem Stück war der Duft des
711 3129 2462 3188 Frühlings, der Jugend, der Liebe. Und diese Jugend entblößte ihr Herz und
709 3186 2476 3265 wies die subtile, kleine, tötliche Wunde, aus der es blutete. Die Leute
712 3243 1328 3311 sagten: wir pfeifen darauf.
829 3307 2471 3369 Das ganze Theaterstück war überhaupt ein Unfug. Man kannte ja den
712 3378 2479 3446 jungen Herrn, der es geschrieben, man hatte ihn auf allen möglichen
1526 3451 1669 3534 324
