<?xml version="1.0" encoding="UTF-8" standalone="yes"?>
<PcGts xmlns="http://schema.primaresearch.org/PAGE/gts/pagecontent/2013-07-15" xmlns:xsi="http://www.w3.org/2001/XMLSchema-instance" xsi:schemaLocation="http://schema.primaresearch.org/PAGE/gts/pagecontent/2013-07-15 http://schema.primaresearch.org/PAGE/gts/pagecontent/2013-07-15/pagecontent.xsd">
    <Metadata>
        <Creator>prov=University of Rostock/Institute of Mathematics/CITlab/Gundram Leifert/gundram.leifert@uni-rostock.de:name=ONB_Newseye_GT_M1+(htr_id=10810)::::v=2.4.2
prov=University of Rostock/Institute of Mathematics/CITlab/Tobias Gruening/tobias.gruening@uni-rostock.de:name=de.uros.citlab.module.baseline2polygon.B2PSeamMultiOriented:v=2.4.2
prov=University of Rostock/Institute of Mathematics/CITlab/Tobias Gruening/tobias.gruening@uni-rostock.de:name=/mnt/transkribus/LA/DEA/URO/LA_news_onb_att.pb:de.uros.citlab.segmentation.CITlab_LA_ML:v=2.4.2
Transkribus</Creator>
        <Created>2019-10-07T20:31:39.211+02:00</Created>
        <LastChange>2019-10-09T03:35:37.287+02:00</LastChange>
        <TranskribusMetadata docId="224436" pageId="9575399" pageNr="96" tsid="16620248" status="IN_PROGRESS" userId="40391" imgUrl="https://files.transkribus.eu/Get?id=JMOWPYMYMNWYBDICHRUWTESG&amp;fileType=view" xmlUrl="https://files.transkribus.eu/Get?id=YUJKECAYLFUTDTMLMRDNIHLV" imageId="6207033"/>
    </Metadata>
    <Page imageFilename="224436_0096.jpeg" imageWidth="3344" imageHeight="4320">
        <ReadingOrder>
            <OrderedGroup id="ro_1711442929220" caption="Regions reading order">
                <RegionRefIndexed index="0" regionRef="r1"/>
                <RegionRefIndexed index="1" regionRef="r2"/>
            </OrderedGroup>
        </ReadingOrder>
        <TextRegion orientation="0.0" id="r1" custom="readingOrder {index:0;}">
            <Coords points="119,252 119,2856 1501,2856 1501,252"/>
            <TextLine id="r1l1" custom="readingOrder {index:0;}">
                <Coords points="1061,260 1104,286 1194,300 1275,274 1318,290 1348,274 1366,292 1390,276 1445,306 1479,288 1511,296 1511,213 1392,227 1366,209 1342,232 1303,221 1253,246 1186,215 1156,228 1108,211 1061,238"/>
                <Baseline points="1071,276 1096,275 1121,275 1146,275 1172,274 1197,275 1222,275 1248,275 1273,275 1298,275 1323,276 1349,276 1374,276 1399,276 1425,275 1450,275 1475,274 1501,273"/>
                <TextEquiv>
                    <Unicode>box 39/1</Unicode>
                </TextEquiv>
            </TextLine>
            <TextLine id="r1l2" custom="readingOrder {index:1;}">
                <Coords points="212,310 883,324 926,310 925,215 855,209 806,236 653,222 592,245 483,209 441,234 211,223"/>
                <Baseline points="222,297 256,297 291,297 325,298 360,298 395,298 429,298 464,298 499,298 533,298 568,298 603,298 637,298 672,297 707,297 741,296 776,296 811,295 845,294 880,294 915,292"/>
                <TextEquiv>
                    <Unicode>Soth Birthdar</Unicode>
                </TextEquiv>
            </TextLine>
            <TextLine id="r1l3" custom="readingOrder {index:2;}">
                <Coords points="111,1414 1197,1415 1237,1400 1237,1332 1061,1369 845,1333 111,1355"/>
                <Baseline points="122,1402 177,1404 232,1405 287,1405 342,1406 398,1406 453,1406 508,1406 563,1405 618,1405 674,1405 729,1404 784,1404 839,1403 894,1403 950,1403 1005,1402 1060,1402 1115,1402 1170,1403 1226,1403"/>
                <TextEquiv>
                    <Unicode>e nach=heraustrat und volkstümlich wurde, seinen“</Unicode>
                </TextEquiv>
            </TextLine>
            <TextLine id="r1l4" custom="readingOrder {index:3;}">
                <Coords points="118,1462 1183,1465 1225,1412 117,1414"/>
                <Baseline points="128,1446 182,1448 236,1450 291,1450 345,1451 400,1452 454,1452 508,1452 563,1452 617,1452 672,1451 726,1451 780,1450 835,1449 889,1449 944,1448 998,1448 1052,1447 1107,1447 1161,1447 1216,1447"/>
                <TextEquiv>
                    <Unicode>ein Ge= Charakter sehr verändert. Das Wiener süße</Unicode>
                </TextEquiv>
            </TextLine>
            <TextLine id="r1l5" custom="readingOrder {index:4;}">
                <Coords points="120,1504 1142,1507 1219,1460 119,1460"/>
                <Baseline points="129,1493 183,1495 237,1497 291,1498 345,1499 399,1500 453,1500 507,1500 561,1500 615,1499 669,1499 723,1498 777,1498 831,1497 885,1495 939,1494 993,1493 1047,1492 1101,1491 1155,1490 1209,1489"/>
                <TextEquiv>
                    <Unicode>er, der Mädel wurde das hübsche unbedenkliche Ma¬</Unicode>
                </TextEquiv>
            </TextLine>
            <TextLine id="r1l6" custom="readingOrder {index:5;}">
                <Coords points="119,1549 140,1547 148,1555 170,1539 202,1555 214,1545 232,1550 245,1546 269,1554 269,1499 223,1497 201,1507 182,1499 160,1511 150,1506 140,1512 120,1504"/>
                <Baseline points="130,1539 155,1540 181,1539 206,1539 232,1540 258,1541"/>
                <TextEquiv>
                    <Unicode>er nach</Unicode>
                </TextEquiv>
            </TextLine>
            <TextLine id="r1l7" custom="readingOrder {index:6;}">
                <Coords points="289,1547 1201,1550 1219,1490 289,1504"/>
                <Baseline points="299,1541 344,1542 390,1543 435,1543 481,1544 526,1544 572,1544 617,1544 663,1544 708,1543 754,1543 799,1543 845,1542 890,1541 936,1540 981,1539 1027,1538 1072,1537 1118,1536 1163,1535 1209,1534"/>
                <TextEquiv>
                    <Unicode>del der Großstadt schlechtweg, der Ausdruck</Unicode>
                </TextEquiv>
            </TextLine>
            <TextLine id="r1l8" custom="readingOrder {index:7;}">
                <Coords points="284,1596 946,1598 1056,1573 1212,1599 1226,1534 1006,1531 968,1558 915,1530 863,1565 284,1548"/>
                <Baseline points="293,1582 339,1583 385,1584 431,1584 477,1584 523,1585 569,1585 615,1586 661,1586 707,1586 754,1586 800,1586 846,1585 892,1585 938,1584 984,1583 1030,1582 1076,1581 1122,1579 1168,1577 1215,1575"/>
                <TextEquiv>
                    <Unicode>wurde so verallgemeinert, daß die feinen</Unicode>
                </TextEquiv>
            </TextLine>
            <TextLine id="r1l9" custom="readingOrder {index:8;}">
                <Coords points="119,1601 133,1602 140,1596 150,1600 160,1590 180,1598 186,1592 194,1596 208,1590 218,1601 226,1593 253,1597 279,1587 279,1555 261,1557 237,1544 227,1550 215,1546 203,1554 191,1552 177,1540 158,1550 120,1549"/>
                <Baseline points="129,1587 157,1585 185,1584 213,1584 241,1586 269,1589"/>
                <TextEquiv>
                    <Unicode>ffassung</Unicode>
                </TextEquiv>
            </TextLine>
            <TextLine id="r1l10" custom="readingOrder {index:9;}">
                <Coords points="288,1637 1123,1642 1226,1627 1226,1597 288,1602"/>
                <Baseline points="297,1628 342,1629 388,1629 434,1630 480,1630 526,1630 572,1631 618,1631 664,1631 710,1631 756,1630 801,1630 847,1630 893,1629 939,1629 985,1628 1031,1627 1077,1626 1123,1625 1169,1624 1215,1623"/>
                <TextEquiv>
                    <Unicode>aber sehr bestimmten Linien des Schnitzler¬</Unicode>
                </TextEquiv>
            </TextLine>
            <TextLine id="r1l11" custom="readingOrder {index:10;}">
                <Coords points="120,1636 163,1645 181,1635 195,1641 235,1636 278,1640 278,1590 240,1601 228,1591 214,1601 192,1589 179,1599 159,1590 147,1598 121,1598"/>
                <Baseline points="130,1631 157,1632 184,1631 212,1632 239,1632 267,1634"/>
                <TextEquiv>
                    <Unicode>ont von</Unicode>
                </TextEquiv>
            </TextLine>
            <TextLine id="r1l12" custom="readingOrder {index:11;}">
                <Coords points="113,1686 129,1682 139,1692 149,1693 159,1685 192,1689 204,1683 226,1696 232,1690 244,1694 272,1686 273,1642 235,1637 216,1645 210,1639 196,1645 184,1634 144,1644 134,1638 114,1638"/>
                <Baseline points="124,1673 151,1674 179,1673 207,1673 235,1674 263,1676"/>
                <TextEquiv>
                    <Unicode>kenburg</Unicode>
                </TextEquiv>
            </TextLine>
            <TextLine id="r1l13" custom="readingOrder {index:12;}">
                <Coords points="287,1686 1223,1675 1142,1629 287,1637"/>
                <Baseline points="297,1672 342,1673 388,1674 434,1674 480,1675 525,1675 571,1675 617,1675 663,1675 708,1675 754,1674 800,1674 846,1674 891,1673 937,1673 983,1673 1029,1673 1074,1672 1120,1672 1166,1672 1212,1672"/>
                <TextEquiv>
                    <Unicode>schen Typus verloren gingen. Und wenn die</Unicode>
                </TextEquiv>
            </TextLine>
            <TextLine id="r1l14" custom="readingOrder {index:13;}">
                <Coords points="286,1730 1177,1730 1228,1681 285,1685"/>
                <Baseline points="295,1718 341,1719 387,1719 433,1720 479,1720 525,1720 571,1720 617,1720 663,1720 709,1720 756,1720 802,1719 848,1719 894,1719 940,1718 986,1718 1032,1717 1078,1717 1124,1716 1170,1716 1217,1715"/>
                <TextEquiv>
                    <Unicode>Dichter der bekannten Operette „Das süße</Unicode>
                </TextEquiv>
            </TextLine>
            <TextLine id="r1l15" custom="readingOrder {index:14;}">
                <Coords points="242,1749 252,1747 256,1749 264,1745 276,1744 272,1720 260,1722 256,1720 250,1721 246,1724 238,1725"/>
                <Baseline points="251,1741 265,1739"/>
                <TextEquiv>
                    <Unicode></Unicode>
                </TextEquiv>
            </TextLine>
            <TextLine id="r1l16" custom="readingOrder {index:15;}">
                <Coords points="117,1775 157,1782 244,1766 276,1793 301,1773 414,1775 454,1765 455,1723 366,1730 227,1720 204,1736 176,1721 118,1725"/>
                <Baseline points="127,1761 153,1761 180,1762 206,1762 233,1763 259,1763 286,1765 312,1765 339,1765 365,1766 392,1765 418,1764 445,1762"/>
                <TextEquiv>
                    <Unicode>tschaft“ Mädel“</Unicode>
                </TextEquiv>
            </TextLine>
            <TextLine id="r1l17" custom="readingOrder {index:16;}">
                <Coords points="465,1773 1063,1791 1099,1768 1160,1793 1240,1770 1240,1730 1190,1726 465,1727"/>
                <Baseline points="475,1761 512,1762 550,1763 588,1764 626,1764 664,1765 701,1765 739,1765 777,1765 815,1765 853,1765 890,1765 928,1765 966,1764 1004,1764 1042,1764 1079,1763 1117,1763 1155,1763 1193,1762 1231,1762"/>
                <TextEquiv>
                    <Unicode>im besten Librettistendeutsch ver¬</Unicode>
                </TextEquiv>
            </TextLine>
            <TextLine id="r1l18" custom="readingOrder {index:17;}">
                <Coords points="125,1821 149,1815 165,1821 183,1817 194,1825 204,1825 234,1815 266,1815 266,1762 250,1760 234,1776 173,1773 157,1781 125,1783"/>
                <Baseline points="135,1809 165,1807 196,1807 226,1808 257,1807"/>
                <TextEquiv>
                    <Unicode>etwas</Unicode>
                </TextEquiv>
            </TextLine>
            <TextLine id="r1l19" custom="readingOrder {index:18;}">
                <Coords points="279,1831 305,1837 323,1824 341,1832 377,1816 388,1824 422,1815 444,1827 454,1816 486,1816 485,1777 463,1780 400,1769 354,1781 342,1769 324,1776 277,1771"/>
                <Baseline points="288,1814 314,1811 341,1810 368,1808 394,1807 421,1807 448,1808 475,1809"/>
                <TextEquiv>
                    <Unicode>sicherten:</Unicode>
                </TextEquiv>
            </TextLine>
            <TextLine id="r1l20" custom="readingOrder {index:19;}">
                <Coords points="124,1871 134,1871 145,1861 163,1865 201,1859 227,1871 251,1869 266,1855 274,1861 286,1859 286,1795 276,1795 256,1815 234,1815 201,1827 149,1814 125,1822"/>
                <Baseline points="134,1853 162,1854 190,1853 219,1852 247,1853 276,1856"/>
                <TextEquiv>
                    <Unicode>eswegs</Unicode>
                </TextEquiv>
            </TextLine>
            <TextLine id="r1l21" custom="readingOrder {index:20;}">
                <Coords points="412,1855 565,1875 706,1854 731,1869 1005,1860 1005,1830 843,1796 751,1816 712,1804 666,1826 498,1798 412,1829"/>
                <Baseline points="421,1855 449,1855 478,1855 507,1855 535,1855 564,1855 593,1855 621,1854 650,1854 679,1854 708,1854 736,1854 765,1854 794,1854 822,1854 851,1854 880,1854 908,1854 937,1854 966,1854 995,1854"/>
                <TextEquiv>
                    <Unicode>„Das ist das süße Mädel,</Unicode>
                </TextEquiv>
            </TextLine>
            <TextLine id="r1l22" custom="readingOrder {index:21;}">
                <Coords points="126,1927 140,1924 165,1906 183,1904 192,1912 204,1911 209,1904 260,1904 257,1868 239,1870 235,1866 225,1871 200,1858 182,1864 145,1861 136,1869 122,1868"/>
                <Baseline points="134,1900 162,1899 191,1898 220,1895 249,1891"/>
                <TextEquiv>
                    <Unicode>rstoßen¬</Unicode>
                </TextEquiv>
            </TextLine>
            <TextLine id="r1l23" custom="readingOrder {index:22;}">
                <Coords points="383,1904 484,1917 661,1904 764,1916 800,1908 801,1878 704,1853 577,1871 383,1864"/>
                <Baseline points="393,1898 419,1898 446,1899 472,1899 499,1899 525,1899 552,1899 578,1900 605,1900 631,1900 658,1900 684,1900 711,1900 737,1900 764,1900 791,1899"/>
                <TextEquiv>
                    <Unicode>So wie es akkurat</Unicode>
                </TextEquiv>
            </TextLine>
            <TextLine id="r1l24" custom="readingOrder {index:23;}">
                <Coords points="138,1950 166,1950 181,1962 192,1951 203,1956 212,1945 233,1958 259,1952 270,1962 282,1961 278,1895 267,1895 260,1904 254,1900 248,1907 209,1903 202,1912 181,1903 136,1920"/>
                <Baseline points="148,1948 178,1944 209,1942 240,1941 271,1939"/>
                <TextEquiv>
                    <Unicode>heißt</Unicode>
                </TextEquiv>
            </TextLine>
            <TextLine id="r1l25" custom="readingOrder {index:24;}">
                <Coords points="401,1943 482,1962 542,1949 591,1961 629,1940 706,1961 950,1943 949,1920 854,1895 782,1916 663,1903 641,1922 554,1905 503,1919 400,1910"/>
                <Baseline points="411,1945 437,1946 463,1947 490,1947 516,1947 543,1947 569,1947 595,1947 622,1947 648,1946 675,1946 701,1946 727,1945 754,1944 780,1944 807,1943 833,1943 859,1942 886,1942 912,1942 939,1942"/>
                <TextEquiv>
                    <Unicode>In seiner besten Laune</Unicode>
                </TextEquiv>
            </TextLine>
            <TextLine id="r1l26" custom="readingOrder {index:25;}">
                <Coords points="407,1999 1033,1991 1033,1963 972,1937 881,1956 536,1950 512,1966 407,1947"/>
                <Baseline points="417,1987 447,1988 477,1989 507,1989 538,1990 568,1991 598,1991 629,1991 659,1991 689,1991 720,1991 750,1990 780,1990 810,1989 841,1989 871,1988 901,1987 932,1985 962,1984 992,1982 1023,1981"/>
                <TextEquiv>
                    <Unicode>Der Herrgott g’schaffen hat",</Unicode>
                </TextEquiv>
            </TextLine>
            <TextLine id="r1l27" custom="readingOrder {index:26;}">
                <Coords points="119,2002 157,1998 176,2006 188,1995 200,1998 208,1992 216,2000 226,1993 251,2002 278,1977 288,1976 286,1944 255,1960 230,1959 212,1945 186,1963 165,1950 118,1962"/>
                <Baseline points="129,1995 154,1992 179,1989 204,1987 229,1987 254,1987 279,1989"/>
                <TextEquiv>
                    <Unicode>zzi oder</Unicode>
                </TextEquiv>
            </TextLine>
            <TextLine id="r1l28" custom="readingOrder {index:27;}">
                <Coords points="283,2043 1221,2033 1221,1991 1160,1969 733,2008 283,1986"/>
                <Baseline points="293,2034 338,2034 384,2035 430,2035 476,2035 522,2034 568,2034 614,2034 660,2034 706,2033 752,2033 797,2032 843,2032 889,2031 935,2030 981,2030 1027,2029 1073,2028 1119,2027 1165,2026 1211,2025"/>
                <TextEquiv>
                    <Unicode>so verschlug es nichts mehr, daß dieses süße</Unicode>
                </TextEquiv>
            </TextLine>
            <TextLine id="r1l29" custom="readingOrder {index:28;}">
                <Coords points="110,2041 169,2047 197,2041 219,2049 229,2039 243,2043 280,2035 280,2007 267,2007 257,1997 215,1999 207,1993 183,1997 175,2005 156,1997 140,2003 110,1997"/>
                <Baseline points="120,2033 145,2035 170,2036 195,2035 220,2034 245,2034 270,2035"/>
                <TextEquiv>
                    <Unicode>tönigen</Unicode>
                </TextEquiv>
            </TextLine>
            <TextLine id="r1l30" custom="readingOrder {index:29;}">
                <Coords points="126,2091 1203,2094 1217,2037 125,2043"/>
                <Baseline points="135,2077 188,2078 242,2079 295,2079 349,2079 403,2080 456,2080 510,2080 563,2079 617,2079 671,2079 724,2078 778,2077 831,2077 885,2076 939,2075 992,2074 1046,2074 1099,2073 1153,2072 1207,2071"/>
                <TextEquiv>
                    <Unicode>Freuden; Mädel zufällig den Beruf einer — Masseuse</Unicode>
                </TextEquiv>
            </TextLine>
            <TextLine id="r1l31" custom="readingOrder {index:30;}">
                <Coords points="287,2135 1235,2123 1235,2095 1152,2077 287,2095"/>
                <Baseline points="297,2125 343,2124 389,2124 436,2123 482,2123 528,2123 575,2123 621,2123 667,2124 714,2124 760,2124 806,2124 853,2124 899,2124 945,2123 992,2122 1038,2122 1084,2121 1131,2119 1177,2117 1224,2114"/>
                <TextEquiv>
                    <Unicode>ausübte. Das süße Mädel war ein Mode¬</Unicode>
                </TextEquiv>
            </TextLine>
            <TextLine id="r1l32" custom="readingOrder {index:31;}">
                <Coords points="123,2137 147,2138 160,2145 183,2132 192,2140 212,2136 230,2140 240,2133 257,2140 281,2139 278,2087 232,2089 219,2080 213,2086 203,2080 177,2096 157,2085 143,2094 121,2095"/>
                <Baseline points="132,2130 159,2128 187,2126 214,2124 242,2123 270,2124"/>
                <TextEquiv>
                    <Unicode>rgessen,</Unicode>
                </TextEquiv>
            </TextLine>
            <TextLine id="r1l33" custom="readingOrder {index:32;}">
                <Coords points="278,2169 1168,2177 1226,2172 1226,2126 278,2133"/>
                <Baseline points="287,2170 333,2169 379,2169 426,2169 472,2169 519,2169 565,2169 611,2169 658,2169 704,2169 751,2169 797,2168 843,2168 890,2168 936,2167 983,2166 1029,2166 1075,2165 1122,2164 1168,2162 1215,2161"/>
                <TextEquiv>
                    <Unicode>wort geworden, das heute in Wien längst</Unicode>
                </TextEquiv>
            </TextLine>
            <TextLine id="r1l34" custom="readingOrder {index:33;}">
                <Coords points="134,2169 171,2178 187,2173 199,2183 203,2179 238,2178 254,2187 268,2185 266,2138 254,2139 244,2133 230,2140 206,2136 186,2143 178,2135 160,2146 133,2139"/>
                <Baseline points="145,2171 173,2170 201,2169 229,2168 257,2167"/>
                <TextEquiv>
                    <Unicode>anzu¬</Unicode>
                </TextEquiv>
            </TextLine>
            <TextLine id="r1l35" custom="readingOrder {index:34;}">
                <Coords points="281,2220 1205,2228 1231,2171 280,2174"/>
                <Baseline points="291,2213 337,2214 384,2214 430,2214 477,2214 523,2214 570,2214 616,2214 663,2213 709,2213 756,2213 802,2213 849,2213 895,2213 942,2212 988,2212 1035,2212 1081,2212 1128,2212 1174,2212 1221,2212"/>
                <TextEquiv>
                    <Unicode>außer Gebrauch gekommen ist. Man kennt es</Unicode>
                </TextEquiv>
            </TextLine>
            <TextLine id="r1l36" custom="readingOrder {index:35;}">
                <Coords points="129,2219 153,2215 161,2222 179,2222 197,2230 232,2218 276,2229 277,2187 252,2184 246,2178 196,2182 188,2173 166,2177 160,2171 148,2179 129,2181"/>
                <Baseline points="139,2213 164,2212 190,2213 215,2214 241,2214 267,2213"/>
                <TextEquiv>
                    <Unicode>drein,</Unicode>
                </TextEquiv>
            </TextLine>
            <TextLine id="r1l37" custom="readingOrder {index:36;}">
                <Coords points="279,2257 590,2278 1225,2253 1152,2213 279,2226"/>
                <Baseline points="289,2258 335,2259 381,2259 427,2259 474,2259 520,2259 566,2259 613,2259 659,2258 705,2258 752,2257 798,2257 844,2257 890,2256 937,2256 983,2256 1029,2256 1076,2256 1122,2256 1168,2257 1215,2258"/>
                <TextEquiv>
                    <Unicode>noch als Firma eines nächtlichen Weinlokals;</Unicode>
                </TextEquiv>
            </TextLine>
            <TextLine id="r1l38" custom="readingOrder {index:37;}">
                <Coords points="115,2263 182,2266 214,2276 226,2266 254,2261 269,2273 283,2273 282,2221 256,2227 232,2219 194,2230 151,2216 137,2222 115,2220"/>
                <Baseline points="125,2260 154,2259 183,2259 213,2258 242,2258 272,2259"/>
                <TextEquiv>
                    <Unicode>ikus in</Unicode>
                </TextEquiv>
            </TextLine>
            <TextLine id="r1l39" custom="readingOrder {index:38;}">
                <Coords points="115,2315 1221,2301 1156,2257 115,2263"/>
                <Baseline points="125,2303 179,2303 233,2303 287,2304 342,2304 396,2303 450,2303 505,2303 559,2302 613,2302 668,2302 722,2301 776,2301 830,2300 885,2299 939,2299 993,2298 1048,2298 1102,2297 1156,2297 1211,2297"/>
                <TextEquiv>
                    <Unicode>ebevoll= um vom süßen Mädel in seiner einstigen Be¬</Unicode>
                </TextEquiv>
            </TextLine>
            <TextLine id="r1l40" custom="readingOrder {index:39;}">
                <Coords points="123,2356 1160,2356 1228,2309 123,2314"/>
                <Baseline points="133,2347 187,2348 241,2348 295,2348 350,2348 404,2348 458,2348 513,2348 567,2348 621,2348 676,2347 730,2347 784,2347 838,2347 893,2346 947,2346 1001,2345 1056,2345 1110,2344 1164,2344 1219,2343"/>
                <TextEquiv>
                    <Unicode>snahme deutung reden zu hören, wird man weit in</Unicode>
                </TextEquiv>
            </TextLine>
            <TextLine id="r1l41" custom="readingOrder {index:40;}">
                <Coords points="120,2402 1106,2408 1221,2389 1221,2359 119,2360"/>
                <Baseline points="129,2392 183,2392 237,2392 291,2392 345,2392 399,2392 453,2392 507,2391 561,2391 615,2391 670,2391 724,2391 778,2390 832,2390 886,2389 940,2389 994,2388 1048,2387 1102,2387 1156,2386 1211,2385"/>
                <TextEquiv>
                    <Unicode>in der die Provinz reisen müssen. Aber mag heute</Unicode>
                </TextEquiv>
            </TextLine>
            <TextLine id="r1l42" custom="readingOrder {index:41;}">
                <Coords points="124,2464 1153,2445 1229,2397 123,2408"/>
                <Baseline points="133,2440 187,2440 241,2440 295,2439 350,2439 404,2439 458,2438 513,2438 567,2437 621,2437 676,2436 730,2436 784,2435 838,2435 893,2434 947,2433 1001,2433 1056,2432 1110,2432 1164,2431 1219,2430"/>
                <TextEquiv>
                    <Unicode>ngeben= auch das Wort abgegriffen und fast ver¬</Unicode>
                </TextEquiv>
            </TextLine>
            <TextLine id="r1l43" custom="readingOrder {index:42;}">
                <Coords points="123,2489 1231,2474 1210,2435 1006,2429 123,2464"/>
                <Baseline points="133,2485 187,2484 241,2484 296,2484 350,2484 405,2483 459,2483 513,2482 568,2482 622,2481 677,2481 731,2480 785,2480 840,2479 894,2479 949,2478 1003,2478 1057,2478 1112,2477 1166,2477 1221,2476"/>
                <TextEquiv>
                    <Unicode>„süßenschollen sein, das Urbild lebt in tausend und</Unicode>
                </TextEquiv>
            </TextLine>
            <TextLine id="r1l44" custom="readingOrder {index:43;}">
                <Coords points="116,2545 1234,2523 1233,2484 1165,2479 116,2489"/>
                <Baseline points="125,2527 179,2528 234,2528 289,2528 344,2528 399,2527 454,2527 509,2526 564,2526 619,2525 674,2524 728,2524 783,2523 838,2522 893,2522 948,2522 1003,2521 1058,2521 1113,2522 1168,2522 1223,2523"/>
                <TextEquiv>
                    <Unicode>kin, die abertausend anmutigen Vertreterinnen fort.</Unicode>
                </TextEquiv>
            </TextLine>
            <TextLine id="r1l45" custom="readingOrder {index:44;}">
                <Coords points="281,2585 1163,2580 1223,2561 1223,2532 281,2547"/>
                <Baseline points="291,2574 337,2573 383,2573 429,2572 475,2572 521,2571 567,2570 614,2570 660,2569 706,2569 752,2568 798,2568 844,2567 890,2567 937,2566 983,2566 1029,2565 1075,2565 1121,2564 1167,2564 1214,2564"/>
                <TextEquiv>
                    <Unicode>Jeder Wiener kennt es, und mitunter mag</Unicode>
                </TextEquiv>
            </TextLine>
            <TextLine id="r1l46" custom="readingOrder {index:45;}">
                <Coords points="112,2596 122,2596 142,2580 175,2586 239,2575 247,2582 282,2581 282,2541 267,2545 253,2535 217,2541 199,2531 187,2543 112,2546"/>
                <Baseline points="122,2571 151,2572 181,2572 211,2572 241,2572 271,2570"/>
                <TextEquiv>
                    <Unicode>mentale</Unicode>
                </TextEquiv>
            </TextLine>
            <TextLine id="r1l47" custom="readingOrder {index:46;}">
                <Coords points="294,2625 1147,2621 1229,2597 1229,2559 293,2587"/>
                <Baseline points="304,2618 349,2619 395,2619 441,2619 487,2619 533,2619 578,2618 624,2618 670,2617 716,2616 762,2615 807,2614 853,2613 899,2612 945,2611 991,2610 1036,2610 1082,2609 1128,2609 1174,2609 1220,2610"/>
                <TextEquiv>
                    <Unicode>es sich in seinem holden Reize auch dem</Unicode>
                </TextEquiv>
            </TextLine>
            <TextLine id="r1l48" custom="readingOrder {index:47;}">
                <Coords points="118,2623 153,2625 165,2633 185,2629 207,2633 221,2620 227,2626 254,2622 282,2628 282,2584 264,2580 252,2584 231,2576 177,2586 167,2580 136,2580 128,2588 118,2588"/>
                <Baseline points="128,2617 156,2618 185,2618 213,2618 242,2617 271,2618"/>
                <TextEquiv>
                    <Unicode>Berlin,</Unicode>
                </TextEquiv>
            </TextLine>
            <TextLine id="r1l49" custom="readingOrder {index:48;}">
                <Coords points="290,2671 1154,2668 1234,2657 1234,2613 290,2625"/>
                <Baseline points="301,2663 347,2662 393,2662 439,2662 485,2662 531,2661 577,2661 624,2660 670,2660 716,2659 762,2659 808,2658 854,2657 900,2657 947,2656 993,2655 1039,2654 1085,2652 1131,2651 1177,2649 1224,2648"/>
                <TextEquiv>
                    <Unicode>Fremden offenbaren, wenn er ein Sonntags¬</Unicode>
                </TextEquiv>
            </TextLine>
            <TextLine id="r1l50" custom="readingOrder {index:49;}">
                <Coords points="123,2685 133,2685 143,2675 159,2685 176,2674 212,2684 226,2674 240,2684 248,2678 268,2690 289,2690 288,2630 236,2622 222,2632 214,2628 202,2634 190,2628 163,2632 151,2624 123,2624"/>
                <Baseline points="134,2659 162,2662 191,2662 220,2661 249,2660 278,2661"/>
                <TextEquiv>
                    <Unicode>tine ist</Unicode>
                </TextEquiv>
            </TextLine>
            <TextLine id="r1l51" custom="readingOrder {index:50;}">
                <Coords points="283,2704 1231,2704 1230,2660 1178,2657 282,2667"/>
                <Baseline points="293,2706 339,2707 385,2707 432,2708 478,2708 524,2708 571,2707 617,2707 663,2706 710,2705 756,2704 802,2704 849,2703 895,2701 941,2701 988,2700 1034,2699 1080,2698 1127,2697 1173,2696 1220,2696"/>
                <TextEquiv>
                    <Unicode>kind ist. Nur darf er das süße Mädel nicht</Unicode>
                </TextEquiv>
            </TextLine>
            <TextLine id="r1l52" custom="readingOrder {index:51;}">
                <Coords points="109,2765 771,2746 934,2773 1239,2727 108,2693"/>
                <Baseline points="119,2749 174,2750 229,2751 285,2752 340,2752 396,2752 451,2752 507,2752 562,2751 618,2751 673,2750 728,2749 784,2748 839,2747 895,2747 950,2746 1006,2746 1061,2745 1117,2745 1172,2745 1228,2745"/>
                <TextEquiv>
                    <Unicode>Mädels, suchen wollen, genau so wenig, wie man vier¬</Unicode>
                </TextEquiv>
            </TextLine>
            <TextLine id="r1l53" custom="readingOrder {index:52;}">
                <Coords points="114,2810 829,2807 871,2784 871,2756 114,2763"/>
                <Baseline points="125,2794 161,2794 198,2795 235,2795 272,2795 309,2795 345,2795 382,2795 419,2795 456,2795 493,2794 529,2794 566,2793 603,2793 640,2792 677,2792 713,2792 750,2791 787,2791 824,2790 861,2790"/>
                <TextEquiv>
                    <Unicode>iterat blättrigen Klee suchen darf.</Unicode>
                </TextEquiv>
            </TextLine>
            <TextLine id="r1l54" custom="readingOrder {index:53;}">
                <Coords points="1139,2862 1157,2862 1161,2867 1172,2858 1189,2858 1195,2859 1203,2871 1230,2870 1244,2771 1230,2767 1224,2770 1188,2750 1155,2748"/>
                <Baseline points="1153,2836 1188,2840 1223,2846"/>
                <TextEquiv>
                    <Unicode></Unicode>
                </TextEquiv>
            </TextLine>
            <TextEquiv>
                <Unicode>box 39/1
Soth Birthdar
e nach=heraustrat und volkstümlich wurde, seinen“
ein Ge= Charakter sehr verändert. Das Wiener süße
er, der Mädel wurde das hübsche unbedenkliche Ma¬
er nach
del der Großstadt schlechtweg, der Ausdruck
wurde so verallgemeinert, daß die feinen
ffassung
aber sehr bestimmten Linien des Schnitzler¬
ont von
kenburg
schen Typus verloren gingen. Und wenn die
Dichter der bekannten Operette „Das süße

tschaft“ Mädel“
im besten Librettistendeutsch ver¬
etwas
sicherten:
eswegs
„Das ist das süße Mädel,
rstoßen¬
So wie es akkurat
heißt
In seiner besten Laune
Der Herrgott g’schaffen hat",
zzi oder
so verschlug es nichts mehr, daß dieses süße
tönigen
Freuden; Mädel zufällig den Beruf einer — Masseuse
ausübte. Das süße Mädel war ein Mode¬
rgessen,
wort geworden, das heute in Wien längst
anzu¬
außer Gebrauch gekommen ist. Man kennt es
drein,
noch als Firma eines nächtlichen Weinlokals;
ikus in
ebevoll= um vom süßen Mädel in seiner einstigen Be¬
snahme deutung reden zu hören, wird man weit in
in der die Provinz reisen müssen. Aber mag heute
ngeben= auch das Wort abgegriffen und fast ver¬
„süßenschollen sein, das Urbild lebt in tausend und
kin, die abertausend anmutigen Vertreterinnen fort.
Jeder Wiener kennt es, und mitunter mag
mentale
es sich in seinem holden Reize auch dem
Berlin,
Fremden offenbaren, wenn er ein Sonntags¬
tine ist
kind ist. Nur darf er das süße Mädel nicht
Mädels, suchen wollen, genau so wenig, wie man vier¬
iterat blättrigen Klee suchen darf.
</Unicode>
            </TextEquiv>
        </TextRegion>
        <TextRegion orientation="0.0" id="r2" custom="readingOrder {index:1;}">
            <Coords points="1561,1219 1561,3521 3290,3521 3290,1219"/>
            <TextLine id="r2l1" custom="readingOrder {index:0;}">
                <Coords points="1616,1250 2310,1253 2311,1198 2247,1217 2087,1197 1615,1230"/>
                <Baseline points="1625,1247 1658,1247 1692,1247 1726,1246 1760,1246 1794,1245 1827,1245 1861,1244 1895,1243 1929,1243 1963,1242 1996,1241 2030,1241 2064,1240 2098,1240 2131,1239 2165,1239 2199,1239 2233,1239 2267,1240 2301,1240"/>
                <TextEquiv>
                    <Unicode> , eul Praneisco, Stochne.</Unicode>
                </TextEquiv>
            </TextLine>
            <TextLine id="r2l2" custom="readingOrder {index:1;}">
                <Coords points="1906,1293 1977,1279 2021,1297 2090,1279 2171,1282 2197,1302 2221,1277 2274,1290 2334,1277 2334,1257 2285,1245 1906,1250"/>
                <Baseline points="1917,1280 1942,1280 1967,1279 1993,1279 2018,1278 2043,1278 2069,1278 2094,1277 2120,1276 2145,1276 2170,1275 2196,1275 2221,1275 2246,1274 2272,1274 2297,1273 2323,1273"/>
                <TextEquiv>
                    <Unicode>(Quollenangabe chae Gewähr).</Unicode>
                </TextEquiv>
            </TextLine>
            <TextLine id="r2l3" custom="readingOrder {index:2;}">
                <Coords points="1552,1361 2018,1380 2464,1337 2597,1365 2730,1349 2729,1287 1551,1302"/>
                <Baseline points="1561,1350 1618,1352 1676,1354 1734,1355 1792,1355 1850,1355 1908,1355 1966,1354 2024,1354 2082,1352 2140,1351 2197,1350 2255,1348 2313,1347 2371,1345 2429,1344 2487,1342 2545,1341 2603,1340 2661,1340 2719,1339"/>
                <TextEquiv>
                    <Unicode> adewcheflontanderhazg</Unicode>
                </TextEquiv>
            </TextLine>
            <TextLine id="r2l4" custom="readingOrder {index:3;}">
                <Coords points="1573,1486 1859,1509 2046,1500 2220,1448 2418,1463 2417,1403 2369,1416 2307,1367 2263,1395 2182,1371 1958,1437 1900,1392 1804,1423 1759,1400 1572,1417"/>
                <Baseline points="1583,1445 1624,1455 1665,1463 1706,1469 1747,1472 1789,1475 1830,1476 1871,1476 1912,1475 1953,1473 1995,1470 2036,1467 2077,1463 2118,1460 2159,1456 2201,1453 2242,1450 2283,1448 2324,1447 2365,1447 2407,1448"/>
                <TextEquiv>
                    <Unicode>  W</Unicode>
                </TextEquiv>
            </TextLine>
            <TextLine id="r2l5" custom="readingOrder {index:4;}">
                <Coords points="2843,1576 2873,1594 2892,1578 2912,1592 2938,1576 3007,1588 3113,1577 3150,1593 3218,1575 3285,1588 3285,1532 3075,1539 3047,1527 2960,1541 2899,1519 2843,1530"/>
                <Baseline points="2853,1576 2879,1576 2905,1576 2931,1576 2958,1576 2984,1576 3010,1576 3037,1576 3063,1576 3089,1576 3116,1576 3142,1576 3168,1575 3195,1575 3221,1575 3247,1574 3274,1574"/>
                <TextEquiv>
                    <Unicode>sich da („Heimliche Lie</Unicode>
                </TextEquiv>
            </TextLine>
            <TextLine id="r2l6" custom="readingOrder {index:5;}">
                <Coords points="1732,1621 3229,1633 3279,1575 1731,1570"/>
                <Baseline points="1741,1627 1817,1628 1893,1629 1970,1629 2046,1629 2122,1629 2199,1629 2275,1628 2351,1627 2428,1627 2504,1626 2580,1625 2657,1624 2733,1623 2809,1623 2886,1622 2962,1622 3038,1621 3115,1621 3191,1621 3268,1622"/>
                <TextEquiv>
                    <Unicode>Von Girardi und Schnitzler, imn italienischen Kriege</Unicode>
                </TextEquiv>
            </TextLine>
            <TextLine id="r2l7" custom="readingOrder {index:6;}">
                <Coords points="2910,1670 3025,1679 3091,1664 3136,1670 3154,1658 3184,1676 3228,1657 3281,1665 3280,1622 3228,1633 3196,1619 3137,1632 3107,1624 3097,1634 3079,1622 3024,1633 2909,1622"/>
                <Baseline points="2919,1661 2944,1663 2969,1664 2994,1665 3019,1666 3044,1666 3069,1665 3095,1665 3120,1664 3145,1664 3170,1663 3195,1662 3220,1661 3245,1661 3271,1660"/>
                <TextEquiv>
                    <Unicode>mbour ein W#</Unicode>
                </TextEquiv>
            </TextLine>
            <TextLine id="r2l8" custom="readingOrder {index:7;}">
                <Coords points="1722,1696 3277,1711 3265,1664 2769,1631 1722,1670"/>
                <Baseline points="1732,1699 1808,1699 1885,1700 1962,1700 2039,1700 2115,1700 2192,1699 2269,1699 2346,1698 2422,1698 2499,1697 2576,1697 2653,1697 2729,1698 2806,1698 2883,1699 2960,1700 3036,1702 3113,1704 3190,1707 3267,1710"/>
                <TextEquiv>
                    <Unicode>In dem Alegandria eines der Piolemier gab es einen Bild= Hhaupimann nachgeschlif</Unicode>
                </TextEquiv>
            </TextLine>
            <TextLine id="r2l9" custom="readingOrder {index:8;}">
                <Coords points="1655,1758 3287,1749 3078,1702 1655,1706"/>
                <Baseline points="1665,1743 1745,1744 1826,1744 1906,1744 1987,1744 2068,1744 2148,1744 2229,1744 2310,1744 2390,1744 2471,1744 2552,1744 2632,1744 2713,1744 2794,1744 2874,1745 2955,1746 3036,1747 3116,1748 3197,1750 3278,1751"/>
                <TextEquiv>
                    <Unicode>hauer, der bei einem Künstlerwettstreit, irgendeiner Laune fol- den Tatbestand aufkläl</Unicode>
                </TextEquiv>
            </TextLine>
            <TextLine id="r2l10" custom="readingOrder {index:9;}">
                <Coords points="1654,1784 2843,1790 2842,1747 2772,1744 1654,1758"/>
                <Baseline points="1665,1789 1723,1789 1781,1789 1840,1789 1898,1789 1956,1789 2015,1788 2073,1788 2131,1788 2190,1788 2248,1787 2306,1787 2365,1787 2423,1786 2481,1786 2540,1785 2598,1785 2656,1784 2715,1784 2773,1783 2832,1783"/>
                <TextEquiv>
                    <Unicode>gend, seine Skulpturen aus Straßenkot und tierischen Abfällen</Unicode>
                </TextEquiv>
            </TextLine>
            <TextLine id="r2l11" custom="readingOrder {index:10;}">
                <Coords points="2860,1803 3167,1796 3230,1806 3266,1796 3266,1753 3219,1763 3080,1752 3054,1774 3032,1758 2963,1760 2937,1744 2917,1760 2860,1761"/>
                <Baseline points="2870,1791 2895,1792 2921,1792 2947,1793 2972,1793 2998,1794 3024,1794 3050,1794 3075,1794 3101,1793 3127,1793 3153,1792 3178,1792 3204,1792 3230,1791 3256,1790"/>
                <TextEquiv>
                    <Unicode>allein im Zimmer si</Unicode>
                </TextEquiv>
            </TextLine>
            <TextLine id="r2l12" custom="readingOrder {index:11;}">
                <Coords points="1668,1835 2814,1842 2836,1792 1668,1800"/>
                <Baseline points="1678,1830 1735,1830 1792,1830 1850,1831 1907,1831 1965,1831 2022,1831 2080,1831 2137,1832 2195,1832 2252,1832 2309,1832 2367,1831 2424,1831 2482,1831 2539,1830 2597,1830 2654,1829 2712,1828 2769,1828 2827,1827"/>
                <TextEquiv>
                    <Unicode>erschuf. Obschon nun, was einige andere gemacht hatten, nicht</Unicode>
                </TextEquiv>
            </TextLine>
            <TextLine id="r2l13" custom="readingOrder {index:12;}">
                <Coords points="2865,1846 3016,1846 3042,1834 3058,1846 3135,1836 3175,1850 3288,1842 3288,1804 3256,1796 3230,1806 3145,1798 3123,1810 3062,1796 2865,1804"/>
                <Baseline points="2874,1836 2899,1836 2924,1836 2949,1837 2975,1837 3000,1837 3025,1837 3050,1837 3076,1838 3101,1838 3126,1837 3151,1837 3177,1837 3202,1837 3227,1836 3252,1836 3278,1836"/>
                <TextEquiv>
                    <Unicode>recht mit der Sprache</Unicode>
                </TextEquiv>
            </TextLine>
            <TextLine id="r2l14" custom="readingOrder {index:13;}">
                <Coords points="1663,1876 2848,1888 2848,1839 2749,1830 1663,1842"/>
                <Baseline points="1673,1873 1731,1874 1789,1875 1847,1876 1906,1876 1964,1876 2022,1876 2080,1876 2139,1876 2197,1875 2255,1875 2313,1874 2372,1874 2430,1873 2488,1873 2546,1872 2605,1872 2663,1872 2721,1872 2779,1872 2838,1872"/>
                <TextEquiv>
                    <Unicode>schlechter schien, zog der Pharao die Arbeit dieses Mannes den</Unicode>
                </TextEquiv>
            </TextLine>
            <TextLine id="r2l15" custom="readingOrder {index:14;}">
                <Coords points="2853,1887 3029,1883 3092,1899 3166,1881 3196,1895 3285,1887 3285,1845 3271,1841 3249,1853 3168,1843 3136,1857 3098,1839 3061,1849 3045,1833 2985,1849 2958,1837 2853,1845"/>
                <Baseline points="2864,1877 2889,1879 2915,1879 2941,1880 2967,1881 2992,1881 3018,1881 3044,1881 3070,1881 3095,1881 3121,1881 3147,1880 3173,1880 3198,1880 3224,1879 3250,1879 3276,1878"/>
                <TextEquiv>
                    <Unicode>eigenen Brust verzwei</Unicode>
                </TextEquiv>
            </TextLine>
            <TextLine id="r2l16" custom="readingOrder {index:15;}">
                <Coords points="1665,1916 2848,1920 2831,1876 1665,1880"/>
                <Baseline points="1676,1916 1734,1917 1792,1917 1850,1918 1908,1918 1966,1919 2024,1919 2082,1919 2140,1919 2198,1920 2257,1920 2315,1920 2373,1920 2431,1919 2489,1919 2547,1918 2605,1918 2663,1917 2721,1916 2779,1914 2838,1913"/>
                <TextEquiv>
                    <Unicode>Werken seiner Freunde vor, „denn,“ sagte er, „einer wie großen</Unicode>
                </TextEquiv>
            </TextLine>
            <TextLine id="r2l17" custom="readingOrder {index:16;}">
                <Coords points="2851,1930 2976,1930 3000,1947 3051,1926 3079,1939 3200,1926 3285,1937 3285,1888 3198,1896 3182,1882 3156,1894 3123,1882 3093,1898 3026,1884 3004,1904 2986,1886 2851,1886"/>
                <Baseline points="2861,1923 2886,1924 2912,1925 2938,1926 2964,1926 2990,1927 3015,1927 3041,1928 3067,1928 3093,1928 3119,1927 3144,1927 3170,1927 3196,1926 3222,1925 3248,1924 3274,1922"/>
                <TextEquiv>
                    <Unicode>sollen: „Der Kerl dor</Unicode>
                </TextEquiv>
            </TextLine>
            <TextLine id="r2l18" custom="readingOrder {index:17;}">
                <Coords points="1662,1963 3288,1987 3248,1924 1662,1919"/>
                <Baseline points="1671,1960 1751,1961 1831,1962 1911,1962 1992,1963 2072,1963 2152,1963 2233,1963 2313,1963 2393,1963 2474,1963 2554,1963 2634,1963 2714,1963 2795,1963 2875,1963 2955,1964 3036,1964 3116,1965 3196,1966 3277,1968"/>
                <TextEquiv>
                    <Unicode>Kunst bedurfte es hier, uns vergessen zu machen, daß diese Fi¬ Das — niemand wird</Unicode>
                </TextEquiv>
            </TextLine>
            <TextLine id="r2l19" custom="readingOrder {index:18;}">
                <Coords points="1658,2017 2832,2020 2844,1961 1658,1965"/>
                <Baseline points="1667,2005 1725,2006 1783,2006 1842,2007 1900,2007 1958,2007 2017,2007 2075,2007 2133,2007 2192,2006 2250,2006 2308,2006 2367,2005 2425,2005 2483,2005 2542,2005 2600,2004 2658,2004 2717,2004 2775,2004 2834,2004"/>
                <TextEquiv>
                    <Unicode>guren im Grunde nicht wohlriechen!“ Diese Geschichte ist sich</Unicode>
                </TextEquiv>
            </TextLine>
            <TextLine id="r2l20" custom="readingOrder {index:19;}">
                <Coords points="2850,2025 2987,2020 3014,2006 3074,2032 3094,2014 3274,2014 3274,1977 3250,1969 2850,1974"/>
                <Baseline points="2860,2009 2885,2009 2910,2009 2935,2009 2961,2009 2986,2010 3011,2010 3036,2010 3062,2010 3087,2010 3112,2010 3137,2010 3163,2010 3188,2009 3213,2009 3238,2008 3264,2006"/>
                <TextEquiv>
                    <Unicode>ist eine Schweinerei.</Unicode>
                </TextEquiv>
            </TextLine>
            <TextLine id="r2l21" custom="readingOrder {index:20;}">
                <Coords points="1665,2058 2734,2067 2837,2053 2837,2016 1665,2028"/>
                <Baseline points="1675,2049 1732,2050 1790,2050 1847,2051 1905,2051 1963,2051 2020,2052 2078,2052 2136,2052 2193,2052 2251,2051 2309,2051 2366,2051 2424,2050 2482,2050 2539,2049 2597,2049 2655,2048 2712,2047 2770,2047 2828,2046"/>
                <TextEquiv>
                    <Unicode>selbst genug, aber sie kann auch auf Alexander Girardi an¬</Unicode>
                </TextEquiv>
            </TextLine>
            <TextLine id="r2l22" custom="readingOrder {index:21;}">
                <Coords points="2861,2066 2918,2054 2988,2058 3004,2074 3059,2058 3140,2070 3214,2052 3285,2067 3285,2022 3263,2014 3067,2022 3015,2004 2956,2022 2861,2020"/>
                <Baseline points="2871,2053 2896,2054 2921,2054 2946,2055 2972,2055 2997,2055 3022,2055 3047,2055 3073,2055 3098,2055 3123,2054 3148,2054 3174,2054 3199,2054 3224,2055 3249,2055 3275,2055"/>
                <TextEquiv>
                    <Unicode>es bringt! Als ob ein</Unicode>
                </TextEquiv>
            </TextLine>
            <TextLine id="r2l23" custom="readingOrder {index:22;}">
                <Coords points="1657,2107 2791,2106 2849,2102 2849,2051 1657,2074"/>
                <Baseline points="1667,2093 1725,2093 1784,2094 1842,2094 1901,2095 1960,2095 2018,2095 2077,2095 2136,2095 2194,2094 2253,2094 2312,2094 2370,2094 2429,2093 2488,2093 2546,2093 2605,2092 2664,2092 2722,2092 2781,2092 2840,2092"/>
                <TextEquiv>
                    <Unicode>gewandt werden. Und wenn Berlin so weise wäre wie jener</Unicode>
                </TextEquiv>
            </TextLine>
            <TextLine id="r2l24" custom="readingOrder {index:23;}">
                <Coords points="2853,2107 3283,2103 3283,2069 3218,2053 3164,2067 3059,2059 3012,2075 2990,2059 2917,2055 2853,2069"/>
                <Baseline points="2862,2100 2887,2098 2913,2098 2939,2097 2964,2097 2990,2097 3016,2097 3041,2097 3067,2098 3093,2098 3118,2099 3144,2099 3170,2099 3195,2098 3221,2097 3247,2097 3273,2095"/>
                <TextEquiv>
                    <Unicode>plötzlich aus der Erde</Unicode>
                </TextEquiv>
            </TextLine>
            <TextLine id="r2l25" custom="readingOrder {index:24;}">
                <Coords points="1663,2137 2845,2143 2823,2095 1663,2104"/>
                <Baseline points="1673,2133 1731,2135 1789,2136 1847,2137 1905,2137 1963,2138 2021,2138 2080,2138 2138,2138 2196,2138 2254,2137 2312,2137 2370,2137 2428,2136 2487,2136 2545,2136 2603,2135 2661,2135 2719,2135 2777,2135 2836,2136"/>
                <TextEquiv>
                    <Unicode>helleno=gegyptische König, so hätte es jetzt, anläßlich des wiener</Unicode>
                </TextEquiv>
            </TextLine>
            <TextLine id="r2l26" custom="readingOrder {index:25;}">
                <Coords points="2863,2150 2907,2160 2952,2145 3000,2157 3059,2146 3166,2159 3287,2145 3286,2103 3274,2101 3236,2114 3094,2095 3068,2109 2862,2108"/>
                <Baseline points="2873,2146 2898,2145 2923,2145 2948,2144 2974,2143 2999,2143 3024,2143 3049,2143 3075,2143 3100,2143 3125,2143 3150,2143 3176,2142 3201,2142 3226,2141 3251,2140 3277,2138"/>
                <TextEquiv>
                    <Unicode>Zote formt sich, sonder</Unicode>
                </TextEquiv>
            </TextLine>
            <TextLine id="r2l27" custom="readingOrder {index:26;}">
                <Coords points="1660,2193 2852,2188 2822,2140 1660,2147"/>
                <Baseline points="1670,2179 1728,2180 1787,2180 1845,2181 1904,2181 1963,2181 2021,2182 2080,2182 2138,2182 2197,2182 2256,2183 2314,2183 2373,2183 2431,2183 2490,2182 2549,2182 2607,2182 2666,2182 2724,2181 2783,2181 2842,2180"/>
                <TextEquiv>
                    <Unicode>Gastspiels im Lessingtheater, Grund, sich über und über zu</Unicode>
                </TextEquiv>
            </TextLine>
            <TextLine id="r2l28" custom="readingOrder {index:27;}">
                <Coords points="2860,2197 2898,2189 2983,2204 3005,2189 3021,2203 3219,2187 3296,2202 3295,2146 3283,2144 3202,2157 3115,2144 2859,2149"/>
                <Baseline points="2870,2188 2896,2187 2922,2187 2948,2186 2974,2185 3000,2185 3026,2184 3052,2184 3078,2184 3104,2184 3130,2184 3156,2183 3182,2183 3208,2183 3234,2183 3260,2183 3286,2183"/>
                <TextEquiv>
                    <Unicode>so geschaffen wie er die</Unicode>
                </TextEquiv>
            </TextLine>
            <TextLine id="r2l29" custom="readingOrder {index:28;}">
                <Coords points="1656,2222 2842,2236 2842,2189 2792,2180 1656,2191"/>
                <Baseline points="1665,2221 1723,2223 1781,2225 1840,2226 1898,2226 1957,2227 2015,2227 2073,2227 2132,2227 2190,2226 2249,2226 2307,2225 2365,2224 2424,2224 2482,2223 2541,2222 2599,2222 2657,2222 2716,2222 2774,2222 2833,2223"/>
                <TextEquiv>
                    <Unicode>verwundern: denn wieder ward, durch vollendete Kunst, die</Unicode>
                </TextEquiv>
            </TextLine>
            <TextLine id="r2l30" custom="readingOrder {index:29;}">
                <Coords points="2859,2234 2930,2227 2995,2247 3083,2218 3103,2238 3144,2244 3168,2227 3200,2247 3224,2233 3259,2243 3281,2237 3281,2190 3148,2203 3022,2202 3006,2190 2984,2203 2905,2201 2893,2189 2859,2198"/>
                <Baseline points="2869,2229 2894,2230 2919,2230 2944,2230 2969,2230 2994,2230 3019,2229 3044,2228 3069,2228 3094,2228 3119,2227 3144,2227 3169,2227 3194,2227 3219,2227 3244,2228 3270,2229"/>
                <TextEquiv>
                    <Unicode>ihn auch dorum; ihn,</Unicode>
                </TextEquiv>
            </TextLine>
            <TextLine id="r2l31" custom="readingOrder {index:30;}">
                <Coords points="1663,2277 1718,2293 1774,2267 1964,2287 2028,2269 2341,2271 2341,2249 2250,2229 2050,2229 2022,2249 1945,2231 1663,2237"/>
                <Baseline points="1673,2269 1705,2269 1738,2269 1771,2270 1804,2270 1837,2270 1870,2270 1903,2270 1936,2270 1969,2270 2002,2270 2034,2269 2067,2269 2100,2269 2133,2269 2166,2269 2199,2269 2232,2269 2265,2270 2298,2270 2331,2270"/>
                <TextEquiv>
                    <Unicode>Nase einer ganzen Stadt betrogen.</Unicode>
                </TextEquiv>
            </TextLine>
            <TextLine id="r2l32" custom="readingOrder {index:31;}">
                <Coords points="2859,2277 2925,2293 2974,2274 3065,2290 3083,2278 3200,2287 3284,2275 3284,2254 3244,2239 3204,2249 3177,2227 3143,2243 3082,2217 2998,2250 2929,2226 2917,2238 2858,2233"/>
                <Baseline points="2869,2271 2894,2273 2919,2275 2944,2276 2970,2277 2995,2277 3020,2277 3046,2277 3071,2276 3096,2276 3122,2275 3147,2274 3172,2274 3198,2273 3223,2273 3248,2273 3274,2273"/>
                <TextEquiv>
                    <Unicode>Eiche. Also' Religion.</Unicode>
                </TextEquiv>
            </TextLine>
            <TextLine id="r2l33" custom="readingOrder {index:32;}">
                <Coords points="1734,2319 2844,2322 2843,2277 2666,2256 2511,2293 2446,2262 1734,2287"/>
                <Baseline points="1743,2311 1797,2311 1852,2312 1906,2312 1961,2312 2015,2313 2070,2313 2124,2313 2179,2313 2233,2313 2288,2313 2343,2313 2397,2313 2452,2312 2506,2312 2561,2311 2615,2311 2670,2310 2724,2309 2779,2308 2834,2307"/>
                <TextEquiv>
                    <Unicode>So wahr ihr, wenn ihr eine Gestalt von Shakespeare</Unicode>
                </TextEquiv>
            </TextLine>
            <TextLine id="r2l34" custom="readingOrder {index:33;}">
                <Coords points="2862,2332 2971,2319 3032,2321 3060,2341 3092,2321 3114,2333 3195,2323 3217,2337 3241,2321 3292,2325 3292,2272 3195,2289 3138,2277 3009,2289 2973,2275 2925,2293 2862,2279"/>
                <Baseline points="2873,2315 2898,2316 2924,2316 2949,2316 2975,2316 3000,2317 3026,2317 3051,2317 3077,2317 3103,2317 3128,2317 3154,2316 3179,2316 3205,2316 3230,2315 3256,2315 3282,2314"/>
                <TextEquiv>
                    <Unicode>den Gürtel treffen sollt</Unicode>
                </TextEquiv>
            </TextLine>
            <TextLine id="r2l35" custom="readingOrder {index:34;}">
                <Coords points="1655,2364 2755,2372 2847,2353 2847,2321 1655,2322"/>
                <Baseline points="1665,2359 1723,2358 1782,2358 1840,2358 1899,2358 1958,2358 2016,2358 2075,2358 2134,2358 2192,2358 2251,2358 2310,2358 2368,2358 2427,2357 2486,2357 2544,2356 2603,2355 2662,2353 2720,2352 2779,2350 2838,2348"/>
                <TextEquiv>
                    <Unicode>oder Ibsen anbrecht, die Milch eines reinsten karrari¬</Unicode>
                </TextEquiv>
            </TextLine>
            <TextLine id="r2l36" custom="readingOrder {index:35;}">
                <Coords points="2898,2365 2940,2376 2981,2368 2999,2380 3063,2361 3092,2381 3134,2364 3253,2373 3295,2360 3295,2324 3242,2321 3218,2337 3184,2321 3134,2332 3075,2318 3063,2329 2934,2320 2897,2330"/>
                <Baseline points="2907,2360 2932,2361 2957,2361 2982,2361 3007,2361 3033,2361 3058,2361 3083,2361 3108,2360 3133,2360 3159,2359 3184,2359 3209,2358 3234,2358 3259,2358 3285,2357"/>
                <TextEquiv>
                    <Unicode>Höchste Humanität</Unicode>
                </TextEquiv>
            </TextLine>
            <TextLine id="r2l37" custom="readingOrder {index:36;}">
                <Coords points="1653,2404 2848,2400 2807,2356 1653,2362"/>
                <Baseline points="1663,2403 1721,2402 1780,2402 1839,2402 1898,2402 1956,2402 2015,2402 2074,2402 2133,2402 2191,2401 2250,2401 2309,2401 2368,2401 2426,2401 2485,2401 2544,2401 2603,2400 2661,2400 2720,2399 2779,2399 2838,2398"/>
                <TextEquiv>
                    <Unicode>schen Steines finden werdet, so wahr werdet ihr, die</Unicode>
                </TextEquiv>
            </TextLine>
            <TextLine id="r2l38" custom="readingOrder {index:37;}">
                <Coords points="2863,2411 3150,2419 3281,2408 3281,2364 3238,2380 3216,2366 3190,2376 3109,2366 3091,2383 3065,2362 2998,2379 2863,2355"/>
                <Baseline points="2873,2405 2899,2405 2926,2406 2952,2406 2979,2406 3005,2406 3032,2406 3058,2406 3085,2406 3111,2406 3138,2406 3164,2406 3191,2406 3217,2405 3244,2404 3271,2403"/>
                <TextEquiv>
                    <Unicode>talität, daß sich ein</Unicode>
                </TextEquiv>
            </TextLine>
            <TextLine id="r2l39" custom="readingOrder {index:38;}">
                <Coords points="1660,2452 2622,2469 2846,2440 2846,2403 2785,2398 2561,2427 1660,2402"/>
                <Baseline points="1669,2451 1727,2450 1785,2448 1844,2447 1902,2447 1960,2446 2019,2446 2077,2445 2135,2445 2194,2445 2252,2445 2310,2445 2369,2445 2427,2445 2485,2445 2544,2445 2602,2444 2660,2444 2719,2443 2777,2442 2836,2440"/>
                <TextEquiv>
                    <Unicode>Figuren eines wiener Libretto anmeißelnd, einem Mix¬</Unicode>
                </TextEquiv>
            </TextLine>
            <TextLine id="r2l40" custom="readingOrder {index:39;}">
                <Coords points="2858,2457 2939,2464 2959,2449 3050,2464 3102,2451 3175,2464 3253,2447 3284,2458 3283,2408 2857,2412"/>
                <Baseline points="2868,2451 2893,2451 2918,2451 2944,2451 2969,2451 2994,2450 3020,2450 3045,2450 3071,2449 3096,2449 3121,2448 3147,2448 3172,2447 3197,2447 3223,2446 3248,2446 3274,2446"/>
                <TextEquiv>
                    <Unicode>hält, macht Girardi</Unicode>
                </TextEquiv>
            </TextLine>
            <TextLine id="r2l41" custom="readingOrder {index:40;}">
                <Coords points="1655,2501 2746,2506 2849,2489 2849,2453 1655,2463"/>
                <Baseline points="1665,2493 1723,2493 1782,2492 1841,2492 1899,2492 1958,2492 2017,2491 2075,2491 2134,2491 2193,2490 2252,2490 2310,2490 2369,2490 2428,2489 2486,2489 2545,2489 2604,2488 2662,2488 2721,2488 2780,2487 2839,2487"/>
                <TextEquiv>
                    <Unicode>tum von Puder, Schmalz und Dreck begequen. Eng und</Unicode>
                </TextEquiv>
            </TextLine>
            <TextLine id="r2l42" custom="readingOrder {index:41;}">
                <Coords points="2859,2501 2924,2509 2964,2497 2984,2509 3009,2492 3029,2508 3087,2510 3107,2496 3255,2505 3297,2485 3297,2458 3254,2446 3180,2463 3099,2449 3049,2464 2958,2448 2930,2465 2859,2457"/>
                <Baseline points="2870,2494 2896,2494 2922,2493 2948,2493 2974,2493 3000,2493 3026,2493 3052,2493 3078,2494 3104,2494 3130,2494 3156,2494 3182,2493 3208,2493 3234,2492 3260,2490 3286,2488"/>
                <TextEquiv>
                    <Unicode>Mensch und Tier über</Unicode>
                </TextEquiv>
            </TextLine>
            <TextLine id="r2l43" custom="readingOrder {index:42;}">
                <Coords points="1667,2544 2792,2546 2845,2534 2845,2490 1666,2497"/>
                <Baseline points="1676,2538 1733,2537 1791,2537 1849,2536 1907,2536 1965,2536 2023,2535 2081,2535 2139,2535 2197,2534 2255,2534 2312,2534 2370,2533 2428,2533 2486,2533 2544,2532 2602,2532 2660,2531 2718,2531 2776,2530 2834,2530"/>
                <TextEquiv>
                    <Unicode>stinkend wie der Bauch eines Patchoulifläschchens ist dank</Unicode>
                </TextEquiv>
            </TextLine>
            <TextLine id="r2l44" custom="readingOrder {index:43;}">
                <Coords points="2854,2553 2937,2536 2963,2554 3058,2542 3074,2554 3092,2536 3113,2554 3203,2536 3292,2549 3291,2487 3255,2505 2854,2498"/>
                <Baseline points="2864,2538 2890,2539 2916,2540 2942,2541 2968,2541 2994,2541 3020,2541 3046,2540 3073,2540 3099,2539 3125,2539 3151,2538 3177,2537 3203,2537 3229,2536 3255,2535 3282,2534"/>
                <TextEquiv>
                    <Unicode>vor Jahren seine beri</Unicode>
                </TextEquiv>
            </TextLine>
            <TextLine id="r2l45" custom="readingOrder {index:44;}">
                <Coords points="1654,2585 2804,2590 2852,2584 2852,2533 1653,2537"/>
                <Baseline points="1664,2584 1722,2582 1781,2580 1840,2579 1899,2578 1958,2578 2017,2577 2075,2577 2134,2577 2193,2577 2252,2577 2311,2577 2370,2577 2429,2577 2487,2577 2546,2577 2605,2577 2664,2577 2723,2576 2782,2575 2841,2573"/>
                <TextEquiv>
                    <Unicode>den Bemühungen der Operette die Welt schon geworden und</Unicode>
                </TextEquiv>
            </TextLine>
            <TextLine id="r2l46" custom="readingOrder {index:45;}">
                <Coords points="2865,2595 3092,2585 3115,2597 3149,2582 3179,2594 3203,2584 3220,2598 3292,2577 3292,2545 3203,2535 3112,2552 3092,2536 3076,2553 3058,2543 3018,2555 2864,2544"/>
                <Baseline points="2874,2582 2899,2582 2924,2582 2950,2582 2975,2582 3001,2582 3026,2582 3052,2582 3077,2582 3102,2582 3128,2582 3153,2582 3179,2581 3204,2580 3230,2579 3255,2579 3281,2577"/>
                <TextEquiv>
                    <Unicode>ähnlich ungeheure Hintl</Unicode>
                </TextEquiv>
            </TextLine>
            <TextLine id="r2l47" custom="readingOrder {index:46;}">
                <Coords points="1661,2627 2849,2630 2849,2583 1661,2591"/>
                <Baseline points="1670,2626 1728,2625 1786,2624 1845,2623 1903,2622 1962,2622 2020,2621 2078,2621 2137,2620 2195,2620 2254,2620 2312,2620 2370,2620 2429,2620 2487,2620 2546,2620 2604,2620 2662,2620 2721,2619 2779,2619 2838,2618"/>
                <TextEquiv>
                    <Unicode>allen guten Europäern ein rechtes Jammertal: wer zum Bei¬</Unicode>
                </TextEquiv>
            </TextLine>
            <TextLine id="r2l48" custom="readingOrder {index:47;}">
                <Coords points="2860,2637 2941,2618 2998,2642 3129,2628 3165,2642 3191,2624 3218,2635 3288,2623 3288,2588 2860,2593"/>
                <Baseline points="2870,2626 2895,2625 2921,2625 2946,2626 2972,2626 2997,2626 3023,2626 3048,2626 3074,2626 3099,2626 3125,2626 3150,2626 3176,2625 3201,2624 3227,2622 3252,2621 3278,2618"/>
                <TextEquiv>
                    <Unicode>als Gottesdienst, das</Unicode>
                </TextEquiv>
            </TextLine>
            <TextLine id="r2l49" custom="readingOrder {index:48;}">
                <Coords points="1653,2665 2767,2678 2845,2666 2845,2627 1653,2629"/>
                <Baseline points="1663,2672 1721,2670 1780,2669 1838,2668 1897,2667 1956,2666 2014,2666 2073,2665 2132,2665 2190,2665 2249,2665 2308,2665 2366,2665 2425,2665 2484,2665 2542,2665 2601,2664 2660,2664 2718,2663 2777,2661 2836,2660"/>
                <TextEquiv>
                    <Unicode>spiel möchte sich noch in den Armen einer Frau reuelos glück¬</Unicode>
                </TextEquiv>
            </TextLine>
            <TextLine id="r2l50" custom="readingOrder {index:49;}">
                <Coords points="2857,2670 2938,2686 2958,2674 3166,2685 3242,2673 3276,2654 3276,2626 3220,2638 3192,2624 3163,2643 3085,2627 2996,2639 2939,2618 2917,2634 2857,2640"/>
                <Baseline points="2867,2667 2892,2668 2917,2669 2942,2669 2967,2670 2992,2671 3017,2671 3042,2671 3067,2671 3092,2671 3117,2671 3142,2670 3167,2669 3192,2669 3217,2668 3242,2666 3267,2664"/>
                <TextEquiv>
                    <Unicode>Schicksalsgeheiß, dies</Unicode>
                </TextEquiv>
            </TextLine>
            <TextLine id="r2l51" custom="readingOrder {index:50;}">
                <Coords points="1665,2728 2851,2718 2851,2672 1665,2675"/>
                <Baseline points="1674,2714 1732,2713 1790,2712 1849,2711 1907,2710 1965,2710 2024,2710 2082,2709 2140,2709 2199,2709 2257,2709 2315,2709 2374,2709 2432,2709 2490,2709 2549,2708 2607,2708 2665,2707 2724,2706 2782,2704 2841,2703"/>
                <TextEquiv>
                    <Unicode>lich fühlen, solange es ein Couplet gibt „dja, ßo a Weiberl is</Unicode>
                </TextEquiv>
            </TextLine>
            <TextLine id="r2l52" custom="readingOrder {index:51;}">
                <Coords points="2864,2719 2919,2729 2945,2716 2965,2732 3068,2713 3090,2731 3154,2714 3284,2721 3283,2679 3245,2671 3158,2684 3096,2675 3084,2687 3061,2675 3047,2687 2966,2674 2930,2686 2864,2673"/>
                <Baseline points="2874,2714 2899,2714 2924,2714 2949,2715 2974,2715 2999,2715 3024,2715 3049,2715 3074,2715 3099,2715 3124,2715 3149,2714 3174,2713 3199,2712 3224,2712 3249,2710 3274,2709"/>
                <TextEquiv>
                    <Unicode>des Lebens und nicht</Unicode>
                </TextEquiv>
            </TextLine>
            <TextLine id="r2l53" custom="readingOrder {index:52;}">
                <Coords points="1656,2763 2769,2767 2846,2756 2846,2714 1655,2736"/>
                <Baseline points="1666,2758 1724,2758 1782,2757 1841,2756 1899,2756 1958,2755 2016,2755 2075,2754 2133,2754 2192,2754 2250,2753 2308,2753 2367,2753 2425,2752 2484,2752 2542,2752 2601,2751 2659,2751 2718,2750 2776,2750 2835,2749"/>
                <TextEquiv>
                    <Unicode>a Freid, Djössas na!“ oder wer sich am Verkehr mit der Archi¬</Unicode>
                </TextEquiv>
            </TextLine>
            <TextLine id="r2l54" custom="readingOrder {index:53;}">
                <Coords points="2855,2761 3146,2772 3172,2751 3186,2763 3293,2766 3292,2723 3248,2716 3137,2716 3081,2739 3058,2719 2966,2733 2947,2719 2855,2724"/>
                <Baseline points="2865,2759 2891,2759 2917,2760 2943,2759 2969,2759 2995,2759 3021,2758 3047,2758 3073,2758 3099,2757 3125,2756 3151,2756 3177,2755 3203,2754 3229,2754 3255,2754 3282,2753"/>
                <TextEquiv>
                    <Unicode>Leute, was euch Trän</Unicode>
                </TextEquiv>
            </TextLine>
            <TextLine id="r2l55" custom="readingOrder {index:54;}">
                <Coords points="1661,2800 2782,2812 2853,2798 2853,2753 1660,2771"/>
                <Baseline points="1670,2802 1728,2801 1787,2801 1845,2800 1904,2800 1963,2800 2021,2799 2080,2799 2138,2798 2197,2798 2256,2798 2314,2797 2373,2797 2431,2797 2490,2796 2549,2796 2607,2795 2666,2795 2724,2795 2783,2794 2842,2794"/>
                <TextEquiv>
                    <Unicode>tektur ergötzen, solange das Wahrzeichen Wiens in den Straßen</Unicode>
                </TextEquiv>
            </TextLine>
            <TextLine id="r2l56" custom="readingOrder {index:55;}">
                <Coords points="2868,2809 2910,2817 3011,2802 3068,2820 3090,2806 3108,2818 3184,2799 3245,2813 3295,2805 3295,2768 3253,2758 3192,2767 3172,2751 3148,2771 2868,2763"/>
                <Baseline points="2878,2803 2903,2802 2929,2802 2954,2802 2980,2802 3005,2803 3031,2803 3056,2803 3082,2803 3107,2803 3133,2803 3158,2803 3184,2802 3209,2802 3235,2800 3260,2799 3286,2798"/>
                <TextEquiv>
                    <Unicode>sizierung speziell wien</Unicode>
                </TextEquiv>
            </TextLine>
            <TextLine id="r2l57" custom="readingOrder {index:56;}">
                <Coords points="1662,2849 2842,2852 2842,2801 1661,2803"/>
                <Baseline points="1672,2846 1730,2845 1788,2845 1846,2844 1904,2843 1962,2843 2020,2842 2078,2842 2136,2842 2194,2842 2252,2841 2310,2841 2368,2841 2426,2841 2484,2841 2542,2841 2600,2841 2658,2840 2716,2840 2774,2840 2832,2839"/>
                <TextEquiv>
                    <Unicode>mit den Worten angesprochen werden darf „Eiserner, eiserner</Unicode>
                </TextEquiv>
            </TextLine>
            <TextLine id="r2l58" custom="readingOrder {index:57;}">
                <Coords points="2861,2855 2968,2861 2986,2847 3021,2858 3071,2847 3162,2870 3180,2851 3217,2859 3232,2844 3291,2845 3290,2803 3278,2801 3036,2818 3010,2802 2982,2815 2861,2813"/>
                <Baseline points="2871,2851 2896,2849 2922,2849 2947,2848 2973,2848 2999,2848 3024,2848 3050,2848 3076,2847 3101,2847 3127,2847 3152,2847 3178,2846 3204,2845 3229,2843 3255,2842 3281,2839"/>
                <TextEquiv>
                    <Unicode>Jenes Zwiegespräch mi</Unicode>
                </TextEquiv>
            </TextLine>
            <TextLine id="r2l59" custom="readingOrder {index:58;}">
                <Coords points="1655,2888 2380,2911 2845,2881 2807,2845 1655,2848"/>
                <Baseline points="1666,2888 1724,2889 1783,2889 1841,2889 1900,2889 1958,2889 2017,2889 2075,2888 2134,2888 2192,2887 2251,2887 2309,2886 2368,2885 2426,2885 2485,2884 2543,2884 2602,2883 2660,2882 2719,2882 2777,2881 2836,2881"/>
                <TextEquiv>
                    <Unicode>Rathausmann, g'fang mit mir a Verhöltnis an!“ Schon er¬</Unicode>
                </TextEquiv>
            </TextLine>
            <TextLine id="r2l60" custom="readingOrder {index:59;}">
                <Coords points="2863,2898 2933,2903 2961,2885 2982,2905 3022,2897 3040,2907 3125,2894 3147,2878 3171,2902 3224,2903 3252,2889 3252,2847 3143,2860 3074,2848 3020,2858 2993,2846 2969,2859 2862,2855"/>
                <Baseline points="2872,2890 2898,2890 2924,2890 2951,2890 2977,2891 3004,2891 3030,2891 3057,2891 3083,2890 3109,2890 3136,2890 3162,2889 3189,2889 3215,2888 3242,2887"/>
                <TextEquiv>
                    <Unicode>nicht schlechter ges</Unicode>
                </TextEquiv>
            </TextLine>
            <TextLine id="r2l61" custom="readingOrder {index:60;}">
                <Coords points="1659,2935 2730,2948 2859,2934 2859,2879 1658,2886"/>
                <Baseline points="1669,2932 1731,2932 1793,2932 1855,2932 1917,2932 1979,2931 2041,2931 2103,2930 2165,2930 2227,2929 2289,2929 2351,2928 2413,2928 2475,2928 2537,2927 2599,2928 2661,2928 2723,2928 2785,2929 2848,2930"/>
                <TextEquiv>
                    <Unicode>hebt sich, da die Welt mit Schiebern und Fiakern, Mizzi und</Unicode>
                </TextEquiv>
            </TextLine>
            <TextLine id="r2l62" custom="readingOrder {index:61;}">
                <Coords points="2863,2938 2956,2954 2972,2941 3109,2938 3121,2926 3182,2946 3220,2931 3246,2945 3287,2935 3286,2890 3272,2888 3258,2901 3242,2891 3169,2901 3153,2885 3129,2902 3087,2892 3040,2906 2982,2905 2961,2885 2933,2903 2863,2898"/>
                <Baseline points="2873,2933 2898,2934 2923,2935 2948,2935 2973,2935 2998,2935 3024,2935 3049,2935 3074,2935 3099,2934 3124,2934 3150,2934 3175,2933 3200,2933 3225,2932 3250,2931 3276,2931"/>
                <TextEquiv>
                    <Unicode>Odysseus mit dem Hu</Unicode>
                </TextEquiv>
            </TextLine>
            <TextLine id="r2l63" custom="readingOrder {index:62;}">
                <Coords points="1657,2978 2785,2989 2849,2984 2849,2940 1657,2952"/>
                <Baseline points="1668,2978 1726,2977 1785,2977 1843,2976 1902,2976 1961,2975 2019,2974 2078,2974 2136,2973 2195,2973 2254,2972 2312,2972 2371,2971 2429,2971 2488,2971 2547,2970 2605,2970 2664,2970 2722,2970 2781,2971 2840,2971"/>
                <TextEquiv>
                    <Unicode>Strizzi sich immer drohender und atemquälender bevölkert, Welt¬</Unicode>
                </TextEquiv>
            </TextLine>
            <TextLine id="r2l64" custom="readingOrder {index:63;}">
                <Coords points="2864,2988 3052,2981 3068,2992 3082,2980 3100,2996 3120,2979 3211,2989 3253,2976 3278,2988 3290,2986 3289,2931 3261,2944 3222,2931 3176,2942 3045,2932 2958,2952 2863,2940"/>
                <Baseline points="2875,2979 2900,2980 2925,2980 2950,2980 2976,2980 3001,2979 3026,2979 3052,2979 3077,2978 3102,2978 3128,2977 3153,2976 3178,2975 3204,2975 3229,2973 3254,2973 3280,2972"/>
                <TextEquiv>
                    <Unicode>hier erwächst für jeden</Unicode>
                </TextEquiv>
            </TextLine>
            <TextLine id="r2l65" custom="readingOrder {index:64;}">
                <Coords points="1666,3028 2844,3021 2844,2983 2737,2973 1666,2975"/>
                <Baseline points="1676,3023 1733,3022 1791,3021 1849,3020 1907,3020 1965,3019 2023,3019 2081,3019 2139,3019 2197,3019 2255,3019 2312,3018 2370,3018 2428,3018 2486,3018 2544,3018 2602,3018 2660,3018 2718,3017 2776,3017 2834,3016"/>
                <TextEquiv>
                    <Unicode>flucht allerorten, und, schwarze Fahnen hoch erhoben, stürzen</Unicode>
                </TextEquiv>
            </TextLine>
            <TextLine id="r2l66" custom="readingOrder {index:65;}">
                <Coords points="2868,3031 3049,3026 3084,3037 3114,3023 3142,3035 3182,3016 3249,3032 3299,3023 3299,2987 3250,2977 3210,2990 3121,2979 3101,2995 3081,2979 3051,2993 2867,2989"/>
                <Baseline points="2877,3021 2902,3022 2928,3022 2954,3022 2980,3023 3006,3023 3031,3023 3057,3023 3083,3023 3109,3023 3135,3023 3160,3022 3186,3022 3212,3021 3238,3019 3264,3018 3290,3016"/>
                <TextEquiv>
                    <Unicode>warum muß sich dieser</Unicode>
                </TextEquiv>
            </TextLine>
            <TextLine id="r2l67" custom="readingOrder {index:66;}">
                <Coords points="1657,3065 2858,3076 2858,3020 1657,3033"/>
                <Baseline points="1668,3063 1727,3063 1786,3062 1845,3062 1904,3062 1963,3062 2022,3062 2081,3062 2140,3062 2199,3062 2258,3062 2317,3062 2376,3062 2435,3062 2494,3062 2553,3062 2612,3061 2671,3061 2730,3060 2789,3059 2848,3058"/>
                <TextEquiv>
                    <Unicode>die Besten in die Arme der Askese. — Gott aber, der weder das</Unicode>
                </TextEquiv>
            </TextLine>
            <TextLine id="r2l68" custom="readingOrder {index:67;}">
                <Coords points="2868,3070 2933,3082 3056,3067 3115,3079 3157,3063 3286,3080 3286,3028 3272,3024 3207,3032 3189,3018 3127,3037 3112,3022 3084,3035 2868,3028"/>
                <Baseline points="2878,3065 2904,3065 2930,3065 2957,3066 2983,3066 3010,3066 3036,3067 3063,3067 3089,3067 3116,3067 3142,3066 3169,3066 3195,3065 3222,3064 3248,3063 3275,3061"/>
                <TextEquiv>
                    <Unicode>verschwenden? Wenn</Unicode>
                </TextEquiv>
            </TextLine>
            <TextLine id="r2l69" custom="readingOrder {index:68;}">
                <Coords points="1662,3117 2804,3119 2854,3072 1661,3071"/>
                <Baseline points="1672,3108 1730,3107 1789,3107 1847,3106 1906,3106 1965,3106 2023,3106 2082,3106 2140,3106 2199,3106 2258,3107 2316,3107 2375,3107 2433,3107 2492,3106 2551,3106 2609,3106 2668,3105 2726,3104 2785,3103 2844,3102"/>
                <TextEquiv>
                    <Unicode>feiste noch das magere Scheusal meinte, hat ein Einsehen und</Unicode>
                </TextEquiv>
            </TextLine>
            <TextLine id="r2l70" custom="readingOrder {index:69;}">
                <Coords points="2864,3116 2920,3128 2979,3113 3039,3127 3061,3113 3106,3122 3120,3108 3209,3120 3273,3103 3273,3071 3196,3065 3160,3078 3136,3062 3114,3080 3057,3066 3019,3081 2863,3076"/>
                <Baseline points="2873,3111 2899,3110 2925,3110 2951,3109 2977,3109 3003,3109 3029,3109 3055,3109 3081,3109 3107,3109 3133,3109 3159,3109 3185,3109 3211,3108 3237,3107 3264,3106"/>
                <TextEquiv>
                    <Unicode>fügen wollte, warum</Unicode>
                </TextEquiv>
            </TextLine>
            <TextLine id="r2l71" custom="readingOrder {index:70;}">
                <Coords points="1665,3166 2815,3160 2853,3158 2853,3116 1665,3122"/>
                <Baseline points="1675,3152 1733,3151 1791,3151 1850,3151 1908,3151 1966,3151 2025,3151 2083,3151 2141,3150 2200,3150 2258,3150 2316,3150 2375,3150 2433,3150 2491,3150 2550,3149 2608,3149 2666,3149 2725,3148 2783,3147 2842,3147"/>
                <TextEquiv>
                    <Unicode>schickt Girardi. Diesen Girardi, der durchaus nicht, wie man</Unicode>
                </TextEquiv>
            </TextLine>
            <TextLine id="r2l72" custom="readingOrder {index:71;}">
                <Coords points="2863,3160 2951,3172 3014,3158 3026,3170 3048,3156 3074,3166 3139,3152 3195,3164 3216,3143 3268,3159 3280,3157 3280,3099 3218,3123 3171,3113 3141,3134 3068,3112 2862,3116"/>
                <Baseline points="2872,3152 2898,3151 2925,3151 2951,3151 2978,3151 3004,3152 3031,3152 3057,3152 3084,3152 3110,3152 3137,3152 3163,3152 3190,3151 3216,3151 3243,3150 3270,3148"/>
                <TextEquiv>
                    <Unicode>Mannes, der, als ein</Unicode>
                </TextEquiv>
            </TextLine>
            <TextLine id="r2l73" custom="readingOrder {index:72;}">
                <Coords points="1664,3205 2853,3206 2852,3157 2766,3149 1664,3172"/>
                <Baseline points="1675,3196 1733,3196 1791,3196 1850,3196 1908,3196 1966,3196 2025,3196 2083,3196 2141,3196 2200,3196 2258,3195 2316,3195 2375,3195 2433,3195 2491,3194 2550,3194 2608,3193 2666,3193 2725,3192 2783,3191 2842,3190"/>
                <TextEquiv>
                    <Unicode>zu glauben pflegt, der Urtypus des Wieners ist, sondern dessen</Unicode>
                </TextEquiv>
            </TextLine>
            <TextLine id="r2l74" custom="readingOrder {index:73;}">
                <Coords points="2862,3204 3298,3204 3298,3161 3276,3155 2862,3161"/>
                <Baseline points="2872,3198 2898,3197 2924,3197 2950,3197 2976,3197 3002,3197 3028,3197 3054,3197 3080,3197 3106,3197 3132,3197 3158,3197 3184,3196 3210,3195 3236,3194 3262,3193 3289,3191"/>
                <TextEquiv>
                    <Unicode>das wiener Wesen ge</Unicode>
                </TextEquiv>
            </TextLine>
            <TextLine id="r2l75" custom="readingOrder {index:74;}">
                <Coords points="1657,3235 2856,3249 2821,3196 1657,3207"/>
                <Baseline points="1667,3238 1729,3239 1791,3240 1853,3240 1915,3241 1977,3241 2039,3241 2101,3241 2163,3241 2225,3240 2287,3240 2349,3239 2411,3239 2473,3238 2535,3238 2597,3237 2659,3237 2721,3236 2783,3236 2846,3235"/>
                <TextEquiv>
                    <Unicode>Vergottung, dessen Rückbindung an die Kultur, aus Große</Unicode>
                </TextEquiv>
            </TextLine>
            <TextLine id="r2l76" custom="readingOrder {index:75;}">
                <Coords points="2869,3257 3047,3243 3075,3258 3097,3244 3124,3252 3144,3235 3261,3244 3297,3225 3296,3197 3280,3195 3248,3208 3133,3199 3107,3210 3085,3196 3061,3210 2869,3203"/>
                <Baseline points="2879,3238 2904,3239 2930,3240 2955,3241 2981,3241 3006,3242 3032,3242 3057,3242 3083,3241 3108,3241 3134,3240 3159,3239 3185,3238 3210,3238 3236,3236 3261,3235 3287,3234"/>
                <TextEquiv>
                    <Unicode>Warum bringt er uns</Unicode>
                </TextEquiv>
            </TextLine>
            <TextLine id="r2l77" custom="readingOrder {index:76;}">
                <Coords points="2910,3294 2938,3285 3007,3301 3079,3286 3107,3296 3119,3286 3281,3291 3286,3240 3226,3249 3143,3235 3123,3252 3097,3244 3075,3260 3010,3242 2909,3247"/>
                <Baseline points="2919,3281 2944,3282 2970,3283 2995,3284 3021,3285 3046,3285 3072,3286 3098,3286 3123,3285 3149,3285 3174,3284 3200,3283 3225,3281 3251,3279 3277,3277"/>
                <TextEquiv>
                    <Unicode>Arthur Schnitzler:</Unicode>
                </TextEquiv>
            </TextLine>
            <TextLine id="r2l78" custom="readingOrder {index:77;}">
                <Coords points="1665,3292 2861,3288 2861,3246 2722,3236 1665,3240"/>
                <Baseline points="1674,3286 1732,3286 1791,3285 1850,3285 1909,3285 1968,3284 2026,3284 2085,3284 2144,3284 2203,3284 2262,3283 2320,3283 2379,3283 2438,3283 2497,3283 2556,3283 2614,3282 2673,3282 2732,3282 2791,3281 2850,3281"/>
                <TextEquiv>
                    <Unicode>Leben. Das ist das Verhältnis Girardis zu Wien: daß er</Unicode>
                </TextEquiv>
            </TextLine>
            <TextLine id="r2l79" custom="readingOrder {index:78;}">
                <Coords points="2861,3336 2956,3349 3002,3328 3068,3341 3147,3330 3194,3346 3216,3331 3292,3328 3292,3284 2860,3298"/>
                <Baseline points="2871,3329 2896,3329 2922,3328 2948,3328 2973,3327 2999,3327 3025,3327 3050,3327 3076,3327 3102,3327 3127,3327 3153,3326 3179,3326 3204,3325 3230,3324 3256,3323 3282,3322"/>
                <TextEquiv>
                    <Unicode>danken vom Parlamen</Unicode>
                </TextEquiv>
            </TextLine>
            <TextLine id="r2l80" custom="readingOrder {index:79;}">
                <Coords points="1664,3335 2808,3342 2852,3336 2852,3292 1664,3309"/>
                <Baseline points="1675,3326 1733,3327 1791,3328 1850,3329 1908,3329 1967,3329 2025,3329 2083,3329 2142,3329 2200,3329 2259,3328 2317,3328 2375,3328 2434,3327 2492,3327 2551,3327 2609,3326 2667,3326 2726,3326 2784,3326 2843,3326"/>
                <TextEquiv>
                    <Unicode>es in die Hände nimmt, ballt und Gott zurückgibt. Siehe,</Unicode>
                </TextEquiv>
            </TextLine>
            <TextLine id="r2l81" custom="readingOrder {index:80;}">
                <Coords points="2867,3386 2939,3381 2957,3367 3024,3386 3127,3373 3157,3386 3181,3376 3218,3386 3238,3373 3288,3381 3288,3329 3193,3346 3108,3329 3086,3341 3003,3328 2866,3341"/>
                <Baseline points="2876,3374 2901,3372 2926,3371 2951,3370 2976,3369 3001,3369 3026,3369 3051,3370 3077,3370 3102,3370 3127,3370 3152,3370 3177,3370 3202,3369 3227,3368 3252,3366 3278,3364"/>
                <TextEquiv>
                    <Unicode>vom Türkenkrieg gleich</Unicode>
                </TextEquiv>
            </TextLine>
            <TextLine id="r2l82" custom="readingOrder {index:81;}">
                <Coords points="1669,3376 2851,3384 2851,3338 1668,3346"/>
                <Baseline points="1678,3371 1736,3371 1794,3371 1852,3371 1910,3370 1968,3371 2026,3371 2084,3371 2142,3371 2200,3371 2259,3371 2317,3371 2375,3371 2433,3371 2491,3371 2549,3371 2607,3370 2665,3370 2723,3369 2781,3368 2840,3367"/>
                <TextEquiv>
                    <Unicode>es stinkt nicht mehr! . . Dies Heiligbringergleichnis wäre,</Unicode>
                </TextEquiv>
            </TextLine>
            <TextLine id="r2l83" custom="readingOrder {index:82;}">
                <Coords points="1672,3422 2862,3417 2862,3385 2735,3369 1672,3376"/>
                <Baseline points="1681,3417 1739,3416 1798,3415 1856,3415 1915,3414 1973,3414 2032,3414 2090,3414 2149,3414 2207,3414 2266,3415 2325,3415 2383,3415 2442,3415 2500,3415 2559,3415 2617,3415 2676,3415 2734,3414 2793,3413 2852,3412"/>
                <TextEquiv>
                    <Unicode>meint ihr, Blasphemie? Nicht einmal Uebertreibung ist es.</Unicode>
                </TextEquiv>
            </TextLine>
            <TextLine id="r2l84" custom="readingOrder {index:83;}">
                <Coords points="2864,3429 3053,3419 3090,3431 3152,3417 3243,3428 3297,3410 3296,3382 3258,3373 3218,3386 3141,3383 3129,3371 3016,3388 2957,3368 2863,3392"/>
                <Baseline points="2873,3419 2898,3418 2924,3417 2950,3417 2976,3416 3002,3416 3028,3416 3054,3415 3080,3415 3105,3415 3131,3414 3157,3414 3183,3413 3209,3413 3235,3412 3261,3410 3287,3409"/>
                <TextEquiv>
                    <Unicode>zu diesem stille leuchtes</Unicode>
                </TextEquiv>
            </TextLine>
            <TextLine id="r2l85" custom="readingOrder {index:84;}">
                <Coords points="2858,3471 2910,3456 2993,3481 3098,3461 3257,3465 3287,3460 3287,3416 3198,3432 3156,3416 3091,3431 3033,3420 2857,3433"/>
                <Baseline points="2868,3458 2893,3460 2919,3461 2944,3462 2970,3462 2995,3462 3021,3462 3046,3461 3072,3461 3098,3460 3123,3459 3149,3458 3174,3457 3200,3457 3225,3456 3251,3456 3277,3455"/>
                <TextEquiv>
                    <Unicode>— da fühlten wir auf</Unicode>
                </TextEquiv>
            </TextLine>
            <TextLine id="r2l86" custom="readingOrder {index:85;}">
                <Coords points="1666,3479 2828,3475 2863,3416 1666,3417"/>
                <Baseline points="1677,3459 1735,3460 1794,3460 1853,3461 1912,3461 1971,3461 2029,3461 2088,3461 2147,3461 2206,3460 2265,3460 2323,3460 2382,3460 2441,3459 2500,3459 2559,3459 2617,3459 2676,3460 2735,3460 2794,3461 2853,3462"/>
                <TextEquiv>
                    <Unicode>Bedenkt doch einmal, mit welcher Materie dieser Mann seine</Unicode>
                </TextEquiv>
            </TextLine>
            <TextLine id="r2l87" custom="readingOrder {index:86;}">
                <Coords points="1669,3520 3114,3542 3287,3526 3287,3462 1669,3482"/>
                <Baseline points="1679,3509 1758,3509 1838,3508 1918,3508 1998,3508 2078,3509 2158,3509 2238,3510 2318,3510 2398,3510 2478,3511 2557,3511 2637,3511 2717,3511 2797,3511 2877,3511 2957,3510 3037,3509 3117,3508 3197,3506 3277,3504"/>
                <TextEquiv>
                    <Unicode>gottesdienstlichen Handlungen vorzunehmen hat! Er befindet! dieses nun Fünfzigjähl</Unicode>
                </TextEquiv>
            </TextLine>
            <TextEquiv>
                <Unicode> , eul Praneisco, Stochne.
(Quollenangabe chae Gewähr).
 adewcheflontanderhazg
  W
sich da („Heimliche Lie
Von Girardi und Schnitzler, imn italienischen Kriege
mbour ein W#
In dem Alegandria eines der Piolemier gab es einen Bild= Hhaupimann nachgeschlif
hauer, der bei einem Künstlerwettstreit, irgendeiner Laune fol- den Tatbestand aufkläl
gend, seine Skulpturen aus Straßenkot und tierischen Abfällen
allein im Zimmer si
erschuf. Obschon nun, was einige andere gemacht hatten, nicht
recht mit der Sprache
schlechter schien, zog der Pharao die Arbeit dieses Mannes den
eigenen Brust verzwei
Werken seiner Freunde vor, „denn,“ sagte er, „einer wie großen
sollen: „Der Kerl dor
Kunst bedurfte es hier, uns vergessen zu machen, daß diese Fi¬ Das — niemand wird
guren im Grunde nicht wohlriechen!“ Diese Geschichte ist sich
ist eine Schweinerei.
selbst genug, aber sie kann auch auf Alexander Girardi an¬
es bringt! Als ob ein
gewandt werden. Und wenn Berlin so weise wäre wie jener
plötzlich aus der Erde
helleno=gegyptische König, so hätte es jetzt, anläßlich des wiener
Zote formt sich, sonder
Gastspiels im Lessingtheater, Grund, sich über und über zu
so geschaffen wie er die
verwundern: denn wieder ward, durch vollendete Kunst, die
ihn auch dorum; ihn,
Nase einer ganzen Stadt betrogen.
Eiche. Also' Religion.
So wahr ihr, wenn ihr eine Gestalt von Shakespeare
den Gürtel treffen sollt
oder Ibsen anbrecht, die Milch eines reinsten karrari¬
Höchste Humanität
schen Steines finden werdet, so wahr werdet ihr, die
talität, daß sich ein
Figuren eines wiener Libretto anmeißelnd, einem Mix¬
hält, macht Girardi
tum von Puder, Schmalz und Dreck begequen. Eng und
Mensch und Tier über
stinkend wie der Bauch eines Patchoulifläschchens ist dank
vor Jahren seine beri
den Bemühungen der Operette die Welt schon geworden und
ähnlich ungeheure Hintl
allen guten Europäern ein rechtes Jammertal: wer zum Bei¬
als Gottesdienst, das
spiel möchte sich noch in den Armen einer Frau reuelos glück¬
Schicksalsgeheiß, dies
lich fühlen, solange es ein Couplet gibt „dja, ßo a Weiberl is
des Lebens und nicht
a Freid, Djössas na!“ oder wer sich am Verkehr mit der Archi¬
Leute, was euch Trän
tektur ergötzen, solange das Wahrzeichen Wiens in den Straßen
sizierung speziell wien
mit den Worten angesprochen werden darf „Eiserner, eiserner
Jenes Zwiegespräch mi
Rathausmann, g'fang mit mir a Verhöltnis an!“ Schon er¬
nicht schlechter ges
hebt sich, da die Welt mit Schiebern und Fiakern, Mizzi und
Odysseus mit dem Hu
Strizzi sich immer drohender und atemquälender bevölkert, Welt¬
hier erwächst für jeden
flucht allerorten, und, schwarze Fahnen hoch erhoben, stürzen
warum muß sich dieser
die Besten in die Arme der Askese. — Gott aber, der weder das
verschwenden? Wenn
feiste noch das magere Scheusal meinte, hat ein Einsehen und
fügen wollte, warum
schickt Girardi. Diesen Girardi, der durchaus nicht, wie man
Mannes, der, als ein
zu glauben pflegt, der Urtypus des Wieners ist, sondern dessen
das wiener Wesen ge
Vergottung, dessen Rückbindung an die Kultur, aus Große
Warum bringt er uns
Arthur Schnitzler:
Leben. Das ist das Verhältnis Girardis zu Wien: daß er
danken vom Parlamen
es in die Hände nimmt, ballt und Gott zurückgibt. Siehe,
vom Türkenkrieg gleich
es stinkt nicht mehr! . . Dies Heiligbringergleichnis wäre,
meint ihr, Blasphemie? Nicht einmal Uebertreibung ist es.
zu diesem stille leuchtes
— da fühlten wir auf
Bedenkt doch einmal, mit welcher Materie dieser Mann seine
gottesdienstlichen Handlungen vorzunehmen hat! Er befindet! dieses nun Fünfzigjähl</Unicode>
            </TextEquiv>
        </TextRegion>
    </Page>
</PcGts>
