3344 4352
633 106 1170 220 Manfeignsahrigen.
710 194 1971 337 Ein Zufall? Gewiß! Kein belangvoller oder irgendwie für
572 234 1967 390 unsere Literatur und ihre weitere Entwicktung wichtiger. Wir
568 288 1962 443 feiern ja nicht Gerhart Hauptmann, der uns schen so Großes
566 341 1961 476 geschenkt hat und von dem wir noch alles Erdentliche erwarten
575 380 1953 540 wollen, weil zufällig auch Skowronnek in diesem Jahre fünfzig
569 422 1952 589 seines Lebens hinter sich gebracht hat. Jeder Einzdne möge für
567 476 1944 623 sich und von allen Seiten betrachtet sein, bedankt für das Ver¬
557 523 1941 685 gangene, hoffend gemahnt für das Zukünftige. Hier sollen sie alle
549 575 1939 711 beisammen stehen, die ein artiger Einfall der Naur in einem
548 623 1936 780 Jahre zur Welt gebracht, sollen geordnet werden, wie sie nach
547 670 1923 811 ihrer literarischen Herkunft und ihren Leistungen eia zusammen¬
545 723 1921 878 gehören und wir wollen uns freuen, daß wir sie iuser nennen.
542 770 1920 906 Nicht jedem als besondere Erscheinung und nich jedem ihrer
535 810 1904 951 Werke gelten diese Zeilen — das mögen und zerden andere
532 862 1908 1017 besorgen — aber auch darüber, wie sich sogar in einem Zufall
524 924 1891 1069 etwas Gesetzmäßiges und Schicksalhaftes spiegelt, wie aus ge¬
522 971 1900 1095 trennten Keimen Bäume emporwachsen, deren Kezen sich über¬
520 1004 1781 1142 decken und verknüpfen, wird einiges zu sagen in. Diel¬
522 1064 1880 1182 haben ja dieselbe Zeit an sich verspürt, sind mt all den Dr“
512 1104 1888 1228 eignissen, Leistungen und Erschütterungen dieser Zeit groß und
509 1154 1900 1298 bejahrt geworden und haben irgendwie auf diese Jille von Fragen
509 1221 1368 1320 geantwortet und sich damit abgefunden.
2025 1316 2167 1384 1073
881 1408 2163 1474 Und dann ist wichtig — weil sie ja Dichter sind — daß sie
762 1466 2181 1530 als Männer die große Revolution der deutschen Literatur um
766 1523 1850 1574 1890 miterlebt haben und darin verstrickt waren.
888 1553 2131 1621 Man hat nicht mit Unrecht gefragt, warum wir Jüngere =
772 1617 2169 1668 und nur wir haben ja einen besonderen Grund, der Fünfzig¬
774 1650 2185 1728 jährigen zu gedenken — diese schon so ernsthaft und würdevoll
781 1702 2177 1768 feiern, eine Bilanz ihres Lebens ziehen, gewissermaßen einen
769 1767 2179 1827 Rechnungsabschluß ihrer bisherigen Leistungen und Persönlichkeit.
772 1810 2171 1867 Fünfzig Jahre seien ja nichts, das Leben gehe eben weiter und
769 1878 2177 1914 wer mit achtzig sterben kann, braucht ja nicht mit fünfzig begraben
780 1904 2177 1970 zu werden. Und dann hat man gesagt, daß die vorige Generation
776 1948 2176 2020 ihre großen Männer erst mit siebzig feierte und daß diese es sich
776 2006 1501 2066 auch dann noch verbeten hätten.
900 2057 2173 2109 Ja, in diesen 25 Jahren, seit dem Heranwachsen der letzten
772 2095 2184 2149 Generation, ist die Menschheit recht alt geworden. Nicht in ihren
783 2152 2178 2215 Jahren, die lassen sich nachzählen, aber in ihrem Gefühl. Denn
783 2190 2184 2251 wir haben seitdem unbegreiflich und traurig schnell leben gelernt.
775 2242 2178 2285 Das haben der Rausch und das Fieber gemacht, in die uns die
777 2291 2185 2358 Umwälzung der Technik hineingerissen. Das hat der ungeheuere
777 2344 2184 2401 Verbrauch geistiger und seelischer Energien gemacht, der mit den
784 2398 2185 2450 körperlichen gleichen Schritt halten wollte. Und das hat unseres
774 2434 2179 2507 Lebens Bedingungen und seine Art menschlich, künstlerisch und
787 2493 2179 2561 gesellschaftlich bis auf den Grund gewandelt. In 25 Jahren erlebt
788 2535 2182 2615 heute einer, was sein glücklicherer Vorfahre kaum in hundert
778 2596 2184 2651 konnte. Und heute erst ist das Goethe=Wort wahr, daß unsere
779 2633 2183 2699 Zeit nichts reif werden läßt, daß man im nächsten Augenblicke
788 2668 2186 2750 den vorhergehenden verspeist. Wer zumal im Wirbel der Großstadt
774 2726 2185 2789 aufwächst und lebt, muß diese Erfahrung täglich machen. Die
786 2775 2191 2852 Früheren hatten Zeit, ihre großen Männer siebzig Jahre alt
780 2851 2183 2893 werden zu lassen und sie dann mit einer schönen Biedermeier¬
791 2885 2194 2941 herzlichkeit zu feiern. Wir müssen uns damit beeilen, der anderen
795 2926 2190 2986 wegen und um unseretwillen. Und vielleicht haben wir sogar
784 2987 2189 3035 Furcht, daß einer mit fünfzig Jahren schon sein Bestes gegeben
794 3021 2189 3084 haben könnte. Edle, die sich früh verzehrten, sind in diesem Alter
794 3093 2200 3143 gestorben und wirklich begraben worden, so Gustav Mahler und
793 3133 1106 3202 Josef Kainz.
918 3154 2186 3237 Aber was wollen diese traurigen Erwägungen in diesem
788 3219 2191 3269 Jahre der Freude, das uns beinahe ein Dutend unserer
799 3268 2196 3330 Schafsenden auf der Mittagshöhe ihres Lebens finden läßt und
793 3312 2200 3385 sie dort rüstig, schaffensfroh, zu Neuem gerüstet und auf siegreiches
792 3373 2196 3426 Altes zurückblickend zeigt. Was wollen diese Mahnungen der
797 3422 2198 3472 Vergänglichkeit bei diesen Männern, die ihre großen Erfolge
799 3471 2200 3525 hatten, haben und haben werden, die Ruhm und Geld eingeheimst
796 3509 2194 3570 haben und die trotz mancher Enttäuschungen und Bitternisse doch
791 3555 2196 3621 den guten, erfreulichen Wandel einer Zeit miterlebten, die ihre
800 3617 2201 3685 Künstler nicht mehr oder nicht mehr so wie ehedem darben läßt.
786 3664 2194 3720 Und das wollen schließlich diese Sentimentalitäten gerade in
799 3714 2214 3789 diesen fröhlichen Tagen, da wir den Dichter und Menschen
