3344 4352
1171 141 1629 253 box 39/1
176 136 1028 265 1. 50thBirthdar
183 1219 3271 1303 jeden Parteigenossen immer zu sprechen; seine Kunst! größten Tei un dm Ainstande, daß die keinliche shatte lauten sollen, von der Regierung
171 1288 2235 1369 bestand darin, sich als verläßlich zu erweisen, Freunde Scheidung nach politischen Prinzipien noch immer ein
2215 1299 3258 1360 zurückgezogen. Ministerpräsident Lukacs wollte
1209 1330 3265 1418 heißer Wunsch, ein Wunsch ohne Erfüllung ist. Das die Verpflichtung, die Wahlreform im Herbst dem
180 1324 1228 1409 zu gewinnen, immer für die anbern einzutreten und
1213 1382 2234 1436 hemmt so vieles, und wie natürlich, erschwert es auch die
182 1384 1230 1461 die Ueberzeugung zu wecken, daß er es ehrlich meine.
2227 1388 3251 1443 Hause zu unterbreiten und die Verhandlung der defini¬
1204 1429 2229 1491 Rolle eines Führers. So wird denn auch an der Bahre
182 1431 1215 1488 wenn auch ohne Pathos, seiner Partei und dem
2227 1434 3251 1500 tiven Wehrreform bis dahin zurückzustellen, nur unter
1204 1478 2225 1531 Baron Chiaris' der dringende Ruf laut, der großen
180 1478 1220 1553 Deutschtum die gebührende Stetlung zu sichern. Es ist
2220 1485 3256 1554 der Bedingung eingehen, wenn die Justhpartei sich auch
1212 1516 2237 1574 Pflichten eingedenk zu bleiben, die Deutschtum und
181 1531 1217 1592 nicht der erste Fall.-daß Mediziner gute Politiker
2215 1529 3254 1598 verpflichtet hätte, das erhöhte Rekrutenkontingent für
186 1571 1215 1636 werden; ihr Studiam lehrt sie, sich von Illusionen fern¬
1206 1572 3255 1651 Fortschritt zu erfüllen haben, über den augenblicklichen das laufen Jahr durchzulassen. Die Justhpartei er¬
446 1627 562 1700 K
272 1675 1213 1752 Goptfegung des Romans „Zwischen zwei Mühl¬
1212 1684 2229 1749 gesetzt, heute nicht zu messen. Ich reiche ihm aber zum
2219 1698 3259 1756 zufrieden, fortan für einen Dichter gehalten zu werden.
186 1720 1123 1804 steimen“ von Marie Stahl Seite 29 vom 15. Mai 1912.
1203 1719 2228 1793 Tage das Erinnerungszeichen meiner frühesten
2206 1742 3257 1798 In der Selbstverständlichkeit, mit der man von dem
1212 1789 3250 1869 Shätzung. Im Jahre 1893, bald zwanzig Jahre Dichter Artur Schnitzler sprach, lag der Reiz und der
1201 1824 3258 1916 sind es her, gab uns Artur Schnitzler seinen Wert des Lobes. Man umgab sich nicht einmal mit
449 1820 956 1940 Feuilleton.
1207 1866 2224 1955 „Anatol“, sein erstes Buch. Von der Anmut dieser
2214 1896 3257 1973 dem seither so verbilligten Ornat des großen Propheten
1219 1942 2220 2007 Szenen noch ganz frisch berührt, schilderte ich sofort
2208 1939 3251 2019 und erkühnte sich nicht, auf Grund des Gegebenen eiligst
192 1957 1213 2057 Ein Erinnerungsblatt zum 50. Geburts¬
1200 1982 2221 2072 meine Empfindungen in einem Aufsatz, dessen; be¬
2218 2003 3246 2061 Welterschütterungen vorauszusagen — man hatte an
379 2029 1036 2116 tage Artur Schnitzlers.
1202 2032 2226 2105 scheidentliche Bemerkungen, wie ich glaube, gleich dem
2211 2054 3255 2123 der schönen Gegenwart, an der Erfüllung, die sich gleich
246 2110 3257 2165 In einem Herbakium oder in der Lileralürgeschche Anatol“ selbst, Geltung bewahrt haben. Trotzdem in ungewöhnlicher technischer Reife und Einsicht offen¬
164 2122 3244 2221 muß man Ordnung halten. Die lebendige Kunst verlangt hätte ich die Oeffentlichkeit mit der Wiederholung nichtbarte, Freude und Genügen. Geist und Form der
186 2214 3259 2269 das nicht. Ich kann mich nicht entschließen, einer belästigt, wenn daraus nicht manches für die Schnitzlerschen Dialoge glaubte ich am besten in Zitaten
185 2263 3254 2348 runden Zahl zuliebe dem Dichter, der mit uns lebt und Psychologie der damaligen Zeit zu gewinnen wäre. darzustellen. Man erkennt heute wie damals ihre
181 2313 2222 2383 zu uns spricht, Zettel und Zeichen wie einem Präparat] Man war in jenen Jahren noch nicht zur „Verrohung
2205 2310 2642 2391 ästhetische Vollendung.
183 2357 2228 2426 aufzukleben, mit einer Legende zu dienen und zum Gruß des Lobes“ gelangt, die jüngst sehr treffend als ein
2296 2342 3260 2430 Ein zweites psychologisches Moment, gleichfalls
1211 2409 2224 2478 Merkmal unsrer Tage bezeichnet wurde. Das Lob in
173 2419 1216 2484 und Dank anzumerken, in welche Klasse, Gattung,
2223 2404 3255 2485 allgemeinen Zeitcharakters, möchte ich in der Glossi¬
185 2461 1214 2534 Spezies er zu rechnen ist. Jeder neue Geburtstag
1204 2457 2221 2532 jenen Jahren hatte noch eine gewisse Keuschheit und
2223 2466 3248 2525 rung meines ersten Schnitzler=Aufsatzes noch betonen.
188 2511 1213 2581 eines Werkes von Artur Schnitzler gibt noch immer
1207 2516 2220 2585 Haltung und Gefaßtheit und war ruhig instrumentiert,
2225 2514 3253 2586 Ich lächle nun selbst darüber, daß mir Anatols
1201 2555 2213 2635 um so ruhiger, als die Kunst noch nicht das arge
184 2565 1201 2637 Freude und verheißt Erfolg. Schnitzler, den Menschen,
2206 2557 3258 2649 moralische Verfassung im Anfang einiges zu schaffen
186 2616 1203 2686 verehren seine Freunde, weil er, anders wie die meisten
1212 2621 2224 2690 Defizit aufzuweisen hatte, das heute durch maßlose
2213 2618 3257 2688 gab. Es ist heute eine literarische Sünde, auf Moral
184 2671 1208 2735 Künstler von heute, still und in sich gekehrt an seiner
1214 2668 2215 2733 Uebertreibung und durch Indianergeheul verdeckt zu
2207 2680 3254 2753 zu reagieren. Damals war man aber selbst für Anatols
179 2717 1215 2790 Vollendung fort und fort arbeitet, seine Gedanken
1210 2715 2219 2781 werden pflegt. Wenn jetzt einem Strebenden ein paar
190 2758 1214 2831 durchbildet, seine Sprache immer noch veredelt, dem
1210 2778 2219 2840 Verse, Noten gelingen oder auch nicht gelingen, so begibt
2221 2741 3257 2850 grantsaben Bachien un der    den Gesen¬
186 2826 1219 2892 Marktgewühl der Zeit ausweicht, sich niemals vor der
1201 2822 2217 2886 sich die Kohorte der Liebediener sogleich in Kampf¬
2210 2821 3246 2906 konsequente Naturalismus mit allen seinen Konse¬
187 2874 2220 2942 Menge erniedrigt, um im Preise zu steigen, und — ein stellung, trampelt die leifesten Bedenken nieder und
2211 2880 3247 2953 quenzen war eben erst auf dem Marsche. Seitdem
185 2928 2223 2983 seltener Fall .— das Schwungrad der Reklame nicht donnert den Bedächtigen zu, daß erst späte Jahr¬
2216 2925 3244 3000 hat man noch ganz andre ethische Umwandlungen
173 2981 1213 3055 sausen läßt. Er schafft und wird nicht geschäftig, er
1192 2983 2224 3060 hunderie den Ewigkeitswert jener Versuche erkennen
2204 2977 2430 3065 erfahren.
182 3031 1214 3091 redet und wird nicht laut; seine gesammelten Werke,
1204 3039 2232 3104 werden — Versuche, die in Wahrheit schon der nächste
2288 3011 3251 3109 Zum Schluß streifte ich Loris — das war Hugo
175 3078 1219 3153 die jetzt ausgegeben werden, zeigen von der inneren
1194 3086 2218 3155 Tag der Vergessenheit überantwortet. ... Der junge
2211 3067 3240 3155 v. Hofmannsthal. Mun glaubte an seine Genialität,
175 3141 1216 3214 Sammlung des Menschen und des Künstlers. Kein
1192 3143 3245 3208 Arzt Dr. Artur Schnitzler schrieb sein erstes Buch, das und es kam mir schwer an, seinem Prolog zu „Anatol“
168 3177 3276 3250 Vers, kein Satz, und scheine er noch so leicht, ist leicht= die engeren Freunde schon vorgekostet hatten. Nun mit Einwendungen zu begegnen. Heute blicke ich be¬
174 3244 3259 3304 hin abgeworfen oder im Lechtsinn geformt. Wie tief nannte man ihn, ohne die Welt in Bestürzung zu ver¬ ruhigt auf meine Keckheit zurück. Denn Hugo von
168 3296 3257 3391 er dringt, wie weit er schalt= ich habe mir doch vor= setzen, einfach einen Dichter, und Artur Schnitzler war Hofmannsthal, so weit er nicht Kavalier der Bühnen¬
2398 3365 3033 3516 8071
1319 3364 2423 3519 A/t Wirc Jugdlett
925 3458 1224 3565 44
1181 3489 1395 3591 NR
