3344 4352
1951 124 2197 205 — —
1104 217 1543 309 box 39/1
238 236 951 323 Soth Birthday
1658 542 1848 676 5
647 733 772 804 1279
1370 747 1756 812 Echo der Zeitungen
2340 754 2461 803 1280
2059 880 2331 930 „Röda Rummet“
617 867 1527 924 Cour. 226) gibt, zu Recht Geltung heischen: „Er
1586 875 1752 926 Geboren
1925 885 2030 925 1649
2398 881 2517 930 1879
1590 916 1727 962 Schule
1940 921 2032 958 1855
2051 916 2393 967 „Meister Oluf“ auf¬
623 935 1529 968 wurde am 21. Januar 1849 in Stockholm geboren.
2092 950 2229 998 geführt
1591 950 1818 997 Claraschule.
1936 955 2025 994 1856
2395 953 2504 1000 1880
625 959 1541 998 Ein Kind noch, baute Strindberg schon chemische
1935 989 2032 1029 1861
2056 984 2273 1036 „Nya Rycket“
1584 989 1923 1038 Jakobsschule, Lyzeum
2282 975 2390 1032 (Zei¬
618 995 1531 1038 Apparate und grübelte über die Konstruktion des
1585 1023 1881 1066 Tod der Mutter.
2290 1019 2493 1071 1880—1882
1934 1023 2029 1063 1862
2092 1022 2199 1068 tung)
618 1047 1539 1088 Perpetuum mobile. 1867 machte er sein Abiturienten¬
2059 1051 2214 1099 Ausland
1593 1055 1800 1102 Gymnasiast.
2395 1059 2509 1096 1883
1933 1055 2025 1100 1863
613 1076 1541 1113 eramen und ging auf die Universität nach Upsala.
2403 1092 2494 1133 1883
2057 1089 2349 1137 Tod des Vaters.
1941 1091 2021 1132 1864
1588 1090 1805 1134 Konfirmiert
624 1117 1536 1152 Aber die Tribulation seines Geistes ward ebenso
1931 1123 2024 1165 1866
2398 1127 2506 1165 1884
2051 1124 2217 1177 Prozeß
1596 1124 1787 1170 Informiert
2405 1161 2505 1199 1885
1585 1159 1753 1201 Student.
1932 1159 2037 1202 1867
616 1152 1542 1197 mangelhaft gestillt wie das Geschrei des Magens.
2087 1160 2215 1203 dito
1935 1195 2026 1239 1868
2399 1196 2491 1233 1885
2090 1192 2194 1237 dito
1595 1178 1875 1240 Volksschullehrer
622 1196 1540 1236 Darum mußte er Geld verdienen, und es gab wenig
2403 1225 2501 1267 1887
1945 1229 2027 1268 1869
2093 1229 2181 1268 dito
1594 1226 1928 1279 Kopenhagen, Theater
623 1239 1540 1280 Berufe, die er nicht ergriffen hätte. Er war Volks¬
2393 1262 2501 1301 1888
2092 1264 2180 1305 dito
1944 1264 2027 1313 1870
1581 1263 1749 1306 Upsala
625 1278 1538 1322 schullehrer, Schauspieler, Arzt, Redakteur, Tele¬
2397 1298 2506 1342 -1891
2062 1289 2388 1346 Wieder daheim 1889-
1590 1293 1924 1347 „In Rom“ „Bluts¬
613 1317 1543 1364 graphen=Assistent, Maler, Prediger, Hauslehrer,
1615 1330 1755 1374 freund“
2393 1330 2500 1370 1892
1937 1323 2023 1372 1870
2057 1331 2196 1376 Berlin
620 1355 1537 1394 Staatsbibliothekar, und ich weiß nicht, was noch
2402 1366 2496 1406 1893
1591 1358 1875 1415 „Der Friedlose“.
1940 1365 2028 1407 1871
2051 1362 2301 1411 Heirat Nr. 2
619 1392 1539 1439 alles. Er hat das Leben in seinen Höhen und
2403 1396 2500 1440 1894
1929 1402 2025 1442 1872
1592 1401 1729 1441 Literat
2053 1400 2176 1448 Paris
2400 1429 2503 1473 1895
1588 1420 1854 1480 „Meister Oluf“
2089 1436 2167 1476 dito
624 1429 1540 1474 Niederungen geschaut und gelebt. Er war bald
2403 1469 2501 1509 1896
1590 1457 1907 1531 „Dagens Nyheter“
2087 1471 2207 1510 dito
621 1476 1538 1515 Hammer und bald Amboß; bald Speiche und bald
2400 1503 2492 1544 1897
1629 1504 1918 1554 (schwed. Zeitung)
1937 1479 2037 1553 1873
2087 1504 2181 1545 dito
621 1506 1540 1552 Rad; bald der Jäger, bald das Wild; Faust und
2391 1536 2503 1576 1898
2082 1539 2170 1580 dito
1581 1532 1887 1588 Königl. Bibliothek
615 1547 1534 1590 Mephisto, Pol und Gegenpol. Er lebte heftiger,
2411 1573 2500 1609 1899
1829 1561 2027 1617 1874—1876
2051 1567 2385 1619 Furusund, Stockholm
622 1579 1529 1625 rascher und intensiver als die meisten Zeitgenossen.
2405 1605 2503 1644 1899
1931 1600 2031 1653 1877
1580 1600 1834 1653 Heirat Nr. 1
2060 1604 2313 1652 „Gustav Wasa“.
613 1626 1541 1660 Sein Geist war immer im Sattel. Er war immer in
2405 1639 2499 1680 1901
2059 1641 2299 1680 Heirat Nr. 3
1591 1642 1952 1691 „Frau Fjärdingen und
626 1664 1541 1699 Gärung. Man sah, wie es in seinem Kopfe kochte
2055 1674 2501 1733 Geschieden Nr. 3. 1904
1624 1676 2027 1731 Swartbäcken“ .. 1878
619 1704 1529 1743 und siedete; hörte, wie es in seinem Innern klagte
1584 1724 2502 1777 Über Hermann Eßweins „August Strindberg im
613 1744 1537 1793 und tönte; wie sein Gemüt brauste und brandete;
1584 1771 2492 1816 Lichte seines Lebens und seiner Werke“ (Georg Mül¬
621 1783 1537 1829 wie er bald herüber, bald hinüber geworfen wurde:
1591 1808 2498 1854 ler, München) schreibt Fritz Droop (Hamb. Fremden¬
621 1824 1540 1856 wie er scheinbar von Ertrem zu Ertrem rannte.
1592 1847 1820 1910 blatt 105###
615 1860 1529 1913 Gestern war er noch freundschaftsgläubig und ein
622 1897 1541 1948 Menschensucher, heute ein Timon und am nächsten
617 1944 1537 1987 Tage ein frommer Einsiedler. Er hatte die Kon¬
1837 1946 2248 2015 Arthur Schnitzler
622 1976 1531 2028 zentration und die Einsamkeit de. Genies und die
1641 1995 2501 2064 Die vielen Würdigungen, die zum fünfzigsten Ge¬
624 2014 1476 2062 Schmiegsamkeit und die Elastizität des Talents.
1590 2055 2487 2096 burtstag des wiener Dichters erschienen sind, stimmen
620 2029 1543 2100 Dagegen trifft es wohl nur eine Phase des Wandely
1596 2088 2495 2133 alle in dem einen zusammen; sie zeigen, daß Arthur
624 2089 1536 2137 baren, wenn der Vorwärts (112) schreibt: „Der
1589 2125 2498 2170 Schnitzler mit der Bewunderung auch deren besserer
624 2142 1533 2179 Sozialismus darf Strindberg voll für sich in An¬
1590 2170 2501 2213 Teil, die Liebe, zugeflogen ist. Denn das und nichts
617 2168 1537 2221 spruch nehmen, nicht nur mit einzelnen Werken und
1586 2200 2507 2254 anderes will es wohl besagen, wenn Ludwig Bauer
613 2214 1532 2257 Epochen seines wandlungsreichen Daseins. Er hat
1593 2239 2497 2294 (Zeit, Wien 3461) schreibt: „Derart geht es ja allen
613 2243 1533 2301 das am Ende seiner literarischen Laufbahn so deutlich
1592 2294 2499 2332 mit ihm; was sie auch gegen ihn zu sagen hätten,
626 2298 1531 2340 ausgesprochen, wie er es an ihrem Anfange nieder¬
1598 2318 2501 2365 wie von selbst wird der Tadel zum Lob. Nicht als
626 2338 1536 2373 geschrieben hat. Wir haben im besonderen bei der
1596 2370 2504 2409 ob er nicht reich genug wäre, um alle Einreden gegen
627 2366 1539 2411 ausführlichen Besprechung seiner Selbstbiographie
1605 2401 2505 2450 seinen Besitz stolz zu überdauern; aber wir spüren,
613 2413 1531 2457 „Der Sohn der Magd' darauf hingewiesen, daß
1594 2426 2507 2484 daß bei ihm, wie bei allen gewachsenen Wesen, seine
624 2446 1537 2495 hier zum erstenmal die Entwicklungsgeschichte einer
1591 2475 2501 2528 Fehler nur die Schatten seiner Tugenden sind. Wohl,
618 2486 1531 2521 Seele mit Bewußtsein unter die Einwirkungen des
1583 2515 2489 2568 man könnte sagen, in seiner Welt treiben sich müßig¬
623 2522 1545 2562 Klassengegensatzes gestellt worden ist. Es ist nicht
1592 2566 2499 2599 gängerische Selbstsüchtige herum, Kalte und Ver¬
626 2562 1531 2612 einmal nötig, an die kommunistischen .Utopien in
1593 2608 2496 2642 zärtelte, die sich selbst allzu wichtig nehmen. Aber
613 2608 1541 2652 der Wirklichkeit zu erinnern, die künstlerisch übrigens
1587 2636 2502 2693 sind jene Geschöpfe nicht die reinste Ausbildung eines
631 2641 1530 2690 nicht die Höhe strindbergscher Kraft und Anschaulich¬
1588 2675 2501 2721 neuen Typ, der sich gebildet hat und den er zuerst
624 2678 895 2730 keit erreichen.“
1591 2719 2498 2768 künstlerisch eingefangen hat? Mag sein, daß ihr
674 2714 1527 2774 An weiteren Strindbergstudien seien verzeichnet:
1591 2750 2496 2803 geistiger Bezirk allzu gepflegt und künstlich ist wie
620 2763 1521 2811 Raoul Auernheimer (N. Fr. Presse, Wien, 17143);
1583 2806 2500 2844 ein schmaler Cottagegarten mit weißen Wegen, doch
624 2798 1523 2842 Klaus Hennings (Meißner Tagebl. 113 u. a. O.);
1587 2837 2497 2873 wie dürften wir vergessen, wie weit man von dort
621 2835 1532 2879 Paul Frank (Tagbl., Prag, 133); Ernst Schur
1589 2866 2503 2911 hinabsieht auf den Dunst der großen Stadt und wie
625 2875 1538 2914 (Rhein.=Westf. Ztg. 586); Paui Zschorlich (Casseler
1593 2907 2501 2960 entrückt und verfeinert man hier lebt, wie hier aus
626 2914 1542 2964 Tagebl. 228 u. a. O.); J. E. Poritzky (Hamb. Nachr.
1589 2945 2502 2994 Liebeleien und raschen Aventiuren der Sinne tief¬
620 2953 1535 3001 226); Paul Landau (Hamb. Fremdenbl. 114 u. a.
1595 2990 2502 3030 sinnige Symbole werden, wie schwebend, voraus¬
613 2991 1542 3046 O.); Theodor Kappstein (Elbinger N. Nachr. 114
1593 3028 2500 3072 setzungsreich und beziehungsvoll die Geistigkeit jener
625 3031 1536 3082 u. a. O.); Helmuth Soltau (N. Hamb. Ztg. 227
1598 3065 2507 3106 kleinen Gesellschaft ist? Es ist sehr naheliegend zu
626 3071 1531 3113 u. a. O.); Hermann Sinsheimer (N. Bad. Landesztg.
1597 3101 2501 3150 bemerken, daß er seine Gestalten wiederholt — aber
615 3110 1523 3155 225); Hermann Hesse (N. Tagebl., Stuttgart, 120);
1592 3145 2504 3191 diese scheinbare künstlerische Armut beweist eben seinen
624 3149 1525 3188 Max Foges (N. Wiener Journal 6666); Stefan
1577 3190 2503 3236 hohen Reichtum, mit der er sie immer wieder zu ver¬
625 3196 1531 3235 Großmann (Arb.=Ztg., Wien, 132); Anselm Ruest
1588 3227 2510 3265 tiefen und zu erweitern versteht. Je kleiner der
626 3226 1543 3273 (Deutsches Tagbl., Wien, 123); Oskar Levertin
1585 3267 2495 3318 Spiegel, desto bewunderungswürdiger die Kunst, in
622 3267 1546 3319 (Propyläen, Beil. d. Münch. Ztg. 32); Hermann
2196 3297 2508 3349 — Darum, weil
1591 3303 2193 3352 ihm unsere ganze Seele zu zeigen.“
620 3306 1540 3353 Eßwein (Hannov. Courier 29891 u. a. O.); Stanko
1587 3339 2509 3388 man ihn liebgewonnen, läßt man sich gern von
617 3348 1518 3393 Terry (Union, Prag, 135); Berl. N. Nachr. (246);
1587 3383 2501 3425 Hermine Hauel (Münch. N. Nachr. 246) Persönliches
619 3396 1534 3438 Fremdenbl., Wien (132); Ill. Wiener Ertrabl.
1599 3411 2502 3465 erzählen: „Ein echter Wiener ist Schnitzler auch in
624 3422 1534 3472 (132); N. Fr. Presse, Wien (17143); Zeit, Wien
1603 3452 2509 3509 seiner Begabung für Musik. Er hat als Junggeselle
618 3473 1537 3514 (3461); Berl. Tagebl. (246); Tagespost, Graz
1595 3495 2501 3541 viele Jahre auf derselben Etage mit seiner Mutter
622 3508 1535 3551 (133); Elbinger Ztg. (114); Dresd. N. Nachr. (121);
1600 3541 2501 3583 eine behagliche Garconwohnung innegehabt und jeden
620 3542 1543 3587 N. Zür. Ztg. (135); Mannh. Tagebl. (133); Hamb.
1592 3579 2497 3622 Tag mit der von ihm verehrten alten Dame vier¬
622 3588 1537 3626 Corresp. (246); Bohemia, Prag (134); „Wie Strind¬
1594 3614 2500 3661 händig musiziert. In Konzerten ist er ein oft ge¬
618 3620 1533 3673 berg Schriftsteller wurde" (N. Wiener Journal
1593 3660 2510 3697 sehener Gast, und als er Anfang der Vierziger
625 3665 1538 3710 6667). Einen Abriß aus seiner Biographie hat
1595 3698 2498 3737 heiratete, da führte er eine Frau heim, die eine schöne
617 3702 1533 3753 August Strindberg selbst in den folgenden Daten
1585 3727 2515 3798 Stimme hat. So singt und klingt es in dem hütschen
617 3742 805 3798 gegeben:
2532 1630 2844 1779 Ai
2586 1795 2792 1896 #0
