3344 4352
1181 208 1633 307 box 39/1
184 205 1051 318 1. 50th Birthdar
2797 1309 2861 1382 4
511 1176 2691 1384 Unterbaltungs-Beilage
238 1246 439 1424 13
873 1430 2368 1564 zum Hnnaberger Wochenblatt.
2677 1623 3009 1717 6. Jahrgang.
1144 1636 1998 1731 Dienstag, den 14. Mai 1912.
232 1658 596 1749 Nummer 37.
1269 1716 1471 1791 —
1129 1774 3083 1850 Regimentsmusik herüber. Vronis Herz begann tigen, und hatte kaum Zeit, sich anzukleiden, als
2106 1825 3075 1887 Karl Detleff ihn abzuholen kam. Die Einladung
1138 1833 2097 1902 wild zu pochen; sie setzte den Braunen in Trab
2102 1861 3082 1922 zum Mittagessen hatte der ältere Freiherr dem
1132 1874 2102 1926 und flog dem Ziele entgegen. Das Manöver¬
2108 1910 2980 1970 Sohne seiner Jugendliebe selbst gebracht.
1137 1918 2088 1975 feld lag noch etwa einen Kilometer entfernt. —
2154 1937 3086 2008 In gewählter, reicher Toilette erwarteten
415 1915 916 2031 Der Abend.
1136 1950 2111 2027 Nach einem scharfen Ritte erreichten sie es; auch
2102 1994 3079 2052 die beiden verheirateten Damen die Offiziere.
1130 2005 2094 2081 der Wagen war nachgekommen. Ein buntes,
2110 2031 3077 2093 Für den Augenblick trug selbst Wilmas Gesicht
302 2021 1021 2120 Schweigt der [enschen laute
1135 2049 2102 2097 prächtiges Bild entrollte sich vor den Angen der
2114 2068 3081 2138 keinen verdrossenen Ausbruck. Bront erschien
1132 2090 2104 2164 Zuschauer, die von nah und fern herbeigeströmt
479 2096 657 2179 Lust:
2108 2118 3080 2174 erst, als alle vollzählig beisammen waren; sie
1135 2136 2102 2187 waren. Gutsbesitzer, Pächter, die Bewohner der
2113 2156 3087 2224 liebte es, zuletzt in die Gesellschaft zu treten,
1129 2177 2112 2244 umliegenden Dörfer und kleinen Ortschaften
298 2154 1033 2251 Rauscht die Erde wie in
2108 2195 3077 2261 es machte mehr Effekt. Ein angenehmer Schauer
1126 2226 2106 2283 waren zu Fuß, zu Pferde, zu Wagen erschienen,
2103 2236 3083 2294 rieselte ihr über die Haut, wenn sie die vielen
477 2228 747 2318 Cräumen
1133 2255 2119 2317 um sich das Manöver anzusehen. Die Dragoner
1134 2314 3094 2357 waren weithin an ihren lichtblauen Röcken er= Blicke bewundernd auf sich gerichtet fühlte, be¬
312 2299 1017 2391 Wunderbar mit allen Bäuinen,
1132 2317 3077 2404 kennbar. Insanterie, Artillerie und Kavalleries sonders, menn es die Blicke der Männer waren,
2106 2371 3081 2444 die so viel neidloser zu bewundern verstanden
311 2369 1013 2459 Was dem Herzen kaum be¬
1135 2389 2110 2461 bewegten sich auf dem weiten Plan, scheinbar
2110 2418 2541 2469 als die der Damen.
1146 2446 2104 2495 ohne Ordnung und doch gegliedert und geschult.
474 2439 686 2524 wusst,
2154 2437 3085 2529 Heute war ihre mädchenhafte Verwirrung
1200 2473 2113 2540 „Da is url Detleff!“ rief Vronis helle
2112 2492 3082 2561 sehr groß, ihr Herz pochte lebhaft. Ueber
1122 2524 2102 2592 Mädchenstimme, als das Regiment des Bruders
304 2498 969 2592 Alte Zeiten, linde Crauer,
2114 2536 3083 2600 und über errötend, stand sie unter der wein¬
1142 2574 1392 2631 vorbeiritt.
310 2567 1029 2662 Und es schweifen leise Schauer
1189 2613 3092 2650 Der Leutnant hatte die Schwester gehört; er roten Sammetportiere, von der sich ihr reizen¬
2094 2611 3092 2684 des Figürchen plastisch abhob. Das weiße, reich
1121 2654 1788 2725 grüßte militärisch und lächelte.
327 2640 1021 2726 Wetterleuchtenddurch die Brust.
1188 2693 3096 2743 „Und da, — da ist —“ Vroni konnte nicht gestickte Kleid, die halberschlossene Rose an ihrer
506 2712 972 2798 Freiberr von Gichendorft.
1123 2700 3085 2797 weiter denken, ihr ganzes Empfinden lag in Brust paßten zu dem holden Bilde, das sich dar¬
2108 2748 3087 2824 bot. Karl Detleff zog die Schwester neckend ins
1135 2780 2107 2833 ihren Augen. Hinter seinem Leutnant, an der
2110 2803 2323 2875 Zimmer.
1134 2821 2103 2883 Seite der Soldaten, ritt Alvar Mannerheim, der
2162 2826 3083 2906 „Na, kleine Eitelkeit, bist du endlich da?“
1129 2869 2020 2924 im Manöver Unteroffizier geworden war.
2108 2894 2424 2963 sagte er leise.
1192 2914 2102 2975 „Alvar,“ jubelte Vroni heimlich, „ja, das
2145 2920 3098 3008 Dann stellte er ihr die Offiziere vor, zuletzt
1123 2957 2103 3028 muß er sein. Ol er ist noch stattlicher als auf
2100 2968 2414 3057 Mannerheim.
206 2966 1105 3065 Die Starken und die Schwachen.
1111 3001 1435 3068 dem Bilde!“
2154 3001 3096 3089 Leise klirren seine Sporen, als er das blonde
1194 3024 2099 3082 Auch Alvar blickte zu der schlanken Mädchen¬
278 3037 1048 3117 Roman von Herbert Rivulet.
2107 3066 2418 3130 Haupt neigt.
1130 3074 2103 3149 gestalt hinüber. Sein ernstes Gesicht erhellte sich
312 3100 1028 3179 (Freifran G u Schlippenbachl
2162 3084 3086 3159 Ein blitzschnelles Aufschen der grünlichen
1148 3130 2112 3177 und er gab den Blick zurück, der sich auf ihn,
2105 3135 3096 3205 Mädchenaugen. Nur eine Sekunde, aber Alvar
1120 3152 1960 3227 halb herausfordernd, halb scheu heftete.
682 3144 1113 3237 (Nachdruck verboten.
2100 3185 3085 3250 fühlt, wie seine tiefgebräunte Wange jäh er¬
1198 3174 2106 3271 „Möchte wissen, wer die junge Daure ist?“
223 3214 1144 3282 Rechlinghausen blickte gerade vor sich hin.
2105 3230 3096 3289 rötet. Eine so offenkundige Bewunderung brach
1147 3239 1662 3320 dachte Alvar nengierig.
170 3260 1142 3338 Er vermied es, die Augen nach rechts und links
2113 3277 3085 3330 aus Bronis Augen. Unwillkürlich dachte der
1204 3259 2108 3336 Das Manöver nahm seinen Fortgang. Die
176 3318 1135 3373 zu wenden; es gab ihm jedesmal einen Stich
2107 3316 3082 3389 Fr willige daran, daß sie dem Bruder sein Bild
1144 3320 2103 3383 blauen Dragoner schnitten gut ab, Mannschaften
2107 3367 2559 3421 weg enommen hatte.
173 3352 1143 3414 ins Herz, wenn er die Strecke passierte. Von
1154 3371 1924 3433 und Offiziere waren gleich schneidig.
170 3401 1155 3456 seinem Vater hatte Karl Detleff den Wald in
2156 3383 3079 3464 „Bitte, führe als quasi Vetter meine Schwe¬
1197 3383 2113 3465 Mit klingendem Spiel rückten die verschie¬
173 3444 1142 3502 vorzüglichem Zustande geerbt; damals gab es
2110 3445 3087 3508 ster,“ sagte des Leutuants Stimme, die wie aus
1152 3452 2100 3504 denen Regimenter in die ihnen angewiesenen
175 3484 1141 3541 noch eine gute Jagd in dem grünen Revier.
2112 3499 2795 3550 weiter Ferne zu kommen schien.
1147 3492 2106 3545 Quartiere ein; die Soldaten lagen in den Dör¬
172 3532 1147 3602 Wie hatte der Sohn das von den Ahnen Geheg¬
1150 3531 2120 3598 fern oder im Biwak, die Offiziere zum größten
2168 3512 3086 3597 Mannerheim ist so benommen, daß er nicht
180 3574 797 3642 te und Gepflegte verwaltet!
1153 3582 1637 3646 Teil auf den Gütern.
2113 3568 3085 3636 gleich tut, was von ihm erwartet wird, so daß
250 3597 1149 3688 „Was Du ererbt von deinen Vätern hast, er¬
1195 3601 2111 3678 „Leutnant von Rechlinghausen, Sie und Ihre
2109 3614 3084 3676 die anderen Paare schon ein Stück vorangeschrit¬
178 3645 797 3729 wirb es, um es zu besitzen.“
2117 3660 3084 3717 ten sind. Endlich reicht Broni mit einer tiefen
1147 3667 2105 3724 Leute nach Schloß Rechlinghausen,“ sagte der
239 3695 1135 3757 Er hatte das ernste Dichterwort nicht begrif¬
2102 3712 3084 3753 Verbeugung den Arm, und sie legt ihre Hand
1146 3706 2107 3769 Oberst der Dragoner, und leise fügte er hinzu:
178 3740 1150 3788 fen, als er, ein blutjunger, lebenslustiger Ka¬
2107 3734 3092 3803 hinein. Er glaubt ein kaum merkliches Zittern
1147 3750 1779 3818 „Ich denke, Sie sind zufrieden?
185 3790 1152 3839 valier, den schönen Besitz antrat. Wie würde
1202 3760 2109 3857 „Zu Besehl, Herr Oberst,“ entgegnete Karl
2106 3787 3083 3846 der kleinen weißen Hand zu spüren. Doch haben.
181 3824 1142 3871 er seinen Kindern das Familienerbe verma¬
2110 3833 3079 3887 sie kein Wort gesprochen. Stumm schreiten sie
1150 3824 1500 3905 Detleff erfreut.
175 3865 1150 3923 chen? Würden sie nicht einst den Vater ankla¬
2112 3862 3087 3923 nebeneinander her. Wie hoch überragt seine
1202 3848 2112 3937 Nur einen Augenblick hatte er Zeit, die Sei¬
2106 3907 3083 3974 Reckangestalt das zierliche Wesen an seiner Seite.
177 3912 1152 3968 gen und verurteilen? Und kann es etwas Bit¬
1158 3909 2101 3971 nen zu begrüßen, dann eilte er fort, um sich
2115 3948 3077 4009 Er sieht auf ihr goldigrot flimmerndes Köpf¬
1162 3944 2109 4005 an die Spitze seiner Soldaten zu stellen. Vor¬
180 3954 1151 4009 teres geben? Rechlinghausen atmete erst auf,
179 3993 1149 4052 als die öde Strecke hinter ihm lag und kühler
2111 3994 3077 4051 chen nieder; zwei schwere, lange Zöpfe hängen
1151 3992 1778 4061 her fragte ihn aber sein Vater:
2107 4030 3090 4095 über den Rücken. Die Mama wollte ihr Töch¬
1207 4030 2109 4106 „Wer ist der schöne, blonde Unteroffizier, der
175 4041 1154 4089 Waldesschatten ihn umfing. Dies war das
2113 4072 3085 4136 terchen heute nach der Mode frisieren lassen, aber
173 4072 1483 4137 letzte Stück des Forstes, das noch verschont ge=hinter dir ritt?“
187 4130 467 4167 blieben war.
