3392 4256
232 260 950 363 SethBirthdar
1089 247 1531 334 box 39/1
1933 162 2201 243 —
2708 213 2933 278 Mineapolls.
1857 247 2938 327 New-Vork, Parls, Rom, San Francisco, Stockholm, St. Peters¬
2255 295 2544 361 burg, Toronto.
2160 332 2671 420 (Quellenangabe ohnd Gerähr.)
1852 362 2943 475 Ausschnitt aus:  Zerdesd
1863 446 2194 535 36.5.1 02
1850 501 2024 553 vom:
2012 689 2777 801 Brev fra Wien.
1984 788 2802 873 Arthur Schnitzlers 50 Aars
2221 869 2561 951 FRuSEIsdag.
2042 981 2786 1047 I Modsmtming til tidligere Tider, hvor
1985 1020 2797 1100 Keiserstaden ved Donau behandlede sine
1996 1082 2783 1146 Distere og Kunstnere meget daarligt,
1994 1122 2783 1184 gedens de levede — man behgver blot at
1994 1179 2784 1237 mindes, hvor lenge Grillparzer og Anzen¬
1996 1223 2782 1285 gruber, efter at de havde skabt deres störste
2007 1281 2780 1343 Verker, fremdeles vandrede forpinte og mis¬
1988 1323 2793 1387 kendte om — synes den nuverende Wiener¬
1992 1357 2789 1439 generation og ikke mindst, üvad der er det
2006 1428 2804 1486 allergledeligste, Ungdommen at vere nanet
2008 1478 2793 1541 til Forstanelse af, at Digterne kun har ringe
1998 1523 2793 1593 Glede af de Lavrbarkranse, som legges paa
1986 1556 2792 1644 deres Grarhsj, men at det derimod kan
1995 1612 2790 1680 vere dem til Opmuntring og tjene dem til
1998 1664 2793 1738 yderligere Udvikling, naar de vinder Bifald
1999 1722 2733 1782 og finder Paaskgnnelse i levende Live.
2053 1774 2791 1836 I disse Dage har heie det literert inter¬
2002 1816 2796 1881 esserede Wien fejret Arthur Schnitzers 50
1992 1867 2792 1922 Aars Fedselsdag. Det fortraffelige Wiener
1996 1920 2784 1984 Teater- og Musik-Tidsskrift Der Merker
1994 1955 2782 2021 havde arrangeret en Schnitzlerfest, ved hvil¬
1999 2001 2793 2071 ken Felix Salten meget fint karakteriserede
2000 2049 2798 2131 Digtereus Liv og Virken. Derefter fulgter
1999 2110 2800 2180 Recitationer af Schnitzler’ske Verker ved
2004 2169 2601 2230 Wiens ferste Skuespillerkrafter.
2058 2213 2791 2267 I det Festnumer, som Der Merker har
2012 2273 2782 2328 udsendt i Anledning af Fedselsdagen, skri¬
2003 2299 2789 2375 ver blandt andre Georg Brandes under Tit¬
1997 2357 2681 2427 len „Schnitzler -Medaljons“ felgende:
2058 2411 2799 2475 „ Sam Lage vant til at behandle, hvadz
2003 2452 2801 2529 der er sygt, og fortrolig med Tanken om
1998 2500 2784 2576 Deden har han meget af Lagens Maade at
1996 2560 2801 2627 se paa i sit psykologiske Blik, ogsaa nogetF
2000 2609 2790 2675 af Lagens Upaavirkelighed i sin rolige
1997 2657 2782 2719 Holdning. Som Verdensmand gennem¬
1998 2709 2800 2767 trungt af Livets Ironi iagttager han med
1995 2750 2791 2811 overraskende Skarphed, er vittig som ingen
1992 2807 2790 2869 anden i Gengivelsen af den Komik, han har
1997 2849 2792 2913 iagttaget. Som Digter har han formaget
1993 2890 2797 2966 at fremstille al Tilverelsens Trylleri og al
2001 2961 2797 3011 dens Grusombed, Trylleriet, som heurykkerK
1997 3005 2793 3073 los, Grusomheden, der tilintetger os, alt det,
1994 3044 2787 3128 Isom en Gapg doktrinart kaldtes det Skenne
1999 3098 2783 3165 log det Tragiske. IIan siger: At Kvinderne
2007 3154 2781 3199 er saa elskelige, og at Kunsten er saa her¬
1994 3189 2800 3265 lig. ger Tävet rigt. At Lykken kobes san
1991 3231 2795 3321 dyrt og er saa flygtig, ger Livet tungt.
2000 3294 2786 3371 At Ulykken bestandig truer os, og at Dyden
1997 3327 2792 3419 ier saa nur, ger Livet usikkert, uhyggeligt
1993 3399 2250 3453 og kostbart.“
2048 3429 2793 3506 Ogsaa Studenterne har feiret Schnitzler.
1998 3503 2780 3560 Wiens „Akademisk Forbund for Kunst og
2002 3534 2780 3609 Literatur“ lod hans Drama Beatrices Sler
1988 3584 2792 3654 gecitere, nrmest som en Demonstration,
2001 3639 2787 3716 fordi dette dybe og rige Veerk endnu ikke er
1994 3695 2793 3756 Ablevet opfart paa nogen af Wiens Scener.
2010 3742 2776 3805 Forsvrigt har Wiens Teatre med Burg¬
2000 3789 2783 3843 tentret i Spidsen badret Digteren ved paa
2012 3840 2791 3911 Tpdselsdagen at spille Arbejder af ham.
2006 3888 2779 3942 Schnitzler sclv har, beskeden som han er.
2005 3929 2784 3998 unddraget sig al personlig Hyldest ved med“
2003 3989 2650 4053 sin Hustru at reise bort fra Byen.
2611 4024 2750 4108 P. P.
