3344 4352
1058 243 1508 337 box 39/1
201 239 965 362 Soth Birthdar
1219 2072 2094 2156 Diese grüblerischen Erkenntnisse sind bei
151 2091 1135 2157 Ruf wurde, so verdrießlich mußte dem ernsten
1123 2135 2086 2204 Schnitzler durch vielsältige Formen gegangen,
156 2146 1116 2201 Manne die Aussicht sein, ewig nur für den klassischen
1122 2186 2091 2241 haben sich, im Ernst und Scherz, mannigfach ge¬
151 2179 1120 2241 Vertreter einer spielerischen Erotik zu gelten. Das
1130 2224 2083 2285 staltet. Der Dichter ist der weltmännische Ironiker
157 2229 1119 2285 Erscheinen der „Liebelei“ machte ihn in einem
1126 2272 2086 2327 geblieben, als der er ausgezogen war, oder hat
152 2277 1119 2328 hiheren Sinne volkstümlich. Er hatte nun eine
1129 2308 2090 2373 sich in ein pathetisches Wogen von Handlungen
157 2324 1122 2376 Tragödie geschrieben, die nicht nur echt wienerisch
1135 2355 2081 2425 zu stürzen gesucht oder hat, namentlich in seiner
152 2374 1109 2421 war, sondern in ihrer Mischung von gemütvollem
1131 2396 2086 2456 letzten Zeit, in einem ganz feinen, abgeklärten
160 2402 1115 2465 Humor, Sentimentalität und erschütternder Trau¬
1128 2423 3033 2500 Stil der Erzählung, die Seltsamkeiten inneren Beschlüsse gesaßt werden sollen, sowie Neuwah¬
160 2448 1122 2512 rigkeit von überschwenglichen Beurteilern für das
1120 2493 3032 2540 und äußeren Geschehens zergliedert und wieder zuellen in den Verwaltungsrat und Revisionsausschuß
165 2494 952 2567 beste zeitgenössische Drama erklärt wurde.
2077 2514 3096 2588 stattfinden, werden alle Mitglieder dieser Anstalt er¬
1130 2536 2076 2592 sammengefügt, in seiner klugen Art lieber Fragen
261 2537 1119 2611 Aber schon hatte er früher, in der Novelle
2085 2572 3047 2628 sucht, ihre Legitimation unverzüglich an den „Deut.
1130 2571 2076 2639 gestellt als Antworten gegeben. In dem Roman
154 2589 1119 2657 „Sterben“, ein Thema angeschlagen, das ihn dann
2075 2613 3033 2684 schen Wahlausschuß“ Prag II., Tisch¬
1129 2616 2082 2677 „Der Weg ins Freie“ hat er zum erstenmal in
155 2636 1110 2686 immer wieder beschäftigt hat und in dessen
2075 2643 3033 2711 lergasse 14, unterschrieben einzusenden. Die
1131 2648 2084 2712 einer großen erzählenden Komposition an Pro¬
151 2685 1113 2743 Variation sich seine Künstlerschaft in weit wert¬
1121 2710 3033 2768 bleme seines Landes und seiner Zeit gerührt. Aber Legitimationen sind bereits von der Anstalt ausge¬
155 2724 1117 2779 vollerer Eigenart offenbarte: das Problem von
2076 2744 3036 2800 schickt und es ist daher unbedingt notwendig, daß
1119 2739 2084 2802 den Helden dieses Romanes selbst rühren die
154 2767 1123 2829 Leben und Tod in seiner metaphysisch=psychologi¬
1135 2795 3026 2841 Probleme wenig, er bleibt ein Unentschiedener, ein jedes Mitglied, welches Interesse an dem Gedeihen
153 2821 1118 2867 schen Zusammensetzung. Dem Schauspiel „Frei¬
2078 2829 3035 2884 dieser Institution hat, seine Legitimation nur obiger
1123 2832 2078 2883 Dilettant. Auch Medardus Klähr ist kein Held,
157 2853 1113 2911 wild“ gibt dann wieder dieses Problem seine über
2074 2873 2876 2924 Sammelstelle (Tischlergasse 14) zuwendet.
1129 2869 2073 2940 sondern ein Narr. So unerbittlich ist der Dichter
159 2902 1116 2967 eine spannende Theatralik ragenden Höhen. Und
2213 2904 3050 2969 (Landessanitätsrat.) In der letzten Sitzung
1127 2920 2080 2980 gegen seine Menschen; und darin liegt seine Stärke
151 2941 1121 2990 wieder durchzittert es die angstvoll-naiven Ge¬
2081 2959 3036 3022 gelangten nachstehende Gegenstände zur Verhand¬
1122 2967 2070 3022 und Schwäche zugleich. Hätte er Naivität und
154 2981 1124 3038 dankengänge des Leutnants Gustl, um endlich in
2087 3002 3030 3050 lung: Verwertung einiger Quellen in Oberreuth
1120 2995 2064 3054 Gutgläubigkeit genug, einen Helden für eine mög¬
157 3026 1110 3095 schaurigem Glanz im „Ruf des Lebens“ aufzu¬
2074 3046 3027 3094 (pol. Bez. Asch) zu Heilzwecken; Errichtung eines
1134 3041 2078 3100 liche Erscheinung zu halten, selbst auf die Gefahr
157 3061 1110 3123 leuchten. Und diese traurige Erkenntnis, daß dem
2076 3075 3045 3124 Ridium=Emanatoriums im Sanatorium Franken¬
1120 3084 2071 3144 hin, daß dieser Held sich als Narr entpuppt, dann
2088 3122 3039 3171 stein (pol. Bez. Rumburg); Besetzung der Vize¬
155 3120 1120 3168 Menschen das Leben der Güter höchstes ist, führt
1125 3131 2074 3188 würde sein Pathos vielleicht noch tragfähiger wer¬
2082 3156 3027 3201 direktorstelle für das allgemeine öffentliche Kranken¬
157 3156 1118 3224 den Dichter zu seiner unerbittlichen Beurteilung der
1123 3173 2079 3226 den. Aber dann wäre er vielleicht auch nicht mehr
2077 3199 3032 3239 haus in Prag; Errichtung von Emanationskammern
3030 3175 3092 3253 3
165 3200 1116 3257 Menschen, zu der Entfernung alles dessen, was
1130 3218 2067 3267 Arthur Schnitzler, der feinste Künstler der deut¬
2075 3236 3040 3302 im Fürstenbade in Teplitz; Füllung und Versendung
155 3236 1122 3316 die Tatsache verschleiert, daß ihnen das Wichtigste
2049 3256 3049 3339 vor Mineralwässern in Podébrad; Errichtung von
159 3261 1722 3344 das Leben ist und das Nächstwichtigste die Be- schen Literatur in Oesterreich.
1643 3307 3078 3390 Zudwig Speiner. neßen öffentlichen Apotheken in Weinberge, Böhm.=
163 3331 668 3419 quemlichkeit des Lebens.
3094 2571 3141 2615 100
3102 2534 3155 2584 100
