3344 4352
1128 177 1572 270 box 39/1
217 196 985 300 ethBirthdar
353 1994 755 2078 Ausschnitt aus:
793 2018 1481 2163 Tezichs Bundschau, Berie
352 2102 869 2220 vom: J3MATTE
435 2211 1396 2317 Hus dem Kunstleben.
427 2352 1511 2449 Arthur Schnitzler vollendet heute sein 50. Lebensjahr.
301 2402 1510 2482 Einer. der die Wiener Jugend verkörperte, überschreitet den
305 2454 1507 2534 Grenzstrich, hinter dem Erinnern mehr gilt als Erleben. Noch
309 2494 1507 2575 ist seine Schaffenskraft jung. Sein neuester Novellenband:
306 2531 1513 2624 „Masken und Wunder“ zeugt dafür. Aber Schnitzler ist doch
305 2590 1505 2670 nicht mehr ganz „Anatole“, und die Mädchen, die er schildert,
301 2633 1521 2711 tragen doch nicht mehr die scheue und zitternde Süßigkeit wie
292 2678 1511 2756 vor zwanzig Jahren, da diese leichtfertige und zärtlichen, iro¬
300 2721 1516 2801 nischen und feinen Einakter seinen Ruhm begründeten.
302 2761 1516 2847 Schnitzker wird das Bild seines literarischen Gesichts nicht mehr
287 2811 1514 2887 umprägen, doch es scheint manches strenger zu werden, und
298 2849 1277 2934 das Auge blickt ernster nach letzten Geheimnissen.
925 2911 1091 2963 „ „
2041 300 2649 404 Klose & Seidel
1903 395 2950 465 Bureau für Zeitungesusechnitte.
1883 451 2787 525 Berlin NO. 43, Georgenkirchplatz 211
1945 564 2726 634 (Liest die meisten Zeitungen und ist das
1936 624 2732 678 bestorganisierteste Bureau Deutschlands.)
1713 768 2785 846 Zeitung:
1704 869 2760 972 S
1713 964 2196 1060 Datum
2213 1135 2535 1219 —9
2108 1214 2165 1299 8
2331 1192 3050 1368 umschau SEE
2229 1348 2672 1426 Artur Schnitzler
2135 1409 2787 1470 Zu seinem 50. Geburtstage
1954 1445 3068 1522 In einer Novelle: „Die dreifache Warnung“ erzählt der
1840 1491 3079 1558 Dichter von einem Jüngling, der einen steilen Berg besteigt. Trotz
1838 1543 3065 1604 dreisacher Mahnung einer Geisterstimme, umzukehren, wenn er nicht
1832 1571 3071 1620 einen Mord begehen, nicht sein Vaterland verderben, nicht den Tod¬
1841 1618 3075 1679 erleiden wolle, erreicht er sein Ziel. Dort aber gibt sich ihm jener
1836 1653 3071 1722 Geist als die Krazk zu erkennen, „die am Anfang aller Tage war
1826 1701 3057 1742 und weiter wirkt „naufhaltsam in die Ewigkeit durch alles Geschehen“
1828 1739 3066 1795 und offenbart ihm, wie er in der Tat jenes Schicksal verwirkt hat,
1833 1774 3067 1831 wovor er gewarnt war. Da flucht er dem Geist mit der Bitternis
1822 1813 3069 1879 des Todes im Herzen: „Denn bist du die Kraft, die am Anfang
1829 1850 3067 1898 aller Tage war und weiterwirkt in die Ewigkeit durch alles Geschehen,
1833 1893 3068 1955 dann mußte ja all dies kommen, wie es kam, dann mußt' ich den
1825 1939 3058 1992 Wald durchschreiten, um einen Mord zu begehen, mußte über die
1834 1968 3059 2012 Wiese wandern, um mein Vaterland zu verderben, mußte den Felsen
1834 2016 3068 2072 erklimmen, um meinen Untergang zu finden — deiner Warnung
1827 2048 3063 2102 zum Trotz. Warum also war ich verurteilt, sie zu hören, dreimal,
1830 2083 3053 2149 die wir doch nichts nutzen durfte? Mußte auch dies sein? Und
1821 2128 3062 2205 warum, o Hohn über allem Hohn, muß ich noch im letzten Augen¬
1822 2166 2855 2224 blick mein ohnmächtiges Warum dir entgegenwimmern?“
1955 2201 3065 2243 Das symbolische Geschick dieses Jünglings ist in hohem Maße!
1823 2244 3064 2320 für die Dichtung Säniglers kennzeichnend. Diese Schicksalsgebärde
1828 2286 3065 2340 ist Hamleischen Ursprungs, ist die Gebärde eines, der die wider¬
1825 2328 3066 2359 spruchsvollen Zusammenhänge des Lebens erkannt hat, und dem nun
1824 2358 3068 2424 dies Leben nicht mehr lebenswert ist. In der Seele dieses modernen
1823 2400 3049 2459 wienerischen Hamlet löst sich diese Lebensverzweiflung teils in frühen,
1826 2437 3053 2505 wehmütig weichen Verzicht, teils in zersetzende, lächelnde Spöttelei,
1826 2483 3058 2539 in eine ironische Melancholie, eine melancholische Ironie, die rasch
1822 2520 3055 2570 zur Selbstbelächlung, Selbstverhöhnung wird, und die sich lässig und
1815 2561 3058 2615 ein wenig hochmütig einem träumerisch sinnlichen Genuß ergibt. Mit
1829 2604 3053 2661 Schnitzler sind alle seine Gestalten Wiener: die jungen Herren vonf
1818 2639 3053 2695 Vermögen und vornehmer Herkunft, meist in freien Berufen tätig¬
1812 2658 3052 2740 die ihr kleines, nicht eben nennenswertes Leben ziemlich wichtig
1813 2720 3041 2758 nehmen, ohne seiner je recht Herr werden zu können, und die
1824 2756 3043 2817 Mädchen, die sie lieben, und die in ihrer schönen Kraft der Treu¬
1816 2793 3051 2856 soviel wertvoller sind als jene, denen sie sich so leicht ergeben. Und
1821 2829 3041 2888 der Dichter hat ihr tränenreiches Geschick mit einem schmerzlich
1823 2874 3039 2931 wissenden Lächeln zum singenden Reigen geschlungen, immer dem
1818 2899 3051 2969 Spiel nahe, dem Theater, der Marionettenpantomime. Die dramatischen
1823 2955 3055 3013 und epischen Werke Schnitzlers sind Veränderung und Erweiterung!
1815 2975 2858 3053 immer des gleichen Themas. Im Anatol“ heißt es:
2122 3026 2621 3080 „Also spielen wir Theater,
2114 3064 2672 3120 Spielen unsere eignen Stücke,
2104 3112 2771 3162 Früh gereist und zart und trau#ig
2110 3144 2639 3204 Die Komödie unsrer Seele.“
1814 3169 3052 3239 Und von hier bis zu einer der letzten großen Figuren, dem
1813 3227 3037 3273 „Medardus“, ist ein gerader Weg: „Gott wollte ihn zum Helden
1814 3269 3027 3307 machen, der Lauf der Dinge aber machte einen Narren aus ihm.“
1836 3297 3046 3359 — Mit weichen, schönen, schmeichlerischen Händen greifen diese
1811 3329 3038 3404 Dämmerseelen nach einander, lächelnd vor einander, lächelnd vor
1814 3374 3030 3423 dem Spiegel verweilend, um sich trauernd wieder zu entgleiten. Sie
1811 3411 3047 3477 seuszen von Liebe und Tod und gefallen sich doch in ihrer von
1816 3457 2703 3516 Schicksalstragik umspielten Hamletschen Gebärde.
1928 3499 3056 3563 Schnitzler ist Arzt. Und sein Stil hat davon die umsichtige
1798 3515 3039 3591 psycholagische Beweisführung, die freundliche, ein wenig förmliche
1806 3578 3039 3631 Haltung, die wohituende, gelassene Ruhe. Und dieser klare Stil ist
1803 3606 3041 3667 Träger einer süßen, dunkelschimmernden Poesie. Herbstliche Land¬
1806 3654 3040 3711 schaften der Seele weiten sich, in deren Seen die schönen, wehmütig
1782 3696 3037 3758 Kträumerischen Gesichter seiner Menschen sich spiegeln. — Arsbur
1796 3734 3044 3783 Schnter hai unsere Dichtung um durchaus eigene Werte bereichert.
1804 3766 3045 3825 Auf der Höhe seines Lebens grüßen wir den Dichter. (Schnitzlers!
1799 3805 3038 3873 Werke sind bei S. Fischer in Berlin erschienen, jetzt eben wird eine
1802 3852 3039 3912 Gesamtausgabe veranstaltet, von der die erzählenden Schriften zu
1792 3883 2335 3951 nächst vorliegen werden.)
