3392 4320
1104 212 1550 302 box 39/1
247 205 951 316 Soth Birthday
346 1108 698 1195 Ausschnitt aug
527 1120 1314 1239 25. Müsesadzileng, Steilmn
2536 1194 2617 1279 —
1598 1264 2817 1326 ausnehmen muß): und das Motto „Frisch gestrichen!“ gibt im
1606 1321 2822 1369 Sinne eines kategorischen Imperativs mehr in den Räumen der
752 1312 1245 1403 Berliner Bilder.
1614 1358 2811 1423 Kunstabteilung des Berliner Polizeipräsidiums den Ton an, als in
793 1387 1182 1468 Inhibierte Kunst.
1615 1401 2812 1458 anderen Sälen und Zimmern, welche in Deutschland ähnlicher
1612 1445 2818 1501 Bestimmung dienen. Gerade die Speisekarte der letzten Berliner
453 1439 1593 1510 □Wie viele andere Theater Deutschlands rüstete sich jüngst
1614 1482 2814 1545 Kunstbütteleien ist ja ebenso umfangreich, wie mit schwer verdau¬
377 1491 1592 1552 auch die Bühne einer süddeutschen Großstadt, ihren Arthur Schnitz¬
1606 1527 2806 1594 lichen und nach leicht übersehbaren Prinzipien zusammengestellten
377 1536 1602 1586 ler zu feiern. Man spendete ihm als Geburtstagsgirlande die Auf¬
1608 1577 2812 1639 Gerichten gefüllt. Man hat dem „Zweckverband Groß=Berlin“,
378 1582 1594 1646 führung einiger seiner Einakter und stellte in die Mitte des
1596 1601 2818 1679 von den Litfaßsäulen der Hauptstadt herab, sein Agitationsplakat
384 1632 1590 1683 Abends jenes Spiel vom „Grünen Kakadu“, in welchem der Blut¬
1610 1655 2819 1728 gepfändet, durch dessen figürliche Darstellung — ein abgezehrtes
382 1672 1597 1726 strom der Revolution bis hart an die Ufer einer karnevalistischen
1611 1700 2821 1765 neben einem wohlgenährten Berliner Kinde — die unerbittliche
374 1715 1602 1769 Farce fließt, in der Schnitzler aus Scherz und Ernst eine bunt
1601 1752 2824 1805 Wahrheitssagerin Käthe Kollwitz der großen Menge die dieser
379 1767 1595 1821 schillernde Stimmung webt und die Kanonade der Tragik urplötz¬
1612 1793 2821 1852 bisher verborgene Tatsache mitzuteilen versuchte, daß im Zentrum
375 1802 1591 1864 lich in eine ironisch=kichernde Situation hereindröhnt. An diesem
1595 1839 2817 1898 des drei Millionen=Nestes hunderttausende von Kindern luft= und
371 1844 1596 1898 Geburtstagsfeste stellte sich in jener Stadt als Gratulant freilich
1604 1872 2814 1951 lichtdurstig, körperlich und seelisch verkümmert, neben einer Mino¬
378 1883 1591 1937 auch der Zensor ein. Aber er kam nicht um zu geben, fondern
1607 1911 2823 1979 rität in dieser Beziehung besser gestellten, großbürgerlichen Nach¬
387 1928 1594 1982 um zu nehmen: allerhand Wortbrosamen, die ihm auf dem Tische
1605 1970 2823 2038 wuchses dahinwelken. Man hat in Neu=Kölln, das vor kurzem
1355 1978 1607 2035 herflüssig
382 1982 1298 2032 des Reichen (des Geist=Reichen) Wuth##
1614 2020 2814 2067 noch Rixdorf hieß, dem Volkschor der „Freien Volksbühne“ Kar¬
380 2034 1592 2087 schienen, und die er nun seiner Sammlung verbotener Gegenstände
1611 2054 2811 2114 freitagsaufführungen der Oratorien „Der heilige Franziskus“
366 2063 1594 2132 einverleibte. So wurde in jener süddeutschen Großstadt der
1614 2099 2817 2154 und „Die heilige Elisabeth“ verwehrt, trotzdem der Verfasser des
380 2117 1593 2161 „grüne Kakadu“ (verstümmelt, zahlreicher Federn beraubt, aus
1618 2139 2824 2203 letztgenannten, ehrwürdigen Chorwerkes der Abbé Franz Liszt ist
387 2149 1587 2202 vielen Wunden blutend) ein „roter" Kakadu. Der Zensor be¬
1617 2200 2823 2252 und in der brunstvollen Weihe und Langweiligkeit dieser Legende
377 2188 1599 2258 förderte zum fünszigsten Geburtstage Arthur Schnitzlers sich selbst
1604 2221 2817 2305 „gewiß keine der Weltanschauungen Frank Wedekindts oder Philipp
382 2251 1595 2296 zum Dichterkompegnon des gefeierten Pocten: denn er stilisierte
1613 2286 2826 2329 Scheidemanns zu entdecken sein dürfte. Man hat endlich, wieder
384 2277 1588 2343 eine Stelle des Dramentextes, an welcher von den „Adligen und
1608 2315 2817 2376 durch ein Zensorverbot, des verstorbenen Emil Rosenows vier¬
389 2322 1586 2386 den Herren vom Hofe“ gesprochen wird, die in der Taverne zum
1612 2351 2815 2416 aktiges Drama: „Die im Schatten leben“ gleichfalls der „Freien
375 2370 1590 2433 „Grünen Kakadu“ das Gruseln zu lernen lieben, wesentlich un¬
1609 2400 2825 2458 Volksbühne“ aus den Händen gerissen: dieses Werk, das unerbitt¬
373 2409 1558 2467 verfänglicher, indem er statt „Adlige und Herren vom Hofe“ —
1604 2454 2829 2510 lich ist, wie das Leben; ohne jedes demagogische Tartarin=Pathos
382 2451 1585 2526 „vornehme Leute“ sagen ließ. Das Fanfarenwort, eine der maß¬
1618 2482 2836 2552 und seine Schicksalsfügungen nur dem harten „Muß“ der gang und
372 2508 1594 2557 gebendsten Textpointen der ganzen Groteske: „Niemals kann der
1614 2529 2823 2594 gäben Lebensnotwendigkeiten unterstellend; und das in diesem
379 2545 1604 2609 Ruf nach Freiheit schöner klingen, als an der Leiche eines Her¬
1620 2580 2835 2636 Stil (der übrigens auch der Käthe Kollwitz=Stil ist), das moralische
378 2582 1603 2644 zogs“ wurde ganz erstickt: an dieser Stelle bekam Arthur Schnitz¬
1610 2605 2835 2683 und 'materielle Vergehen einer Hüttenarbeiterfamilie aus dem
381 2630 1603 2694 ler zur Feier seines Geburtstages einen Knebel in den Mund.
1608 2658 2821 2720 Dortmunder Gebiet al fresko malt. Man sieht also: Berlin in
376 2676 1605 2728 Ebenso schien es dem Zensor nicht dem Hofton entsprechend, das
1610 2709 2817 2767 der Kunstwelt voran! Aber die Zensurbureaus ganz Deutsch¬
381 2709 1600 2787 Ding beim rechten Namen nennen und von einem „erstochenen“
1611 2755 2820 2811 lands, allein jene Kakaduepisode beweist es, gehen mit der guten
387 2754 1596 2837 Herzog reden zu lassen: Der Herzog wurde „getötet“, nicht :i donc
1613 2794 2819 2850 Berliner Kameradin in gleichem Schritt und Tritt. Es ist die
395 2811 1598 2865 „erstochen“. Und, zuletzt, aber nicht am Letzten: jenes Zukunfts¬
1622 2835 2819 2898 Parole ausgegeben (eine jener Parolen, die man weniger hören,
386 2857 1608 2912 idyll, von dem der Held Schnitzlers, der unselige Schauspieler
1627 2889 2823 2943 als fühlen kann), sich bei allen den Mannern, die plötzlich in der
391 2891 1600 2953 Henri, Canio's Zwillingsbruder schwärmt, wenn er zu seiner
1616 2923 2819 2982 Politik, in der Ethik, in allen Sälen der Kultur offenkundig zur
389 2931 1611 2996 Geliebten Nedda=Leocadie sagt: Wir wollen von einem Kinde
1609 2967 2828 3023 Herrschaft des freien Wortes schwören, dadurch zu revanchieren,
373 2975 1593 3043 träumen“, wurde dieses noch nicht einmal geborenen Kindes eben¬
1613 3022 2822 3074 daß man sie bei ihrer empfindlichsten Stelle, nämlich an den Weich¬
384 3019 1599 3081 falls beraubt. Das Kinderkriegen bleibt, wenn nicht der Ehering
1611 3054 2817 3116 teilen ihres Kunstempfindens packt. Sollten nicht da der „Goethe¬
377 3064 1605 3121 die Sache sanktioniert, selbst im Traume unsittlich und hat nicht
1612 3086 2831 3165 bund“, der „Verband deutscher Bühnenschriftsteller" und andere
385 3106 1604 3173 stattzufinden. Um alle Eventualitäten zu vermeiden, gebietet der
1614 3146 2824 3209 namhafte Literatur=Korps einige scharf geschliffene Pfeile auf jene
385 3161 1603 3226 Zensor illegitimen Liebesleuten von vornherein: „Jehn Se aus¬
1619 3198 2535 3260 Schützen zurückspringen lassen? Ich meine doch!
386 3207 667 3274 einander"!..
1732 3218 2816 3288 Aber ich kann noch besseres Beweismaterial für die Schilde¬
501 3226 1601 3302 Ich erzähle diese neueste und verbürgte Notiz aus Zensur¬
1613 3271 2820 3330 rung der gegenwärtigen Beziehung zwischen Zensur und Kunst bei¬
375 3272 1606 3344 Schilda so ausführlich, um die reichshauptstädtische Zensurbehörde
1620 3297 2832 3374 bringen. Ganz in der Nähe Berlins wird von politisch unbeschol¬
389 3323 1608 3395 von dem ihr neuerdings wieder mit Leidenschaft gemachten Vor¬
1610 3357 2828 3420 tenster, märkisch=brandenburgischer Seite ein Freilichtspiel
380 3373 1608 3441 wurf der Schnüffelei in politischen und Kunstdingen ein wenig
1620 3398 2823 3460 vorbereitet, dessen Zweck es ist, zur Feier des vor ca. 500 Jahren
385 3409 1616 3485 zu entlasten, und um zu zeigen, daß auch die wilden Zensoren
1621 3452 2830 3505 vollzogenen Einzug der Hohenzollern in die Mark, zu zeigen, wie
377 3463 1605 3519 draußen im Reich keine besseren Künstler sind, als unsere Jagow,
1614 3493 2830 3553 die gepanzerte Faust Friedrichs, des Burggrafen zu Nürnberg die
382 3499 1601 3572 Glasenapp und Klotz. Gewiß springt der Berliner Zensurrotstift
1625 3535 2825 3592 Herrschaft der Raubritter, der Krachte und der Itzenplitz in
386 3548 1602 3606 noch schneller aus der Hülse, als der anderer deutscher Kunst¬
382 3587 2907 3664 staatsanwälte (wenn ich nicht gerade den des Münchener Kollegen 1 Scherben schlug. Man sieht, das ist nicht gerade oriainell: — die Ir
2836 1265 3341 1319 Muster Willibald Alexis 1
2832 1312 3340 1371 seit geraumer Zeit im pre
2828 1346 3342 1412 fechtbar patriotisch. Doch d
2827 1387 3339 1457 gierungspräsidenten sieht
2822 1437 3342 1499 und Schmutz, wo die Stan
2836 1479 3335 1541 Und so ist auch hier ein „A
2829 1530 3340 1590 rung des Dramas verhinde
2824 1566 3335 1630 an den Pranger der Ge
2820 1605 3344 1676 märkischen Adelsgeschlechten
2824 1655 3329 1721 heute existieren, — der H
2841 1705 3333 1762 ein Nachkomme — und sich
2833 1740 3347 1802 erlauchten Ahnherren chokie
2837 1792 3327 1841 ihren Wesenszügen von so
2829 1834 3341 1884 von unüberbietbarer Kom
2833 1877 3342 1927 unternehmer, die ihre Kos#
2831 1918 3336 1978 haben wollen, ist es ja kind
2836 1964 3329 2021 zu nehmen. Man mache
2826 1997 3347 2070 einem Fabelvorgang, etwa
2833 2052 3338 2105 Man verwandele die adeli
2832 2090 3337 2157 der Hohenzollern beugen
2829 2138 3341 2195 nachzuweisende, aber doch
2830 2178 3339 2231 Raubritter. Man taufe dies
2829 2224 3337 2280 Pachnicke, Scheidemann, L#
2829 2268 3341 2319 daß das „accipio“ des Re
2830 2305 3344 2385 dasein, und daß er, der Prä
2834 2353 3339 2428 „Ihr da macht fort: das S
