3392 4352
288 292 984 403 5oth Birthdav
1122 292 1580 390 box 39/1
1518 1102 2107 1176 .— Rew-Teif
1026 1117 2059 1193 Paris, Rom, öan Francisce, Stockhelm, St. Petersburg.
990 1216 2189 1344 ud Ugeitchn.
998 1320 1704 1456 S
1686 1353 2174 1507 Wse- 3el.
1246 1549 1798 1624 ARTHLIR-SCHNITZLER.
1068 1614 2009 1675 Arthur Schnitzler is fiftg vears old. When
1033 1647 2014 1708 Anatol was written he was about thirty. Since then
1039 1684 2011 1742 he has published nearlg twentg volumes—dialogues,
1028 1737 2011 1776 one-act plays, long plays, short stories, and two
1035 1769 2021 1805 novels. Anatol was immediately successful. The
1046 1803 2014 1853 Viennese crities Spoke of its good humor, its easy
1033 1831 2011 1895 impertinence, its touch of melancholy, the light
1032 1875 2008 1932 mocker Which Schnitzler was even readier to turn
1034 1917 2012 1959 agains himself than upon other people. All this,
1030 1946 1856 1991 #theg said, is so like Vienna and yet so new.
1086 1979 2015 2024 * So like Vienna and get so new’’—that is one of
1038 2020 2015 2079 the things people still say about Schnitzler. For
1047 2056 2017 2104 the newness is as new as ever, and has still a little“
1039 2082 2020 2150 mysterg. Schnitzler is oue of the clearest among
1039 2134 2018 2180 writers of German, get his books have meanings which“
1044 2171 2004 2212 change their colors in different lights, so that only
1029 2205 2011 2246 an unsympathetie or an unintelligent reader is ever!
1036 2247 2008 2291 sure that he whollg understands. HIermann Bahr,
1038 2280 2015 2321 an old friend, who has dedicated one of his books
1039 2316 2011 2359 to#my dear Arthur Schnitzler,“ does not pretend
1045 2349 2011 2393 qnite to understand. These four plays, he has said
1043 2389 2022 2436 of the volume called“ Lebendige Stunden '’—we are
1045 2418 2015 2472 making oulg a rongh paraphrase of bis words—ex¬
1041 2464 2008 2511 cite a thonsand thoughts and feelings in us, but in
1042 2498 2018 2529 such a wag that each of them is softened and changed
1032 2533 2004 2583 br the oue that follows. The poet’s function is by
1045 2575 2014 2628 his words to make us feel more than words can
1040 2609 1220 2659 express.
1071 2637 2010 2682 Perhaps it is this peculiarity which has so far kept
1037 2686 2006 2730 Schnitzler from being widely popular in this conntry
1042 2719 2018 2757 or England. Yet one is not sure. His short stories,
1039 2764 2016 2804 thongh not more interesting than his long novel.
1060 2791 2017 2835 * Der Weg ins Freie.“ or than such a play as Der¬
1047 2825 2015 2877 Einsame Weg. are in our opinion more perfectly
1039 2866 2012 2919 accomplished. Inthem Schnitzler succeeds most
1043 2904 2022 2953 thoroughig in doing exactl what he wants. Andi
1049 2937 2022 2980 several of them are extraordinarily exciting. It is
1047 2969 2023 3020 bard to read such little intense masterpieces as“ Ein
1040 3024 2013 3060 Abschied.“ Die Toten Schweigen,' or “ Leutnant
1046 3049 2028 3081 Gustl.“ withont holding one’s breath. Seldom has
1051 3084 2026 3134 ang anthor succeeded as Schnitzler has succeeded!
1039 3114 2021 3179 here and in“ Sterben.“ in being both almost un¬
1046 3149 1738 3208 bearablg exeiting and also profound.
1090 3188 2019 3235 Tet it mag be another peculiarity which has post¬
1046 3231 2013 3280 pored Schnitzler’s wider fame. Are his people.
1045 3274 2018 3316 Judged as most of us judge real persons, either good¬
1040 3308 2016 3343 or bad? It is quite plain that Schnitzler does nott
1045 3341 2017 3391 divide them into good and bad. Such a division would
1040 3378 2018 3426 not interest him. Mang of his men and women havel
1047 3422 2014 3461 a grace of nature which survives their“ worst'’ deeds.
1045 3455 2029 3504 And he wakens, in sympathetic readers, feelings which
1046 3487 2024 3536 for the time he can make appear more important,
1051 3530 2014 3573 more fundamental, than a feeling for right and wrong.
1040 3568 2025 3612 Perhaps that explains why he has seldom been among
1042 3602 1716 3646 the best sellers.—New York Globe.
