3392 4352
319 310 1019 408 Soth Birthdar
1170 306 1620 388 box 39/1
2422 1291 2550 1379 1075
1166 1388 2555 1449 Manier nun zeigen, wie sich die Rasse, die Herkunft, die
1160 1458 2571 1506 Erziehung in einzelnen Werken spiegeln, wie Lebensumstände zu
1159 1496 2567 1549 Dichtungselementen geworden sind. Aber das ginge zu weit und
1176 1541 2567 1597 sei den Einzelbetrachtern überlassen. Bemerkenswert ist noch, daß
1177 1589 2571 1649 wir hier einer Reihe von Schriftstellern gegenüberstehen, die im
1165 1640 2563 1688 Dramatischen ihre größten Siege erfochten haben und an deren
1172 1695 2567 1750 Namen sich die Erinnerung an die größten Theatererfolge des
1173 1745 2560 1800 vergangenen Dezenniums knüpfen. Um nur einige Beispiele zu
1160 1793 2553 1846 nennen: Der Probekandidat, Flachsmann als Erzieher, Alt¬
1158 1833 2563 1886 Heidelberg, Der Talismann und Traumulus. Rechnet man noch
1167 1891 2565 1942 die geborenen Dramatiker Hauptmann und Schnitzler dazu, so
1168 1937 2564 1995 könnte man fast glauben, einer lebendigen Theatergeschichte der
1167 1983 2560 2042 jüngeren Vergangenheit gegenüberzustehen. Das ist weiter nicht
1163 2036 2568 2089 verwunderlich. Denn in der Zeit der literarischen Entwicklung
1162 2080 2563 2138 dieser Männer liegt der Siegeszug des Naturalismus, des Tendenz¬
1173 2128 2562 2184 dramas, liegt die Sehnsucht nach einem Theaterstück, nach einer
2510 2177 2563 2233 S
1170 2173 2481 2222 Stildichtung, nach einem neuen psychologischen Drama. Kurz,
1175 2220 2570 2284 liegt alles, was das Theater bewegt und ihm für unsere An¬
1176 2281 2361 2341 schauungen Stoff= und Behandlungsmöglichkeiten bietet.
1287 2318 2566 2369 Trotzdem sind auch die anderen Dichtungsarten nicht zu
1175 2380 2568 2428 kurz gekommen. Wenn wir dessen gedenken wollen, was aus
1172 2419 2570 2476 dieser Jubelreihe abseits vom Dramatischen an Wertvollem und
1169 2473 2576 2522 Bleibendem hervorgegangen ist, dann wird uns Hauptmanns
1170 2520 2569 2574 Emanuel Quint, Schnitzlers wundervolle Novellen, Ernstens
1169 2565 2565 2618 Asmus Semper, Bährs Österreichischer Romanzyklus dankbar
1176 2621 2560 2669 in den Sinn kommen, dann werden wir uns des kecken un¬
1177 2663 2571 2726 gebärdigen Lyrikers Arno Holz und des zierlichen Julda freuen
1176 2706 2562 2761 und daneben noch dessen Übersetzungskünsten, die uns den bühnen¬
1181 2755 2572 2806 mäßigsten Molière schenkten, ein herzhaftes Lob singen. Das sind
1179 2811 2567 2871 so runde, friedvolle Zusammenstellungen, die der gute, fröhliche
1181 2861 2568 2915 Zweck dieser Zeilen und ihre Veranlassung heiligt. Und es ist
1169 2900 2569 2962 fast komisch, daran zu denken, wie um diesen Menschen oder um
1173 2957 2571 3017 jenes Werk ein grimmiger Kampf tobte, Bruderkriege der
1169 3002 2566 3061 Literatur ausgefochten wurden und ernsteste Lebensangelegenheit
1178 3051 2571 3106 war, was heute, von einem Lächeln der Vergänglichkeit behütet,
1173 3108 2569 3156 als Erinnerung im Herzen oder im untersten Fache der Schränke
1170 3146 2577 3190 ruht. Hier heilt die Zeit wirklich die Wunden, die Ideale des
1176 3189 2574 3251 Jugendübermutes geschlagen haben! Man wird älter, reifer, ruhiger,
1169 3250 2571 3308 läßt jedem seine Meinung, und wenn man erst Erfolg gehabt
1179 3289 2577 3351 oder dessen gefährliche Lockungen verspürt hat, dann wird man
1170 3355 2575 3401 beinahe egoistisch. Und man muß nur zurückblicken, um zu sehen,
1173 3387 2579 3443 daß es immer so war, und daß man das Literaturgeschichte nennt.
1181 3443 2572 3501 Deswegen ist die Literatur, wie wir wissen, nicht zu kurz ge¬
1182 3495 1735 3559 kommen. Im Gegenteil.
1300 3538 2574 3591 Ich muß es immer wieder bedauern, daß sich hier, in diesem
1171 3586 2576 3649 engen Rahmen, das Einzelne im Bemerkenswerten der einzelnen
1173 3643 2570 3691 Entwicklungen nicht aufzeigen läßt. Denn diese alle haben, wie
1175 3701 2575 3747 ich schon sagte, die Revolution von 1890 mitgemacht, sind zum
1176 3731 2599 3802 Teil mit ihr zur Herrschaft gelangt, sind dann zum Teil in andere
