3344 4320
141 196 220 279 1
206 151 1604 285 50th- Birthdan box 39/1
777 1496 3127 1584 betrachten. Im allgemeinen ist ja das Publikum gewohnt, heute noch, nachdem der Schulzwang längst aufgehoben
785 1548 3135 1646 seine Autoren immer nur im Lichte ihres letzten Werkes und jeder seine eigenen Wege aebt, freundschaftlick
111 1548 342 1656 klag
775 1582 3133 1696 zu sehen, und jederzeit geneigt, über dem jüngsten alle zusammenhält. Sein Wienertum hat Schnitzler nie zum
334 1543 702 1714 E
1939 1643 3134 1734 Programm erhoben, da es ihm selbstverständlich war und
783 1659 1958 1734 früheren zu vergessen. Das hat etwas Mißliches, zumal
1951 1694 3131 1772 er es eben darum weder zu betonen brauchte, noch auch
780 1701 1963 1785 bei einem Dichter wie Schnitzler, dessen Produktion keine
117 1706 688 1824 snummer:
1955 1742 3142 1826 zu betonen suchte. Im Gegenteil, hat er wiederholt in
779 1756 1952 1836 mechanische ist und in dessen künstlerisches Gesicht jede
1955 1785 3142 1864 einzelnen seiner Novellen und Versstücken über die heimat¬
776 1801 1959 1878 neue Arbeit auch einen neuen Zug einprägt. Die Oeffent¬
147 1793 776 1896 31 und 32 bringen wir die
1948 1835 3136 1913 liche Region weit hinausgestrek und Werke hervorgebracht,
117 1840 500 1937 ng der Komödie
770 1849 1957 1930 lichkeit sieht dann nur diesen, sieht ihn womöglich unter
1957 1880 3143 1958 die, völlig frei von mundartlichen Anklängen, sich von
781 1898 1957 1975 dem Scheinwerfer des Erfolges, dessen greller Glanz auch
561 1912 629 1995 6
1943 1926 3141 2015 den Schriften anderer im Reiche lebender deutscher Dichter
780 1932 1960 2022 die stärksten Augen ein wenig blinzeln macht, und trägt
113 1931 585 2037 wenssport“
1954 1975 3142 2059 oft nur dadurch unterscheiden, daß sie etwas sorgsamer
791 1996 1956 2076 so ein verzerrtes Bild nach Hause. Ein halbwegs ähn¬
1957 2021 3144 2112 geschrieben sind. Indessen offenbart sich sein Talent doch
782 2032 1966 2117 liches wird sich nur gewinnen lassen, wenn man den
1960 2065 3151 2146 am ursprünglichsten and verführerischesten in denjenigen
794 2092 1955 2165 Dichter im Zusammenhang mit allen seinen Werken und
143 2098 421 2203 Nordan.
1959 2121 3154 2202 seiner Produktionen, die von einem ganz leichten wiene¬
794 2142 1962 2213 in einem ruhigeren Augenblick betrachtet. Artur Schnitzler
1958 2153 3224 2239 rischen Aroma von der Wurzel herauf durchzogen sind.,
791 2191 1964 2264 hat heute bereits ein Recht darauf, so angeschaut zu
1957 2211 3144 2291 Diefes Aroma ist bei ihm oftmals kaum stärker als bei
123 2211 580 2316 rliegende Nummer:
790 2228 1963 2312 werden. Ein bedeutender Dramatiker und hervorragender
1966 2256 3145 2339 Bauernfeld, der ja auch jeden Dialektausdruck vermeidet
782 2283 1961 2355 Erzähler, steht er auf zwei Gebieten unter den Ersten
1957 2295 3151 2380 und doch einen wienerischen Dialog schreibt. In seinen
126 2290 778 2399 tt“: „Deutsche Lyrik
781 2325 1957 2410 Deutschlands und ist überdies vermöge seiner Persönlich¬
1957 2340 3154 2433 ersten Büchern, dem „Anatol“ und der „L##belei“, hat der
787 2387 1971 2462 keit, in der sich seltene Gaben auf das liebenswürdigste
132 2368 784 2463 Von Alberta v. Putt¬
1960 2395 3155 2483 junge Schnitzler diese heimatliche Richtung eingeschlagen,
775 2427 1962 2495 verbinden, in den letzten Jahren geradezu der repräsen¬
1969 2433 3160 2528 freilich aus einem anderen Temperament heraus, das
125 2448 785 2554 Monistische Sonntags¬
787 2479 1962 2545 tative Schriftsteller Oesterreichs geworden. Was er darüber
1957 2490 3148 2580 weniger zum Leichtsinn und mehr zur Grübelei geneigt
790 2534 1974 2604 hinaus noch ist und werden kann, wäre unmöglich, heute
157 2522 789 2623 Rudolf Goldscheid
1973 2496 3253 2632 ist, und in seinen letzten, der „Komtesse Mizzi“ und dem
777 2570 1969 2658 zu intscheiden. In die Schneeregion der zeitlosen Literatur
1958 2580 3156 2676 „Weiten Land“ ist der reife wieder in diese Straße ein¬
133 2598 781 2703 . Eingesendete Bücher.
783 2630 1974 2705 ragt sein vorderhand noch blonder Scheitel nicht hinein,
1959 2625 3147 2718 gebogen, die ihn zu seinen größten Erfolgen hinzuführen
794 2667 1973 2744 aber ein großer Schriftsteller seiner eigenen Zeit zu sein,
1976 2692 3151 2770 scheint. Nicht in allen, aber in vielen und in seinen
793 2718 1976 2793 ist auch etwas, ist vielleicht alles, und diesen Ehrenplatz
1968 2748 3151 2800 charatteristischesten Werken hat Schnitzler Wiener Menschen,
801 2763 1973 2842 wird man Schnitzler nicht abstreiten können. Seine Kunst
1975 2787 3143 2849 Wiener Leben dargestellt, und selbst wo er uns das
130 2791 790 2875 des Romans „Die Götter
792 2811 1976 2895 spricht heute schon zu vielen Tausenden, und ihre Gemeinde
1968 2816 3155 2903 Schicksal scheinbar ganz eigenwilliger Existenzen gibt,
795 2880 1234 2957 wird täglich größer.
145 2865 790 2943 natole France. Seite 59.
1957 2869 3156 2956 projiziert er dieses bewußt oder unbewußt auf den Hinter¬
879 2886 1972 2979 Diese Kunst wurzelt im Leben, und dieses Leben ist
1963 2919 3147 2985 grund der Wiener Landschaft und der Wiener Gesellschaft.
797 2950 1977 3037 in Wien zu Hause. Schnitzler, ein ebenso unruhiger als
1962 2953 3153 3046 Was diese letzte betrifft, so kennt er sie aus dem Grunde,
137 2981 591 3092 kleton.
793 2993 1973 3098 seßhafter Wiener, ist heute unstreitbar und unbestritten der
1966 2995 3172 3093 von ganz unten bis ganz hinauf, in allen ihren Schich¬
792 3048 1972 3139 höchste Ausdruck des Wienertums in der deutschen
1965 3054 3152 3141 tungen, Verästelungen und Beziehungen, ja er kennt sie
798 3081 1977 3171 Literatur. In Deutschland gilt er für den Gründer von
1984 3091 3160 3180 so Fenau, daß er sie auch noch mit geschlossenen Augen
339 3099 451 3189 6
792 3136 1972 3238 Jung=Wien, worunier man sich dort eine Art Gesellschaft
1977 3148 3165 3227 sinnfällig zu beschreiben vermöchte, denn er hat ihre Ge¬
116 3139 794 3235 Frfür Schnipler wird dieser Tage
794 3183 1973 3269 mit beschränkter Haftung vorstellt. In Wahrheit hat unser
1980 3199 3156 3273 stalten und ihren Ton jederzeit in sich. Woher hat der
129 3212 796 3288 wvenn das auch noch lange kein
802 3239 1974 3323 Dichter diese Gesellschaft oder Schule nie begründet noch
1969 3243 3148 3326 diese intime Kenntnis, die von der Volkssängerin bis
137 3250 804 3326 uns besonders feierlich stimmen
802 3279 1982 3359 geleitet. Er war nur da und ist allmählich infolge seines
137 3307 808 3389 ls willkommener Anlaß gelten,
157 3294 3154 3410 einmal unabhängig von dem Talents und einer gewissen natürlichen Ueberlegenheit der zum Prinzen, vom Fiaker bis zur Gräfin reicht, und
149 3336 3181 3489 miere heraufzuführen und zu1 Mittelvunkt eines literarischen Kreises geworden, der auch vom Wurstelprater bis zum Schwarzenberaplatz? Man
3150 4057 3228 4123 —
