3296 4352
1077 282 1526 375 box 39/1
216 294 930 395 50th Birthdar
697 533 1467 673 Wenden! Rückselte beachten!
1563 599 1806 693 Wenden!
1406 675 1777 783 —Telephon 12.801
914 793 1490 907 JUBSLHTER
732 864 1713 982 I. österr. behördl. konzession. Unternehmen für Zeitungs-Ausscheitte
845 922 1611 1034 WIEN I, CONCORDIAPLATZ 4
1058 996 1394 1078 Vertretungen:
654 1027 1755 1145 in Berlin, Basel, Budapest, Chicago, Cleveland, Christiania,
671 1065 1752 1193 Genf, Kopenhagen, London, Madrid, Mailand, Minneapolis,
647 1108 1752 1223 New-Vork, Paris, Rom, Sau Francisco, Stockholm, St. Peters¬
1053 1170 1348 1241 burg, Toronto.
939 1207 1447 1286 (Quellenangabe ohne Gewähr.)
637 1252 1514 1364 Ausschnitt aus: Die Wage, Wien
639 1322 796 1405 vom:
932 1372 1159 1472 B
717 1449 1154 1544 Friedrich Rosenthal.
1362 1468 1518 1550 120
713 1507 1729 1635 Die Fünfzigjährigen.
842 1590 2109 1732 Ein Zufall? Gewiß! Kein belangvoller oder irgendwie für
715 1634 2116 1772 unsere Literatur und ihre weitere Entwicklung wichtiger. Wir
713 1692 2104 1827 feiern ja nicht Gerhart Hauptmann, der uns schen so Großes
707 1743 2093 1881 geschenkt hat und von dem wir noch alles Erdenkliche erwarten
711 1782 2099 1941 wollen, weil zufällig auch Skowronnek in diesem Jahre fünfzig
705 1824 2099 1997 seines Lebens hinter sich gebracht hat. Jeder Einzene möge für
708 1882 2080 2020 sich und von allen Seiten betrachtet sein, bedankt für das Ver¬
700 1936 2074 2075 gangene, hoffend gemahnt für das Zukünftige. Hiersollen sie alle
694 1980 2074 2123 beisammen stehen, die ein artiger Einfall der Ntur in einem
695 2018 2077 2151 Jahre zur Welt gebracht, sollen geordnet werden, wie sie nach
690 2075 2067 2199 ihrer literarischen Herkunft und ihren Leistungen eta zusammen¬
681 2127 2058 2269 gehören und wir wollen uns freuen, daß wir sie inser nennen.
691 2160 2051 2308 Nicht jedem als besondere Erscheinun; und nich jedem ihrer
674 2226 2050 2354 Werke gelten diese Zeilen — das nögen und ferden andere
678 2264 877 2333 besorgen
870 2290 2040 2417 — aber auch darüber, wie sich sogar in einem Zufall
664 2312 2028 2469 etwas Gesetzmäßiges und Schicksalhaftes spiegelt, wie aus ge¬
663 2368 2022 2503 trennten Keimen Bäume emporwachsen, deren Kezen sich über¬
674 2410 1867 2530 decken und verknüpfen, wird einiges zu sagen n. Si¬
663 2460 2042 2577 haben ja dieselbe Zeit an sich verspürt, sind mt all den Er¬—
658 2537 2029 2631 eignissen, Leistungen und Erschütterungen dieser Zeit groß und
647 2571 2038 2696 bejahrt geworden und haben irgendwie auf diese Fille von Fragen
648 2606 1520 2727 geantwortet und sich damit abgefunden.
2165 2712 2301 2784 1073
1028 2803 2317 2877 Und dann ist wichtig — weil sie ja Dichter sind — daß sie
913 2868 2317 2930 als Männer die große Revolution der deutschen Literatur um
906 2921 1979 2981 1890 miterlebt haben und darin verstrickt waren.
1033 2947 2279 3023 Man hat nicht mit Unrecht gefragt, warum wir Jüngere
919 3016 2318 3070 und nur wir haben ja einen besonderen Grund, der Fünfzig¬
917 3045 2313 3130 jährigen zu gedenken — diese schon so ernsthaft und würdevoll
923 3117 2318 3184 feiern, eine Bilanz ihres Lebens ziehen, gewissermaßen einen
915 3164 2303 3220 Rechnungsabschluß ihrer bisherigen Leistungen und Persönlichkeit.
921 3210 2316 3275 Fünfzig Jahre seien ja nichts, das Leben gehe eben weiter und
920 3265 2318 3331 wer mit achtzig sterben kann, braucht ja nicht mit fünfzig begraben
916 3297 2316 3375 zu werden. Und dann hat man gesagt, daß die vorige Generation
916 3346 2327 3410 ihre großen Männer erst mit siebzig feierte und daß diese es sich
920 3408 1630 3479 auch dann noch verbeten hätten.
1044 3437 2317 3514 Ja, in diesen 25 Jahren, seit dem Heranwachsen der letzten
915 3493 2322 3549 Generation, ist die Menschheit recht alt geworden. Nicht in ihren
919 3565 2328 3611 Jahren, die lassen sich nachzählen, aber in ihrem Gefühl. Denn
928 3606 2325 3667 wir haben seitdem unbegreiflich und traurig schnell leben gelernt.
925 3638 2324 3709 Das haben der Rausch und das Fieber gemacht, in die uns die
920 3689 2317 3747 Umwälzung der Technik hineingerissen. Das hat der ungeheuere
927 3741 2323 3815 Verbrauch geistiger und seelischer Energien gemacht, der mit den
928 3812 2323 3857 körperlichen gleichen Schritt halten wollte. Und das hat unseres
924 3837 2323 3894 Lebens Bedinguagen und seine Art menschlich, künstlerisch und
922 3885 2327 3953 gesellschaftlich bis auf den Grund gewandelt. In 25 Jahren erlebt
926 3934 2325 4010 heute einer, was sein glücklicherer Vorfahre kaum in hundert
927 3991 2322 4050 konnte. Und heute erst ist das Goethe=Wort wahr, daß unsere
924 4017 2327 4105 Zeit nichts reif werden läßt, daß man im nächsten Augenblicke
926 4077 2319 4150 den vorhergehenden verspeist. Wer zumal im Wirbel der Großstadt
935 4134 2342 4193 aufwächst und lebt, muß diese Erfahrung täglich machen. Die
