3392 4256
1090 225 1540 314 box 39/1
242 252 947 339 Soth Birthday
300 462 694 543 Ausschnitt aus:
647 499 1404 579 Lie Molkswehr, Czernowitz
586 537 625 576 4
310 576 458 648 vom:
315 628 1422 685 Arthur Schnitzler. Arthur Schnitzler der Wiener
202 692 1425 740 Pöet, feierte. r Tage seinen fünfzigsten Geburtstag.
206 718 1417 793 Ein Jude von unnahbarem= Stolz und untadeligem, edlem
195 767 1419 835 Wesen, steht er  auf der Höhe der Kunst und des Lebens.
206 827 1423 892 Unter den Westjuden — nicht zületzt unter denen, welche
202 862 1428 944 die Feder führen — gibt es prononzierte Spezialitäten der
210 909 1420 985 Lächerlichkeit. Dafür hat dieselbe Not, welche diese Aus¬
210 964 1424 1036 wüchse zeitigte, eine differenzierte Fülle von erlesenen, hoch¬
214 1010 1426 1087 kultivierten, adeligen Juden gezüchtet, als wollte die Natur
211 1073 1425 1135 in einzelnen Exemplaren erweisen, daß Hohn und Ver¬
208 1099 1434 1185 folgung, gepaart mit mutigem Alleinsein und mit Tradition,
223 1161 1429 1237 auch einen guten Klang geben können. Arthur Schnitzler
209 1208 1431 1293 gehört zu den besten dieser jüdischen Elite. Auch wenn er
196 1254 1430 1327 uns nicht den „Weg ins Freie“ geschenkt hätte, der uns
199 1287 1438 1380 ein teueres Buch ist, ständen wir unter den Gratulauten;
216 1355 1382 1433 die ihm aus aller Herren Länder die Hand drücken. —
288 1570 551 1658 0
551 1601 1331 1698 (guener#### gor Nachrichten
257 1677 625 1764 Ausschnitt aus:
870 1691 1157 1780 Hambung
256 1768 800 1866 vom: 23.M1l1912.
253 1821 1376 1914 In der vergangenen Woche feielte man Arthur
171 1875 1384 1951 Schnitzlers fünfzigsten Geburtstag. Fünfzig Jahre!
177 1925 1395 2006 Jung Wien wird alt und muß sich um seine Jungerhaltung
181 1971 1385 2043 oft recht hart quälen. Der Autor war nach dem schönen
186 2020 1373 2094 Brioni entwichen und so feierte man ihn in seinen Werken;
180 2060 1376 2134 das Burgtheater brachte „Das weite Land“ und seinen
186 2109 1375 2178 „Medardus“ in bekannt sorgfältiger Vorbereitung; das
183 2147 1384 2216 Volkstheater wurde ihm mit der Begründerin seines Ruhmes,
185 2208 1393 2280 der „Liebelei“ und dem brauchbarsten seiner Stücke, dem
178 2232 1391 2307 „Grünen Kakadu“ am besten gerecht, sogar die Josefstadt
181 2268 1394 2361 wurde literarisch und stellte „Das Vermächtnis“ auf den Plan
186 2324 1386 2395 und der „Merker“ veranstaltete endlich einen wohlgelungenen
175 2367 1392 2438 Schnitzter=Abend. Der Fünfzigjährige kann sich also über
183 2411 1385 2490 seine große Wiener Gemeinde nicht beklagen; seine wehmütig
181 2445 1399 2525 tändelnde Skepsis, seine das Schwüle streifende Erotik, über¬
190 2506 1404 2573 haupt das Problem Weib als Trägerin des Sexuellen nach
190 2553 1413 2617 der physischen und psychischen Seite bilden ja auch einen“
194 2575 1402 2664 führenden Unterton in der Gesellschaftspsychologie seines
189 2658 511 2724 Heimatbodens.
266 2676 1103 2769 01 4. „K* Mianars ahnr „„
1891 139 2278 218 —.—
1835 430 2205 501 = Bureau
1845 490 2429 591 Berlin NO.43, Geo.
1940 597 2710 683 (Liest die meisten Zeitungen und Is###
1938 666 2737 731 bestorganisierte Bureau Deutschlands.)
1816 782 2799 860 Zeitung: Berliner Lokal-Anzeiger
1824 876 1964 946 Ort:
2534 878 2782 949 Berlin
1813 991 2838 1073 Datum: . M. S. I. H . e e
1779 1110 1981 1191 gchhnat.
1822 1161 3004 1234 . Aerzte als Dichter. Artur Sch#####er jetzt Fünfzig¬
1783 1211 3017 1274 jährige, ist einer aus der verhällnismäßig senen Gruppe von
1796 1260 3013 1311 Pocken, die aus dem medizinischen Stande hisvorgegangen sind.
1797 1300 3013 1349 Unter den Dichtern der Gegenwart verdienen aber mindestens noch
1794 1343 3006 1386 zwei andere praktische Aerzte genannt zu werden, nämlich Karl
1792 1376 3002 1411 Schönherr, der bis vor kurzem in Tirol seinem Beruf nachging, und
1800 1421 3020 1466 Ludwig Finckh, der Dichter des „Rosendoktor“. Die medizinischen
1797 1448 3009 1512 Ehrendoktoren, zu denen etwa Naabe gehörte, müssen bei dieser
1797 1486 3012 1524 Aufzählung naturlich aus dem Spiel bleiben. Die deutsche Lite¬
1793 1518 3017 1584 raturgeschichte hat sich einen hübschen Scherz gemacht, indem sie dem
1803 1565 3008 1614 Frankfurter Rechtsanwalt und Doctor jeris Goethe den Stuttgarter
1799 1599 3007 1642 Regimentsmedikus Schiller gegenüberstellte. Dem einen verdanken
1797 1637 3011 1684 wir eine Abhandlung über die Todesstrafe, dem andern eine Unter¬
1801 1678 3012 1730 suchung „Ueber den Unterschied der entzündlichen und der faulen
1811 1710 3013 1755 Fieber“. Beide haben es aber vorgezegen, durch andere Arbeiten
1805 1748 3014 1804 berühmter zu werden. Es liegt im ubrigen nahe, daß die Juris¬
1799 1791 3010 1832 prudenz von jeher ein viel stärkeres Kontingent zur Poesie ab¬
1794 1834 3016 1881 kommandiert hat als die Naturwissenschaften. Es genügt, zum Be¬
1804 1862 3014 1913 weise nur Bürger, Heine, Immermann, Grabbe, E. T. A. Hoff¬
1797 1913 3012 1953 mann, Scheffel zu nennen. Immerhin bleibt die Zahl der medi¬
1797 1945 3012 1988 zinisch vorgebildeten Pocten noch stattlich genug. Da ist Kortum,
1802 1979 3023 2031 der berühmte Verfasser des 1784 entstandenen Epos: „Leben, Mei¬
1807 2013 3019 2057 nungen und Taten von Hieronymus Jobs, dem Kandidaten. Kor¬
1799 2048 3019 2096 tum hat erst in Duisburg, nachher in Bochum praktiziert. Neben ihm
1800 2093 3014 2145 mag gleich der Struwwelpeter=Hoffmann, der Frankfurter Irrenarzt
1806 2125 3022 2181 Heinrich Hoffmann=Donner, als zweiter bedeutender Humorist ge¬
1803 2168 3012 2216 nannt werden. Hoffmann hat seine Zugehörigkeit zur Poesie und
1810 2193 3024 2264 Medizin auch noch extra durch ein Liederbuch für Naturforscher
1802 2250 3011 2294 und Aerzte dokumentiert. Auch Adolf Kußmaul, der erfolgreiche
1807 2263 3022 2331 Heidelberger Mediziner, hat mit Biedermeiergedichten den Pegasus
1810 2318 3018 2366 mit Erfolg bestiegen und Ludwig Eichrodt trefflich assistiert. Vor
1816 2357 3017 2399 allem muß aber in diesem Zusammenhange ein Mann von der
1806 2393 3015 2443 Bedeutung Ernst ven Feuchterslebens, dessen Werke Hebbel heraus¬
1811 2428 3022 2485 gegeben hat, des Dichters von „Es ist bestimmt in Gottes Rat“ und
1807 2476 3022 2520 des ausgezeichneten Populärphilosophen, gebührend hervorgehoben
1804 2512 3013 2559 werden. Feuchtersleben, dessen „Diätetik der Seele“ einst zu den ge¬
1805 2539 3013 2599 lesensten Büchern gehörte, hat als einer der ersten schon in der
1800 2583 3006 2638 vierziger Jahren an der Wiener Universität Vorträge über ärzt
1810 2621 3025 2681 liche Seelenkunde gehalten und hat es sogar, was einem Poeten
1806 2659 3023 2729 nicht gerade oft begegnet, bis zum Unterstaatssekretär gebracht.
1818 2699 3023 2745 Bald nach seinem Tode hat ihm Grillparzer herzliche Worte der
1810 2735 3016 2777 Anerkennung gespendet und in einem schönen Essay erklärt, ihm
1810 2772 3022 2821 sei beinahe kein Feld des menschlichen Wissens fremd geblieben.
1809 2829 3016 2853 „Er war mit der hingebendsten Liebe vorzugsweise dem Streben
1813 2850 3018 2899 seiner Zeilgenossen, ihm Näherstehenden zugewendet. Noch viel¬
1814 2883 3023 2937 seitiger als Feuchtersleben war ein anderer zeitgenössischer Arzt
1803 2933 3021 2975 und Poet, Gustav Theodor Fechner, der vor allem für die Ent¬
1805 2966 3023 3009 wicklung der Philosophie Hervorragendes geleistet hat. Von Haus
1812 2995 3029 3046 aus Mediziner, wurde Fechner später Professor der Physik in Leipzig,
1817 3039 3018 3082 hielt ##er auch bedeutsame Vorlesungen über Anthropologie und
1814 3078 3023 3132 Philosophie. Als Dr. Mises hat er sich als trefflicher Humorist
1807 3112 3021 3154 erwiesen und auch dieses Pfeudonym im Reiche der Dichtung zu
1813 3146 3028 3201 Ehren gebracht. Als ein Lyriker ersten Ranges erwies sich schließlich
1817 3189 3028 3241 der treffliche Pyrmonter Arzt Friedrich Wilhelm Weber, der Dichter
1814 3226 3028 3269 von „Dreizehnlinden: Neben diesem Epos, wohl dem letzten bedeu¬
1814 3262 3028 3306 tenden Ausläufer dieser Gattung, dürfen auch seine weniger be¬
1816 3298 3022 3347 kannten Gedichte hohe Bedeutung beanspruchen. Weber, ein Sohn
1811 3337 3025 3384 der roten Erde und in Breslau Studiengenosse von Gustav Freytag,
1805 3376 3028 3419 hat bis ins hohe Alter seine Praxis ausgeübt und ist auch lange
1807 3412 3021 3465 Jahre hindurch als Mitglied des Zentrums preußischer Abgeordneter
1807 3463 3035 3511 gewesen. Bei diesen Dichtern kommt der ärztliche Beruf fast nirgends
1817 3488 3058 3559 zum Ausdruck. Wie anders bei dem beieugtesten medizinisch ge¬ in
1822 3542 3021 3634 schulten Poeten, dem Herrn von Weinsberg, dem Lyriker Justinus
1825 3613 3019 3680 Kerner, der ein so begeisterter Anhänger des Spiritismus und
1812 3641 2308 3704 Magnetismus gewesen ist!
2098 3677 2594 3738 Flüchtig leb' ich durchs Gedicht,
2096 3719 2689 3768 Durch des Arztes Kunst nur flüchtig;
2088 3751 2679 3797 Nur wenn man von Geistern spricht,
2084 3773 2775 3831 Denkt man mein noch und schimpft tüchtig.
1805 3805 3005 3865 Kerner hat in einer Reihe von Gedichten von seinem ärztlichen
1813 3854 3008 3902 Beruf gesprochen. Einmal vergleicht er sogar den schwer geplagten
1807 3890 3014 3953 Arzt mit einem Pferde: „O armer Arzt! O armes Pferd! Ihr
1816 3926 3016 4009 fühlet gleiche Wehen. Bis an den Tod sollt ihr beschwert Allzeit im
1788 3964 2070 4028 Trabe gehen.“
