3344 4352
224 259 1552 365 5oth Birthdag box 39/1
528 1338 919 1414 (Geslienangnbo ehme Sewän.
159 1410 566 1496 Zusschnitt aus:
624 1402 1325 1506 Wiener Mittags-Zeitung
394 1505 697 1588 IAMALLSTZ
283 1641 1312 1745 (Schhte Feier des „Merker“.) Im
160 1703 1315 1785 weiten schönen Raum des Beethoven=Saales hat die Redaktion
160 1745 1320 1834 des Merker“ gestern Schnitzlers fünfzigsten Geburtstag ge¬
167 1780 1312 1873 feiert. Mit einer Akademie, die ein wenig bunt im Zusammen¬
159 1820 1322 1916 klang, aber von viel Herzlichkeit war, in die sich Veranstalter
166 1872 1325 1955 mie Publikum teilten. Als Conferencier erschien Felix Salten.
164 1923 1313 2003 Er gab in sicheren, ruhig überlegenen Worten eine Parallele
165 1967 1315 2047 von einst und heut. Mit einem etwas ironischen Humor, einer
155 1990 1313 2082 leichten Ranküne gegen das Publikum, wenigstens den Begriff
150 2050 1309 2127 des Publikums, als natürlichen Gegner des Künstlers,
162 2101 1308 2175 erzählt er „von der Kampfzeit „Jung=Wiens“, dem
160 2129 1185 2217 langsamen—und hartnäckigen Prozeß, in dem
1181 2160 1317 2223 sich
161 2177 1305 2266 Schnitzkers Dichtung zum Ruhm durchringen mußte, in
147 2237 1302 2308 einer Zeit, da der Radikalismus der literarischen Jugend auf
243 2262 1301 2352 selsenfeste Verbissenheit klischierter Kunstverkennung stieß,
137 2272 1304 2390 Mm jeden Schritt Bodens fechten mußte. In einer amüsanten
159 2361 1297 2429 und doch sehr taktvollen Analyse Schnitzlerscher Kunst ging er
159 2390 1296 2464 ihrer zarten und gütigen Erotik, dem Typischen ihrer Ge¬
150 2440 1285 2524 staltung, der feinen und tief tragischen Paradoxie ihrer motivi¬
147 2484 1287 2555 sehen Verschränkungen, der vielfältigen Tiefgründigkeit ihrer
148 2546 1291 2593 Psychologie, ihrer seelischen Erzieherleistung nach. Schnitzlers
147 2573 1289 2656 Kunst, die Spiegelung des galanten Wien, habe Wiens und
149 2614 1292 2701 der Wiener Liebesgefühl geadelt und ihr umspan¬
140 2656 1282 2742 nender Kreis hat Alt und Jung genähert. Väter
140 2698 1175 2782 und Söhne neigen sich heute vor Schnitzler. Um
1174 2730 1296 2784 ihn
146 2751 1293 2826 gibt es keinen Generationenkampf. Frau Galafrés¬
144 2793 1285 2867 Hubermann, Fräulein Marberg und Herr Korff,
153 2837 1284 2909 ein schöner Dreiklang von soignierter Eleganz und klater
154 2872 1267 2966 Ruhe der Diktion, lasen dann Novellen des Dichters, dig
145 2920 1259 3003 Mystik der „Dreifachen Warnung“, die skurrile Tragikomit
140 2951 1269 3063 des „Ehrentags“, den exzentrischen Humor einer tollen
129 2997 1265 3104 Variétéerzählung. Akkorde von schwerer, doch klarer Wucht, an
125 3069 1283 3140 hell geläutertem Schmerz, tiefer und weiter Symbolik. Imz
138 3095 1283 3179 Saal war Jugend und wieder Jugend, und ihr Jubel grüßten
126 3132 1266 3240 die Kunst des Fünfzigjährigen, gleich einer Schwester, einem
139 3181 664 3243 gleich jugendlichen Wunder.
128 3229 536 3291 Smmnenensmas
1827 297 2993 392 Aussehnitt aus: Neues Wiener Abendblatt
2574 362 2747 446 Wien
2022 366 2441 450 14. Mal. 1912
1833 411 1994 471 vom 2.
2162 510 2603 616 Seäter und Kunst.
2662 563 2780 661 X
2048 562 2193 667 0
2195 585 2543 673 Schnitzlerfeier.
1968 663 2923 718 Zum fünfzigsten Geburtstag Artux Scaill
1867 694 2898 763 veranstaltete der „Merker“ gestern im großen Beethdven¬
1875 747 2886 806 saal eine Feier, der ein so zahlreiches Publiium, ins¬
1875 792 2886 860 besondere von Frauen und Mädchen, beiwohnte und die
1881 834 2888 893 einen so schönen Verlauf nahm, daß man in der Tat ein
1868 883 2893 949 lebendiges Gefühl von der Popularität des Schöpfers von
1877 924 2896 981 Anatol und Christina Weiring, vom jungen Medardus
1866 978 2891 1033 und „Georg Wergenthin erhielt. Dieser Dichter, mit seiner
1879 1025 2899 1084 spezifisch wienerischen Mischung von Heiterkeit und
1879 1065 2894 1124 Schwermut, von satirischem Witz und Weltschmerz, hat
1881 1113 2901 1174 sich wirklich die Herzen erobert; die Gestalten seiner
1877 1159 2899 1218 Phantasie sind Gemeingut des neuen Geschlechtes von
1882 1207 2902 1275 Wienern und Wienerinnen geworden; diese verstehen jedes
1881 1251 2896 1305 Wort seiner Dichtungen und kommen schon auf halbem
1873 1299 2727 1362 Wege demjenigen entgegen, der es interpretiert.
1977 1332 2896 1400 Das mußte auch Felix Salten fühlen, der die
1881 1431 2900 1492 durchflochtenen Conference über Artur Schnitzler er¬
1874 1468 2906 1534 öffnete. Salten war mit Schnitzler schon zu einer Zeit
1877 1525 2896 1595 freundschaftlich verbunden, wo die neue literarische
1882 1574 2907 1631 Generation einem großen Widerstande begegnete, noch mehr
1880 1618 2897 1676 beim großen Publikum als bei der literarischen Kritik.
1870 1653 2892 1725 Es sind kaum zwanzig Jahre her, daß die Anatolszenen
1877 1719 2896 1765 zuerst erschienen sind, die jetzt einzeln oder zusammen fast
1874 1743 2902 1815 keiner deutschen Bühne fehlen. Erst siebzehn Jahre sind
1876 1795 2895 1854 es her, daß die „Liebelei“ die einen neuen Mädchentypus#
1884 1846 2879 1904 in die deutsche Poesie brachte, „Das süße Mädel“, dessen
1884 1894 2837 1955 Variationen uns nun schon fast zum Ueberdruß
1881 1935 2873 1998 gegnen, zuerst gespielt wurde. Wie hat sich seitdem di
1889 1984 2875 2048 Zeit verändert! Man kommt, sagte Salten ungefähr
1880 2030 2874 2083 über die Verwunderung ob der Feindseligkeit der ältere
1890 2086 2881 2139 Generation gegen diese neue Poesie gar nicht heraus. Zwa
1888 2124 2874 2188 haben verständnisvolle Männer, wie Friedrich Uhl, auch
1888 2181 2876 2229 nicht so ganz ohne Vorbehalt der neuen, manche Schleie
1883 2219 2874 2273 der Konvention zerreißenden Erotik zugestimmt; aber Uh
1882 2264 2896 2324 sagte doch: „Ich kann mir nicht helsen. er schreibt prachts¬
1888 2302 2887 2371 voll!“ Das war zur selben Zeit, wo die höheren Töchter
1880 2358 2878 2409 noch für die „Aegyptische Königstochter“ schwärmten
1881 2403 2879 2456 und gute Männer, die berufsmäßig Wohltätigkeit zu übe
1887 2450 2881 2513 pflegten, „Hanneles Himmelfahrt“ von Georg Haupt
1884 2491 2893 2568 mann für ein — pornographisches Werk erklärten! Da
1883 2547 2880 2601 meinte Salten, war allerdings eine Verständigung der
1893 2583 2883 2640 Generationen kaum möglich und die neue Poesie mußt
1887 2633 2912 2694 sich ihr Publikum erst erziehen. Kunst und Moral werden
1881 2683 2910 2743 in jedem Zeitalter solche Kämpfe miteinander auszu¬
1895 2731 2914 2795 fechten haben, führte Salten weiter aus, und zeigte, wie
1892 2775 2916 2823 erziehend gerade auch diese dem älteren Geschlechte oft
1883 2811 2913 2875 so gefahrvoll erschienenen Liebesdichtungen Schnitzlers auf
1891 2865 2910 2924 das Gemüt wirken. Entscheidend für das ganze Seelen¬
1881 2909 2915 2976 leben sowohl des Mannes wie des Weibes ist es, in welcher
1874 2956 2913 3023 Weise sie zum erstenmal die Liebe kennen gelernt haben.
1872 2996 2901 3080 Der tiefe Humanismus, die Wärme und Güte Schnitzlers,
1880 3057 2912 3117 sein großes Mitleid mit den Schwachen, der Mut seiner
1885 3098 2904 3153 Kritik an den Starken und Mächtigen — sie sind die
1888 3141 2907 3199 Quellen seiner Dichtung. Dazu kommt noch ihre spezifisch
1886 3189 2908 3245 wienerische Note. Salten zog hier Vergleiche mit dem
1889 3235 2908 3294 Charalter der Londoner und Berliner Natur und Poesie,
1882 3283 2907 3345 wies auf die Schönheit und Bedeutung der „Patina“ an
1879 3322 2928 3379 der Kultur Wiens und wies auf Schnitzlers Verwandt¬
1878 3380 2966 3449 schaft mit dem Pariser Henri Murger hin. Nur in den
1879 3425 2896 3489 einen Punkte muß man die Darstellung Saltens ergänzen
1885 3465 2906 3534 da er behauptete, daß Schnitzler der allererste geweser
1880 3502 2908 3577 wäre, der die spezifisch wienerische Note in die Poesi¬
1888 3555 2899 3615 gebracht hätte. Er vergaß offenbar, daß Grillparzer
1881 3611 2903 3663 im „Armen Spielmann“, die noch heute nicht übertroffene
1887 3652 2906 3711 erste Wiener Novelle, geschrieben hat, und daß Adalber!
1891 3692 2908 3751 Stifter, Ferdinand v. Saar, Marie Ebner ihm hier
1894 3745 2916 3803 Gefolgschaft leisteten und neue Töne anschlugen: Im
1883 3787 2901 3857 übrigen hielt sich Salten bei aller Wärme für den ge¬
1889 3841 2914 3889 feierten Dichter mit gutem Geschmack von Ueberschwäng¬
1884 3874 2915 3938 lichkeiten fern und sprach auch von den äußerlich günstigen
1889 3926 2914 3985 Umständen, welche die Wirkung Schnitzlers ins Breite
1890 3968 2912 4031 förderten. Schon das aber, so schloß Salten, sei ein Vor¬
1893 4013 2911 4076 teil, daß sich heute die zwei literarischen Generationen nicht
1893 4071 2913 4124 mehr so unversöhnlich wie vor zwanzig Jahren gegenüber¬
1895 4097 2917 4167 stehen. Die weitere Entwicklung des nun erst auf die Höhe
