3296 4352
1145 134 1556 228 box 39/1
152 141 983 241 1. 50th Birthday
549 486 1144 573 Klose & Seidel
446 580 1251 639 Bureau für Zeitungeaussehnitt.
399 621 1280 708 Berlin NO.43, Gsergenkirchplatz 211
454 730 1228 794 (Liest die meisten Zeitungen und ist das
457 785 1250 857 bestorganisierteste Bareau Deutschlasds.)
251 734 306 877 7
893 890 1306 967 Paituns
234 946 491 1022 Leitung:—
850 1000 1335 1090 Dortmund
231 1050 458 1124 Ort —
228 1153 513 1234 Datum: —
301 1351 1268 1476 „Arlur Schnitzler's 50. Geburtstag.
682 1442 976 1511 15. Mai 1912.
360 1498 1306 1552 Betrachten wir Artur Schnitzler's literarisches
298 1528 1321 1595 Porträt, so finden wir viel Ahnlichkeit mit dem
296 1579 1323 1631 Gerhart Hauptmanns, wie überhaupt mit denen der
289 1620 1309 1657 meisten Dramatiker, deren Sprungbrett der Natura¬
296 1662 1305 1706 lismus gewesen ist. In Artur Schnitzler entstand
293 1703 1310 1754 der Literatur ein Dichter ersten Ranges, der vor
293 1738 1309 1788 allem — aber nicht ausschließlich — Dramatiker ist.
297 1788 1308 1832 Mit verschiedenen Novellen, wie „Frau Berta Gar¬
305 1819 1310 1867 lan“, „Leutnant Gustl“ u. a. hat er auch die Prosa¬
293 1861 1300 1910 literatur unserer Zeit bereichert. Erwähnenswert ist
293 1910 1309 1951 auch seine psychologische Studie „Sterben“ denn in
294 1944 1311 1987 ihr finden wir alles kurz vereint, was die natura¬
305 1977 1306 2028 listische Technik an Schätzen entdeckt hat. Scharse
300 2024 1310 2071 Beobachtungsgabe und eine überaus graziöse Art
301 2062 1304 2113 der Darstellung charakterisieren seine Werke nicht
305 2095 1303 2145 allein; Schnitzlers Eigenart als Novellist ist viel¬
299 2135 1308 2192 mehr gleichfalls treffend durch den Hinweis auf
295 2178 1311 2236 seine Behandlung des Prosadialogs gekennzeichnet.
302 2218 1313 2265 In seinen Szenen „Anatol“ und „Reigen“ hat er
300 2258 1308 2310 sozusagen eine Mittelstufe der dramatischen und epi¬
297 2312 1320 2359 schen Technik geschaffen, welche das Raffinement
291 2337 1311 2392 dieser Art. Wirkungen des Ausdrucks und der Situ¬
302 2376 1312 2430 ationen erreichen, besonders scharf ausprägt.
299 2417 1325 2477 Eine französische Leichtigkeit und Schmiegsamkeit
286 2461 1305 2508 der poetischen Mittel, wie sie sich bei Prévost u. a.
283 2514 1312 2583 findet, ist auch Schnitzler eigen; er hat sogar diese
284 2567 1295 2620 Kunstform nach Deutschland eingeführt. Ein tieferes
280 2606 1294 2671 Eingehen auf die Eigenarten und Seltsomkeiten
281 2649 1285 2702 eines Milieus, das vielleicht Grazie und Liebens¬
279 2674 1300 2736 würdigkeit besitzt, ließ ihn zu einem der trefflichsten
279 2728 1311 2780 Schilderer der weichlichen wienerischen Art werden.]
272 2768 1322 2815 Die eigentümliche Mischung von Schmerz und Hu¬#
273 2805 1282 2851 mor, eine elegische Weichheit neben der Grämlich¬
278 2833 1301 2904 keit des Alltags, die er seinen besten Prosawerken
276 2883 1303 2937 gegeben hat, findet sich auch in seiner dramatischen!
282 2918 1301 2971 Produktion wieder. Als Dramatiker begründete
282 2958 1289 3013 Schnitzler seinen Ruhm mit der „Liebelei“ (1896).
282 3005 1286 3053 Da es sein Anfangswerk ist, wollen wir über eine
271 3034 1287 3085 technische Schwäche hinwegsehen, wollen auch eine
274 3082 1287 3135 kleine Spreu Sentimentalität mit in Kauf nehmen,
275 3123 1285 3163 dann bleibt uns ein prächtiges, ergreisendes, klei¬
281 3165 1284 3214 nes dramatisches Gemälde übrig. Und immer ge¬
268 3194 1298 3256 waltiger wurde Schnitzlers Virtuosität im Auftragen
270 3256 1296 3299 und Abstimmen des Kolorits. Seinen letzten Er¬
281 3276 1285 3340 folg erntete er 1910 mit dem historischen Schau¬
278 3323 1292 3368 spiel „Der junge Medardus“ Dazwischen kommen
275 3363 1276 3422 „Der grüne Kakadn“. „Parcelsus“, „Die Gefährtin“
279 3404 1289 3448 u. a. zur Aufführung. Alles sind kleine Kabinett¬
274 3446 1288 3495 stückchen, nur sein Drama „Der Schleier der Bea¬
278 3479 1286 3536 trice“ leidet an einigen Längen. Jedenfalls berech¬
281 3509 1291 3579 tigt die eminente Begabung Schnitzlers, der heute
286 3558 1278 3610 an seinem 50. Geburtstage bereits als gefeierter
292 3604 1221 3646 Schriftsteller gilt, zu den schönsten Hoffnungen.
754 3644 1262 3712 Professor Dr. Wülstroff.
337 3703 1299 3755 Anmerkung der Redaktion: Wir geben die vor¬
278 3745 1295 3788 stehenden beachtenswerten kritischen Streiflichter
289 3786 1301 3828 hier gern wieder un bemerken, daß Dr. Artur
292 3818 1290 3886 Schnitzler am 15. Mai 1862 in Wien geboren wurde,
274 3858 1312 3941 wo er noch heute lebt. Früher war er als prakti¬
263 3900 622 3977 scher Arzt tätig.
1903 817 2502 913 Klose & Seidel
1790 893 2794 971 Bureau für Zeitungeausechnitte.
1731 951 2647 1031 Berlin NO. 43, Seorgenkirchplatz 211
1820 1063 2587 1128 (Liest die meisten Zeitungen und ist das
1813 1118 2599 1189 bestorganisierteste Bureau Deutschlands.)
2121 1259 2713 1356 Kiein Brgaaa—
1589 1295 1909 1370 Zeitung:
2072 1357 2631 1454 Frankfürt a. M.
1599 1388 1865 1474 Ort: —
1594 1511 1863 1574 Datum: —
2121 1523 2330 1614 S. Wal
1908 1735 2459 1832 Arthur Schnitzler.
1678 1800 2780 1860 Eine der begehrtesten Bühnenautoren unserer Tage, der hier im
1619 1863 2775 1918 Bildnis wiederg##bene Oesterreicher Arthur Schnitzler, vollendet heute.
1620 1892 2770 1942 am 15. Mai sein50. Lebensjahr. Er ist ein geborener Wiener, der
1637 1930 2778 1980 Sohn eines bekannten Arztes. Er selbst studierte ebenfalls Medizin
1630 1979 2770 2019 und war einige Jahre lang praktischer Arzt. Aber schon im Jahre
1630 2016 2777 2060 1893 machten dem Dreißigjährigen die dramatischen Szenen des
1629 2053 2775 2096 „Aualol“=Zyklus einen gewissen Namen. Es folgte seine Erzählung
1628 2106 2770 2143 „Sterben“, das Drama „Liebelei“, das über alle deutschen Bühnen
1624 2139 2796 2185 gegangen ist, und eine Anzahl anderer erzählender und dramatischer
1621 2168 2767 2218 Werke, die alle den Charm des Wienertums mit gedanklicher Tiese
1628 2203 2765 2269 und spielerischem Geist vereinigen. Aufsehen erregten die freien
1624 2245 2757 2283 Dialoge des „Reigens“ (1900) und die Novelle „Leumnent Gustl“, die
1617 2278 2760 2332 dem Dichter sein Portepee als Militärarzt der Reserve kostete. Nach
1635 2365 2771 2408 dieser Zeit setzte eine neue Periode in Schnitzlers Schaffen ein; seine
1638 2404 2769 2461 neueren Werke, so die Schauspiele „Der Ruf des Lebens“ „Das weite
1641 2432 2761 2481 Land“ (das vor einiger Zeit auch ins Frankfurter Schauspielhaus¬
1632 2480 2780 2558 Repertoire gelangte), „Der junge Medardus“, der Roman „Der Weg
2215 2922 2309 3000 S
2422 3359 2487 3421 200
1982 3358 2062 3418 X
2033 3379 2215 3472 A
2224 3419 2433 3500 □ —1
1632 3498 2762 3559 ins Freie“ sind von einem tiesen Ernst beterrscht. Arthur Schnitzler
1640 3557 2762 3600 ist trotz der Erfolge Schönheirs ohne Zweifel der erste lebende Dra¬
1638 3590 1977 3636 matiker Oesterreichs.
