3392 4352
1076 251 1521 346 box 39/1
220 274 912 365 SethBirthdar
1583 1253 1832 1331 # Peters-
715 1260 1260 1350 New-Vork, Paris, Kom, Su.
1142 1314 1456 1375 burg, Toronto.
1054 1340 1550 1407 (Queilenangabe ohne Gewähr.)
1177 1385 1859 1478 r Börsen Courier, Berlin
726 1347 1181 1515 Ausschnitf Aüs:
1193 1451 1647 1540 Morgenausgabe
747 1527 910 1589 vom:
908 1561 1432 1669 ti 11.
1008 1647 1621 1739 Vor den Kulissen.
842 1730 1834 1797 Der Schnitzler=Luklus in Prag. Aus Prag
796 1752 1825 1835 schreibt nüser Kodent unterm 21. ds.:
796 1822 1850 1890 Das Prager Deutsche Landestheater hat an. Anlaß¬
800 1847 1818 1926 des 50. Geburtstages Arthur Schnitzlers — wie ich
800 1888 1562 1954 Ihnen seinerzeit bereits ankündigte —
1562 1897 1827 1956 dem Dichter
793 1947 1826 2001 eine Ehrung bereitet, wie sie ihm in diesem Maße
794 1984 1834 2039 wohl auf keiner anderen Bühne zuteil wurde. Direktor
795 2015 1832 2077 Heinrich Teweles, der durch Dezennien mit Schnitzler
784 2060 1824 2114 rege persönliche und literarische Beziehungen unter¬
790 2110 1829 2160 halt, hat es unternommen, die dramatischen Werkes
795 2141 1822 2202 des Dichters zyklisch aufzuführen und dabei die möglichste
799 2179 1836 2225 Vollständigkeit zu erzielen. Der Zyklus begann mit dem
799 2225 1844 2275 „Märchen“ und schloß mit dem „Jungen Medardus“y
792 2269 1865 2346 das zwar nicht das letzte, wohl aber das impojantestég
785 2304 1824 2364 Werk Schnitzlers ist. Die einzelnen Stücke, deren
788 2342 1823 2405 zyklische Aufführung sich über einen ganzen Monat
795 2397 1839 2450 erstreckte, wurden fast durchwegs in trefflicher Be¬
786 2423 1814 2492 setzung und geschmackvoller szenischer Ausstattung ge¬
780 2464 1833 2530 geben, so daß diese Vorstellungen zugleich auch eine
779 2513 1836 2551 Krastprobe für das heimische Schauspiel=Ensemble be¬
776 2543 1824 2596 denteten, eine Probe, melche glänzend bestanden wurde
785 2598 1824 2650 und die als eine besondere Leistung unserer Bühne um
778 2628 1815 2688 so mehr angesehen werden darf, als der Zyklusparallel
786 2666 1815 2731 neben einer andern großen zyklischen Veranstaltung,
773 2707 1820 2771 den zwölf Abende umfassenden Maifestspielen durch¬
778 2744 1817 2818 geführt wurde. Unter den Aufführungen ragte be¬
782 2791 1815 2845 sonders der Einakterabend „Die Gefährtin“, „Para¬
773 2839 1813 2882 celsus“ und „Der grüne Kakadn“ hervor, ferner die
787 2870 1819 2934 des „Jungen Medardus“ in welcher Fräulein Else
779 2920 1809 2978 Wohlgemut von der Wiener Hofburg die Helene gab.
777 2964 1817 3021 „Das Märchen“ und das Schauspiel „Der einsame
772 3001 1811 3062 Weg“, welch letzteres eine tiese Wirkung erzielte, waren
782 3038 1827 3097 für Prag Premieren. Schnitzler war an den beiden?
783 3085 1817 3143 letzten Abenden anwesend und wurde sehr gefeiert. Das
773 3125 1836 3181 Publikum hatte trotz der konkurrierenden Maifestspiele
783 3167 1814 3222 ein außergewöhnliches Interesse an dem Zyklus be¬
767 3190 1813 3279 kundet und alle Aufführungen spielten sich vor
782 3240 1246 3307 vollbesetztem Hause ab.
1571 3244 1784 3309 N. M.
