3344 4320
1064 184 1504 287 box 39/1
202 178 919 301 5oth Birthdar
2340 1028 3044 1121 #.entd,
118 1074 310 1181 Steitin
1844 1155 3053 1236 Muster Willibald Alexis und Ernst von Wildenbruch liegen ja
615 1185 1822 1274 ausnehmen muß): und das Motto „Frisch gestrichen!“ gibt im
1848 1198 3040 1283 seit geraumer eit im preußischen Archiv, — aber es ist unan¬
615 1245 1811 1313 Sinne eines kategorischen Imperativs mehr in den Räumen der
1852 1242 3047 1332 fechtbar patriotisch. Doch die Weisheit des hier maßgebenden Re¬
622 1282 1811 1364 Kunstabteilung des Berliner Polizeipräsidiums den Ton an, als in
1852 1284 3049 1375 gierungspräsidenten sieht selbst in jenen Ecken der Kunst Staub
112 1285 245 1359 der.
626 1327 1818 1407 anderen Sälen und Zimmern, welche in Deutschland ähnlicher
1841 1327 3038 1414 und Schmutz, wo die Standarte des Monarchen aufgepflanzt ist.
107 1364 178 1432 st.
611 1369 1823 1447 Bestimmung dienen. Gerade die Speisekarte der letzten Berliner
1845 1376 3051 1457 Und so ist auch hier ein „Veto“ ausgesprochen, — ist die Auffüh¬
113 1382 601 1480 hlands rüstete sich jüngst
626 1413 1827 1497 Kunstbütteleien ist ja ebenso umfangreich, wie mit schwer verdau¬
1843 1414 3050 1511 rung des Dramas verhindert worden, weil die in diesem Festspiel
112 1453 594 1517 adt, ihren Arthur Schnitz¬
624 1451 1825 1544 lichen und nach leicht übersehbaren Prinzipien zusammengestellten
1851 1457 3051 1540 an den Pranger der Geschichte gestellten Raubritter gewissen
111 1493 606 1574 urtstagsgirlande die Auf¬
625 1504 1824 1580 Gerichten gefüllt. Man hat dem „Zweckverband Groß=Berlin“,
1849 1510 3056 1585 märkischen Adelsgeschlechtern zugehören, deren Nachkommen noch
115 1543 599 1612 stellte in die Mitte des
632 1535 1830 1629 von den Litfaßsäulen der Hauptstadt herab, sein Agitationsplakat
1851 1542 3052 1634 heute existieren, — der Herr Regierungspräsident ist selbst solch
119 1582 608 1647 du“, in welchem der Blut¬
624 1597 1836 1683 gepfändet, durch dessen figürliche Darstellung — ein abgezehrtes
1849 1599 3051 1676 ein Nachkomme — und sich durch diese historische Glosse auf ihre
124 1630 608 1692 lfer einer karnevalistischen
633 1635 1830 1716 neben einem wohlgenährten Berliner Kinde — die unerbittliche
1862 1628 3060 1717 erlauchten Ahnherren chotiert fühlen könnten. Diese Episode ist in
117 1670 605 1740 herz und Ernst eine bunt
632 1676 1826 1759 Wahrheitssagerin Käthe Kollwitz der großen Menge die dieser
1855 1684 3054 1760 ihren Wesenszügen von schönster Deutlichkeit; als Tragikomödie
117 1715 607 1784 honade der Tragik urplötz¬
634 1721 1828 1800 bisher verborgene Tatsache mitzuteilen versuchte, daß im Zentrum
1857 1736 3066 1809 von unüberbietbarer Komik. Aber im Interesse der Festspiel¬
122 1762 596 1827 nhereindröhnt. An diesem
638 1761 1829 1847 des drei Millionen=Nestes hunderttausende von Kindern luft= und
1854 1761 3068 1843 unternehmer, die ihre Kosten, der Schauspieler, die ihre Gagen
114 1801 598 1868 adt als Gratulant freilich
623 1804 1828 1879 lichtdurstig, körperlich und seelisch verkümmert, neben einer Mino¬
1863 1808 3061 1892 haben wollen, ist es ja kinderleicht, dieser Anstößigkeit den Stachel
123 1846 619 1911 sicht um zu geben, fondern
637 1867 1844 1938 rität in dieser Beziehung besser gestellten, großbürgerlichen Nach¬
1863 1849 3068 1944 zu nehmen. Man mache doch einfach den geschichtstreuen zu
109 1886 611 1950 En, die ihm auf dem Tische
629 1888 1842 1978 wuchses dahinwelten. Man hat in Neu=Kölln, das vor kurzem
1864 1910 3058 1975 einem Fabelvorgang, etwa mit einem Sprung ins Symbolische.
116 1926 613 1999 rrufsig
634 1947 1828 2019 noch Rixdorf hieß, dem Volkschor der „Freien Volksbühne“ Kar¬
1862 1938 3065 2020 Man verwandele die adeligen Raubritter, die sich unter das Joch
118 1977 620 2036 ing verbotener Gegenstände
641 1977 1834 2068 freitagsaufführungen der Oratorien „Der heilige Franziskus“
1861 1982 3077 2070 der Hohenzollern beugen müssen, in zwar nicht mit der Chronik
125 2019 613 2091 üddeutschen Großstadt der
637 2021 1837 2100 und „Die heilige Elisabeth“ verwehrt, trotzdem der Verfasser des
1859 2034 3065 2108 nachzuweisende, aber doch immerhin mögliche bürgerliche
122 2062 617 2127 her Federn beraubt, aus
635 2066 1843 2139 letztgenannten, ehrwürdigen Chorwerkes der Abbé Franz Liszt ist
1869 2079 3092 2158 Raubritter. Man taufe diese Herren etwa auf die Namen: Wiemen
118 2106 614 2175 Kakadu. Der Zensor be¬
640 2111 1849 2197 und in der brunstvollen Weihe und Langweiligkeit dieser Legende
1872 2105 3070 2195 Pachnicke, Scheidemann, Ledebour, Borchardt. Und ich schwule,
124 2144 620 2209 rthur Schnitzlers sich selbst
630 2155 1842 2264 „gewiß keine der Weltanschauungen Frank Wedekindts oder Philipp
1870 2162 3074 2238 daß das „accipio“ des Regierungspräsidenten sofort per Apost
123 2196 615 2255 Poeten: denn er stilisierte
646 2206 1840 2276 Scheidemanns zu entdecken sein dürfte. Man hat endlich, wieder
1872 2196 3070 2287 dasein, und daß er, der Präsident, mit Stentorstimme rujen wird:
111 2238 616 2305 sher von den „Adligen und
649 2243 1844 2328 durch ein Zensorverbot, des verstorbenen Emil Rosenows vier¬
1870 2258 2737 2345 „Ihr da macht fort: das Spiel kann beginnen!“
116 2286 616 2351 d, die in der Taverne zum
2507 2274 3038 2371 Waltir Tupfeinsky.
649 2303 1851 2365 aktiges Drama: „Die im Schatten leben“ gleichfalls der „Freien
113 2327 620 2399 nen lieben, wesentlich un¬
649 2328 1854 2409 Volksbühne“ aus den Händen gerissen: dieses Werk, das unerbitt¬
103 2369 564 2440 gund Herren vom Hofe“
658 2378 1863 2458 lich ist, wie das Leben; ohne jedes demagogische Tartarin=Pathos
104 2407 627 2488 Infarenwort, eine der maß¬
646 2413 1860 2508 und seine Schicksalsfügungen nur dem harten „Muß“ der gang und
117 2456 631 2522 oteske: „Niemals kann der
654 2440 1865 2547 gäben Lebensnotwendigkeiten unterstellend; und das in diesem
134 2500 634 2563 an der Leiche eines Her¬
659 2500 1865 2588 Stil (der übrigens auch der Käthe Kollwitz=Stil ist), das moralische
110 2536 637 2615 telle bekam Arthur Schnitz¬
655 2554 1859 2630 und materielle Vergehen einer Hüttenarbeiterfamilic aus dem
117 2588 623 2661 nen Knebel in den Mund.
655 2589 1860 2668 Dortmunder Gebiet al fresko malt. Man sieht also: Berlin in
113 2633 638 2699 m Hofton entsprechend, das
656 2630 1857 2713 der Kunstwelt voran! Aber die Zensurbureaus ganz Deutsch¬
110 2674 625 2747 nid von einem „erstochenen“
665 2677 1865 2758 lands, allein jene Kakaduepisode beweist es, gehen mit der guten
115 2717 640 2788 urde „getötet", nicht fi donc
670 2721 1856 2803 Berliner Kameradin in gleichem Schritt und Tritt. Es ist die
112 2765 635 2848 m Letzten: jenes Zukunfts¬
669 2769 1859 2851 Parole ausgegeben (eine jener Parolen, die man weniger hören,
1885 2800 1955 2854 11
124 2805 640 2871 der unselige Schauspieler
670 2806 1866 2890 als fühlen kann), sich bei allen den Männern, die plötzlich in der
126 2847 642 2918 ärmt, wenn er zu seiner
666 2849 1874 2933 Politik, in der Ethik, in allen Sälen der Kultur offenkundig zur
124 2891 640 2959 r wollen von einem Kinde
660 2896 1872 2987 Herrschaft des freien Wortes schwören, dadurch zu revanchieren,
120 2933 649 2998 mal geborenen Kindes eben¬
664 2935 1879 3027 daß man sie bei ihrer empfindlichsten Stelle, nämlich an den Weich¬
115 2980 644 3053 ibt, wenn nicht der Ehering
664 2978 1878 3060 teilen ihres Kunstempfindens packt. Sollten nicht da der „Gocthe¬
118 3022 643 3089 uuime unsittlich und hat nicht
664 3038 1873 3123 bund", der „Verband deutscher Bühnenschriftsteller" und andere
121 3066 649 3134 n zu vermeiden, gebietet der
659 3069 1875 3159 namhafte Literatur=Korps einige scharf geschliffene Pfeile auf jene
125 3120 651 3198 vornherein: „Jehn Se aus¬
671 3126 1586 3200 Schützen zurückspringen lassen? Ich meine doch!
786 3143 1868 3224 Aber ich kann noch besseres Beweismaterial für die Schilde¬
121 3170 648 3260 herbürgte Notiz aus Zensur¬
668 3206 1885 3283 rung der gegenwärtigen Beziehung zwischen Zensur und Kunst bei¬
125 3243 648 3307 hauptstädtische Zensurbehörde
677 3243 1881 3332 bringen. Ganz in der Nähe Berlins wird von politisch unbeschol¬
124 3287 647 3349 Leidenschaft gemachten Vor¬
667 3283 1888 3378 tenster, märkisch=brandenburgischer Seite ein Freilichtspiel
125 3330 654 3391 sund Kunstdingen ein wenig
671 3310 1891 3407 vorbereitet, dessen Zweck es ist, zur Feier des vor ca. 500 Jahren
120 3373 652 3437 B auch die wilden Zensoren
683 3374 1886 3457 vollzogenen Einzug der Hohenzollern in die Mark, zu zeigen, wie
119 3423 653 3483 stler sind, als unsere Jagow,
1878 3403 1961 3473 1
684 3419 1884 3503 die gepanzerte Faust Friedrichs, des Burggrafen zu Nürnberg die
128 3452 666 3526 tder Berliner Zensurrotstift
679 3462 1888 3537 Herrschaft der Raubritter, der Krachte und der Itzenplitz in
125 3507 658 3567 ser anderer deutscher Kunst¬
130 3508 1973 3621 den des Münchener Kollegen 1 Scherben schlug. Man sieht, das ist nicht gerade oriainell: — die 1r
