3344 4352
1071 244 1504 338 box 39/1
195 250 933 361 Soth Birthdar
111 1421 1214 1547 Ausschaltt aue: Danziger Zeitung
214 1558 827 1678 „ 15.M09 15 12
1078 1610 2082 1682 Frucht vom Baume der Erkenntnis brach. Denn
1084 1657 2066 1721 alles Leben ist Betrug und Selbstbetrug. Das
1089 1700 2079 1772 ist der Wechselstrom von Mensch zu Mensch, trotz
152 1657 912 1784 „Feuilleton.
1090 1743 2071 1814 aller Wahrheit, aller Ehrlichkeit. Wir schaukeln
1098 1787 1884 1875 ewig zwischen Wirklichkeit und Schein.
288 1796 815 1882 Krthur Schnitzler.
1129 1850 2074 1910 Schnitzlers Ruhm begann mit der Veröffent¬
114 1856 1025 1953 Zum 15.-Mat-4912 „iem 30. Gebürtstäge.
1089 1884 2079 1960 lichung der Anatol - Szenen, die uns schon durch
368 1918 767 1986 Von Fritz Droop.
1093 1947 2079 2004 ihren Namen auf die Spur französischen Ein¬
113 1953 1071 2041 Daß Arthur Schnitzler heute 50 Jahre alt wird,
1092 1980 2079 2054 flusses setzen. Aber in den sanguinischen Grund¬
99 2028 1070 2092 ag auch für jenen Teil des lieben deutschen
1086 2022 2081 2090 ton der Abenteuer, die Schnitzler den aus
109 2063 1070 2120 ublikums ein Momento sein, der immer erst
1081 2067 2087 2137 Leichtsinn und Melancholie gemischten Genießer
96 2092 1064 2161 ines gewissen äußeren Anlasses bedarf, um sein
1091 2110 2087 2184 Anatol erleben läßt, klingt herb ein Weh, das
105 2145 1065 2206 nteresse für einen Dichter mobil zu machen.
1097 2154 2083 2226 nicht verhallen will. Aehnlich geht es uns
98 2181 1063 2242 Bir anderen, die wir wissen, was große Geister
1088 2193 2081 2276 mit der Novelle vom „Leutnant Gustel“, der
111 2243 1069 2298 ir das Werden der Seele sind, überschauen in
1089 2236 2087 2311 meisterhaften psychologischen Analyse „Frau Berta
113 2277 1074 2337 lchen Stunden die Gaben, die uns ihre Huld
1096 2280 2077 2348 Garlans“, dem Novellenzyklus „Dämmerseelen“
108 2321 1074 2384 eschenkt, und unser ganzes Herz wird Freude
1094 2320 2085 2397 und dem dramatischen „Zwischenspiel“, in dem
108 2363 1071 2436 nd wird Dank. Arthur Schnitzler gehört zu
1093 2375 2080 2435 Schnitzler die Eteirrung des Kapellmeisters
112 2421 1079 2475 nen Starken, die uns nicht wieder freigeben,
1097 2414 2087 2480 Amabeus Adams und seiner abenteuergierigen
108 2463 1082 2526 enn wir einmal auf ihren Weg geraten sind.
1099 2470 2094 2528 Frau Cäcilie an uns vorüberziehen läßt. In der
120 2484 1071 2558 jenen Seltenen, deren Wort in uns nachzittert,
1094 2489 2094 2577 „Liebelei“ haben die letzten Spuren des
110 2528 1071 2601 och lange, nachdem wir ihre Bücher fortgelegt
1102 2544 2094 2612 Theatralischen einer schlichten zwingenden Tragik
106 2598 236 2656 aben.
1103 2590 2096 2656 Platz gemacht, und man muß in der modernen
120 2608 1078 2697 Ein schmerzliches Ringen zwischen Dur und Moll
1105 2632 2097 2704 Literatur schon sehr lange suchen, um Schnitzlers
142 2661 1081 2731 ein Glück, das uns zerstört, und eine Hölle,
1105 2668 2091 2751 Christine eine gleich liebenswerte Gestalt
97 2710 1086 2769 hie uns selig spricht — ein starkes Lachen über
1111 2717 2104 2793 an die Seite stellen zu können, trotz
109 2749 1079 2833 eit und Raum, dazu ein Weinen, das von
1106 2757 2106 2832 der Sentimentalität, die sie zuletzt umgibt.
96 2796 1079 2853 schönen weichen Lippen strömt: so etwas habe
1102 2804 2091 2875 Und wem hätte nicht die Bettlergeschichte „Vom
98 2836 1083 2901 ich noch immer empfunden, wenn ich ein Buch
1098 2845 2102 2920 blinden Geronimo und seinem Bruder“ oder die
116 2888 1081 2951 on Arthur Schnitzier las. Ein Mann von
1112 2893 2082 2969 Erzählung „Andreas Thameyers letzter Brief“
109 2918 1089 3005 ichterisch und menschlich gleich feiner Kultur,
1113 2936 2102 3008 ans Herz gegriffen? Wen zöge nicht der echteste
113 2988 1091 3043 hat Schnitzler von den Franzosen, wie von Ibsen,
1117 2979 2095 3054 Großstadtathmosphäre ausströmende Roman
107 3015 1082 3090 Strindberg und Shaw gelernt, ohne ins Fahr¬
1108 3026 2097 3106 „Der einsame Weg“ in seinen Bann, wer bliebe
109 3058 1088 3134 wasser der Genannten zu geraten. Er hat sich
1117 3067 2094 3142 hart bei der Schilderung des langsamen Unter¬
102 3100 1081 3167 emporgerungen und ist ein Freier geworden auf
1115 3113 2105 3189 ganges des Schwindsüchtigen in der Novelle
107 3145 1082 3216 igener Höhe. So lernte er die Wege der
1121 3175 2105 3233 „Sterben“, die vielleicht das stärkste seiner Prosa¬
118 3188 1087 3262 Menschen im Dunkel verfolgen und weh¬
121 3221 1346 3329 nütig lächeln, wenn er die bittersüße werke ist?
2135 1595 3094 1650 Als Schnitzlers männlichere Leidenschaften die
2091 1632 3088 1693 Oberhand gewonnen hatten, brach seine Liebe für
2101 1673 3092 1740 das Historische stark hervor, und es entstanden
2099 1727 3086 1791 jene Dramen von der Art des „Grünen Kakadu“.
2094 1746 3086 1828 wo das Spielen zwischen Schein und Wirklichkeit
2105 1805 3087 1875 ebenso deutlich wird, wie im „Paracelsus“ das
2105 1849 3104 1927 Ineinander von Wirklichkeit und Traum. Im
2098 1889 3100 1965 „Schleier der Beatrice“ zeichnet der Dichter den
2104 1934 3099 1997 Heißhunger nach Glück und die Enttäuschung, die
2106 1985 3096 2047 dem lebensdurstigen Filippo schließlich die Waffe
2101 2021 3106 2089 in die Hand drückt, die ihn von aller Erdenqual
2107 2081 3102 2129 befreit. So wird das Weib der Feind, der die
2112 2112 3101 2170 Sehnsucht nach Glück bestraft, der Feind, der
2105 2156 3101 2212 letzten Endes Sieger bleibt. In neuerer Zeit ist
2114 2191 3110 2263 Schnitzler zum historischen Drama zurückgekehlt,
2110 2258 3104 2300 indem er im „Jungen Medardus“ das Wien von
2114 2277 3113 2347 1809 zum Schauplatz leidenschaftlicher Kämpfe
2109 2325 3120 2397 machte. Auch hier ist das Weib der rollende Ball,
2114 2370 3110 2438 den die Männer zu werfen glauben, und der
2111 2411 3103 2471 immer wieder selber trifft. Der Roman „Der
2109 2456 3119 2523 Weg ins Freie“ endlich ist eine Verstehen und
2112 2494 3124 2570 Liebe heischende Geschichte der gegenwärtigen!
2116 2549 3114 2621 jüdischen Strömungen und wie alle Bücher
2114 2584 3126 2660 Schnitzlers von dem Pulsschlag starken inneren:
2127 2638 2794 2718 Erlebens durchglüht und geadelt.
2171 2671 3113 2762 So ist Arthur Schnitzier weit über jene Erst¬
2120 2738 3117 2805 lingswerhe der Liebespsychologie hinausgewach¬
2125 2780 3114 2855 sen, die seine starke Position in der zeitgenossischen
2131 2821 3124 2895 Literatur begründeten, und es liegt eine schwere
2131 2869 3122 2941 Ungerechtigkeit darin, ihn immer nur als den
2125 2906 3123 2984 Dichter des „Süßen Mädels“ abzutun. Der Tod¬
2122 2956 3115 3024 der Menschen, die er als Arzt hat ringen und
2122 3006 3122 3066 sterben sehen, ist nicht spurlos an ihm vorüber¬
2132 3041 3116 3114 gegangen, und der Gedanke an das Nachher faßt
2138 3098 3127 3158 ihn mit Schauern an, weil weder der Glaube noch
2127 3132 3111 3195 die Wissenschaft hier Antwort geben, die ihn
2116 3174 3109 3262 trösten kann. „Warum reden Sie vom Sterben?“
3112 1579 3253 1639 heißt
3118 1625 3264 1679 lautet:
3114 1670 3275 1725 der in
3121 1707 3276 1769 deres d
3114 1757 3268 1814 Todesg
3113 1796 3280 1854 kein lä
3121 1845 3274 1894 allem,
3118 1880 3275 1938 Gericht
3114 1923 3269 1984 mit all
3115 1974 3273 2026 der Se
3111 2014 3267 2083 wenn
