3392 4320
147 96 273 154 en.
122 116 590 235 ndblau
1190 166 1435 264 ene u
646 291 1838 385 Menschen der guten Gesellschaft gegenüberstellt. Neben ihr
128 338 601 435 urts= und ein
648 373 1844 430 zeichnet Lessen scharf den Hauptgegenspieler, den Moral¬
661 420 1838 476 fatzke, der nicht ruht noch rastet, bis er die unglückliche
126 426 414 527 ddestag.
656 472 1835 525 illegitime Witwe aus dem Elternhaus des jäh verstorbenen
127 507 627 577 olks= und Josefstädter Thea¬
654 519 1844 573 Geliebten, wo sie eine Zuflucht gefunden zu haben hoffte,
131 561 638 628 Novellenbuch „Masken und
659 565 1836 621 wieder hinausgebissen hat, und Maran gibt dem pfeudo¬
128 612 639 675 Kapps. — Die Nestroy=Feier
651 619 1842 665 liberalen, selbstgefälligen Schwätzer Professor Losatti deut¬
136 653 575 727 die von Karl Kraus.)
649 663 1845 720 liche Umrisse. Es ist üblich, „Märchen", „Freiwild“ und
117 698 459 775 n v. Wymetal.
661 719 1846 778 „Vermächtnis“ als mißratene „Tendenzdramen“ einer
654 762 1844 818 übergangszeit Schnitzlers von oben herab zu behandeln.
120 759 637 834 rtur Schnitzlers, der
652 813 1850 866 Ich bin nicht dieser sehr verbreiteten Meinung, sondern
113 824 638 875 n den Wiener Theatern
653 867 1845 928 halte das „Vermächtnis“ nicht nur für eines der gelun¬
130 870 638 934 man es erwartet hätte,
650 909 1852 970 gensten Dramen des Dichters, sondern überhaupt für ein
136 918 640 977 es dieser representative
655 958 1856 1015 deutsches Schauspiel, das ob seiner reinen Menschlichkeit
120 972 644 1032 ürn Österreichs verdient
659 1011 1843 1065 dauern wird . . . Die Hofoper hat sich die Gelegenheit zu
141 1011 650 1084 sich damit begnügt, ein
664 1056 1846 1116 einem ganz originellen Schnitzler=Abend entgehen lassen.
138 1065 646 1133 pielplan ganz oder halb
653 1107 1849 1162 Daß der gewiegte Geschäftsmann Gregor nicht auf die
133 1117 637 1181 usetzen. So spielte das
655 1156 1849 1210 Idee kam, dem Ehrentag Schnitzlers und dem liebevollen
125 1163 643 1235 jasweite Land“, des
653 1209 1853 1267 Anteil Wiens an diesem Tag — es dürfte wenige aner¬
136 1214 638 1273 und zugleich eines der
655 1270 1849 1319 kannte österreichische Poeten geben, die so wenig Feinde
120 1261 639 1329 nden Burgtheaterjahres,
654 1310 1852 1358 und Neider haben, wie Schnitzler! — Rechnung zu tregen,
126 1321 639 1378 b man einige Tage vor
654 1365 1848 1420 wundert einen eigentlich, Gregor hätte für eine Schnizler¬
151 1364 643 1431 vom „Jungen Me¬
649 1405 1855 1456 Feier zwei just den Abend füllende Musikwerke nach Texten
130 1414 639 1478 eider von ihrem anfäng¬
650 1453 1848 1519 unseres Dichters zur Verfügung gehabt: Ernst v. Dohna¬
133 1462 639 1529 gebüßt hat und beweist,
648 1498 1850 1564 nyis Pantomime „Der Schleierder Pierrette" und
130 1518 636 1571 r von ihm unterschätzte
649 1549 1843 1611 Oskar Strausens „Tapferen Kassian“. „Der Schleier
124 1559 645 1625 en die erforderliche Auf¬
650 1604 1844 1661 der Pierrette“ ist seinerzeit nur der unglückseligen Zu¬
133 1614 641 1665 rgtheater hätte es übri¬
663 1650 1844 1718 sammenspannung mit einem Gastspiel Carusos zum Opfer
139 1660 643 1723 ben dürfen, die Auffüh¬
663 1703 1857 1765 gefallen. Seither ruht die wertvolle Ausstattung ungenutzt
144 1707 648 1766 nicht zum Bühnenleben
656 1754 1854 1809 im Magazin. Daß die Pantomime lebensfähig ist, hat
140 1756 649 1823 er aus dem Jahre 1900
662 1797 1854 1848 vor kurzem eine zu wohltätigem Zweck veranstaltete ein¬
131 1796 644 1858 [„Der Schleier der
655 1844 1850 1908 malige Aufführung in der Urania gezeigt, die Dohnanyi
134 1852 636 1921 de Vers= und Kostüm¬
664 1888 1853 1961 selbst mit lebendigem Feuer dirigierte. Das Tonkünstler¬
136 1900 646 1965 heater; sie war dort auch
661 1946 1852 2007 orchester folgte ihm auf den leifesten Wink. Auf der Bühne
135 1954 656 2019 ufführung angenommen,
660 2001 1852 2057 agierte Elsa Galafres die Pierrette, Ferdinand Onno
665 2047 1857 2103 den Vierrot, beide im Schauspielerischen prägnanter, im
136 2059 656 2114 te, hätte für den jetzigen
662 2090 1860 2149 Tänzerischen schwächer als die Darsteller der Hofoper.
147 2098 654 2164 diese alte Schuld abzu¬
658 2148 1865 2205 Die völlige Nichteignung der winzigen, aller technischen
147 2138 651 2218 es aber nicht! Obwohl
665 2188 1861 2255 Behelfe entbehrenden Bühne der Urania für so prunkvoll
157 2193 655 2256 die er bei den Proben
660 2242 1864 2304 gedachte Bilder, wie das des Hochzeitsfestes im Altwiener¬
129 2245 651 2316 hmmelt hat, gewiß das
672 2302 1862 2351 Hause, erweckte eine fast brennende Sehnsucht, das eigen¬
124 2294 649 2362 ddie überfülle der Vers¬
671 2324 1871 2417 artige Opus noch einmal in der großen Oper zu genjeßen.“
129 2345 660 2415 Tragödie nicht mehr den
662 2387 1867 2433 Den „Tapferen Kassian“ aber hat die Hofoper (ihr Or¬
129 2395 658 2469 engt und auch von dem
661 2433 1871 2495 chester, ihr Dirigent Schalk, ihr Oberregisseur Wymetal,
128 2448 649 2512 Enommen werden würde.
667 2488 1867 2547 dann Hofbauer, Maikl und Fräulein Francillo=Kaufmann)
137 2502 654 2570 hnitzler heute erfreut, ist
665 2536 1888 2596 vor wenigen Wochen für zwei Concordia=Matineen fixt
149 2550 651 2609 anderen älteren Werke
662 2582 1874 2639 und fertig einstudiert. Gregor tat zweifellos recht daran,
132 2595 656 2656 aufführung harte Kämpfe
662 2635 1865 2683 einem Oskar Straus daraufhin gleichwohl nicht sofort die
167 2645 654 2708 „Freiwild“, „Der ein¬
678 2681 1859 2735 Pforten der Hofoper zu öffnen. Aber bei einer Schnitzler¬
134 2690 649 2756 Lebens“, allesamt durch
666 2734 1866 2800 Feier hätte man ihm das nicht nur verziehen, sondern so¬
134 2736 653 2807 ehabilitiert wurden; bloß
664 2791 1873 2852 gar gedankt, er hätte dem Dichter, den zwei Komponisten,
133 2790 661 2859 rt noch seines Erweckers,
665 2832 1882 2893 der Presse und dem Publikum Freude bereitet und sich
152 2840 654 2920 den ietzt eine schöne Ge¬
662 2881 1856 2943 wahrscheinlich noch dazu ein gutes Geschäft verschafft ...
671 2926 1873 2991 Auch durch Leseabende ist Schnitzler — nicht eben sonder¬
138 2921 653 3005 ter, die sich Schnitzlers
666 2974 1870 3040 lich glücklich — gefeiert worden; einen veranstaltete die auf¬
132 2986 655 3062 kter und das Josefstädter
670 3020 1872 3096 strebende Zeitschrift „Der Merker“ unter Mitwirkung
138 3039 651 3111 s, als des Dichters Novi¬
676 3080 1874 3133 Saltens, Korffs sowie der Damen Galafres und Marberg,
159 3087 661 3159 Burgtheater erschienen,
664 3127 1866 3186 einen zweiten gab der Akademische Verband für
131 3132 654 3205 ren: die „Liebelei“
665 3171 1875 3233 Literatur und Musik seinen Mitgliedern und Freun¬
139 3188 650 3245 [Das Vermächtnis“.
678 3228 1867 3284 den, denen Onno den „Schleier der Beatrice“ vorlas. Beim
144 3237 663 3306 heater zwei vollkommene
675 3271 1863 3345 ersteren Abend war die Auswahl der vorgetragenen No¬
135 3288 665 3352 räulein Waldow als
670 3326 1866 3377 vellen — warum wurde nicht die wirksame Skizze „Die
155 3337 653 3394 als Vater Weiring, der
673 3367 1866 3440 Toten schweigen“ gelesen? — unglücklich, an letzterem Abend
133 3385 665 3457 it Sonnenthal nicht zu
666 3427 1876 3490 jedoch zeigte sich wieder einmal, wie schwer und gefährlich
161 3438 652 3504 Fräulein Ehren, die
674 3471 1874 3537 es für einen Schauspieler ist, auch wenn ihm Intelligenz
143 3484 658 3563 nerzlich vermißten Vor¬
668 3525 1870 3581 und Begabung eignen, ein fünfaktiges, personenreiches
151 3539 661 3601 nicht messen, noch nicht
666 3568 1288 3633 Drama plastisch vorzutragen.
143 3589 664 3650 e Wiener Liebesgeschichte
143 3636 668 3705 ach seiner gegenwärtigen
750 3639 1870 3704 Die schönste Schnitzlerfeier hat — um einen Blick aus
148 3685 664 3740 ionsgroteske „Der grüne
664 3687 1869 3742 Wiens Mauern hinauszuwerfen — der Verlag S.
138 3740 653 3801 besonderen Vorbereitung
665 3747 1865 3799 Fischer veranstaltet, indem er den Verehrern des Poeten
154 3783 660 3851 i nicht mehr recht ent¬
667 3790 1867 3869 zu dessen fünfzigstem Geburtstag ein neues Novellenbuch
148 3831 662 3893 „Vermächtnis“ hat Frau
683 3849 1873 3900 „Masken und Wunder", auf den Lesetisch legte.
146 3888 661 3947 en von Frau Schratt
672 3889 1866 3948 Neues für die treuesten und aufmerksamsten Leser Schnitz¬
165 3931 657 3990 diese rührende Gestalt
668 3938 1870 4003 lers enthält freilich dieser Band nicht: die romantische
141 3984 666 4046 ergreifenden Echtheit, mit
678 3982 1879 4039 Phantasie „Die Hirtenslöte“ hat man im Septemberheft
145 4034 662 4087 Volke den in salbungs¬
668 4033 1887 4086 der „Neuen Rundschau", die Liebes. und Todesgeschichte
162 4083 1871 4142 Konventionen erstickten] „Der Mörder“ in der „Neuen Freien Presse“ die mystische
1860 305 3041 377 Träumerei „Das Tagebuch der Redegonda“ im Oktoberheft
1860 372 3043 427 der „Süddeutschen Monatshefte“ und die Skizze „Die
1850 417 3046 475 dreifache Warnung“ im „Jubiläumsbuch“ S. Fischers ge¬
1868 455 3038 520 lesen; auch die kleine Bosheit „Der Tod des Junggesellen“
1854 508 3054 581 und die Novelette „Der tote Gabriel“ glaubt man schon
1862 568 3050 626 gelesen zu haben. In fünf von den sechs Novellen steht
1859 622 3059 671 am Schlusse der Tod, und auch in der sechsten, der „Hirten¬
1856 659 3057 710 flöte“ ist das Ende ein Entfliehen, ein Schweigen, ein
1855 704 3062 764 Versinken, das dem Tode gleichzuochten ist. Es zeigt sich,
1854 757 3050 809 daß das Problem des Sterbens und die Perspektioe des
1867 803 3058 860 Todes, die Schnitzlern stets beschäftigten, mit den zuneh¬
1853 860 3049 913 menden Jahren immer stärker sein Schaffen mitbestimmen
1864 904 3043 967 Dabei werden ihm Stil und Sprache immer reiner, leuch¬
1872 950 3051 1012 tender, durchsichtiger, schlackenloser ... Als Festgabe und
1856 998 3056 1065 gut gemeint war wohl das Buch „Artur Schnitzler“ von
1861 1048 3063 1110 Dr. Julius Kapp (erschienen im Xenien=Verlag
1859 1096 3055 1164 zu Leipzig, 1912). Es ist aber als erste größere Mono¬
1870 1147 3054 1216 graphie über den Dichter — außer Essays sind bisher nur
1861 1204 3061 1257 zwei Broschüren, eine von H. Landsberg, die andere
1867 1243 3057 1306 von A. Salkind, über den Dichter veröffentlicht wor¬
1867 1291 3059 1356 den — herzlich schlecht ausgefallen; eine Sammlung lang¬
1867 1346 3061 1401 weiliger Feuilletons mit umständlichen Inhaltsangaben und
1869 1397 3069 1453 ohne tiefer eindringende formale Analyse. Ganz willkürlich
1861 1459 3068 1507 lobt Kapp das eine, tadelt er das andere Werk Schnitzlers,
1866 1489 3060 1559 ohne das geistige Band voll zu erfassen, das alle umschlingt;
1860 1540 3071 1606 greulich ist, was er auf den acht Seiten der Einleitung über
1861 1594 3057 1655 das „Literarische Jung=Österreich“ zusammenschwätzt (er
1861 1631 3061 1700 hält Beethoven für einen geborenen Österreicher und wie¬
1866 1685 3065 1755 derholt die längst widerlegte Fabel, der Komponist der
1870 1734 3062 1796 „Eroica“ sei „dem Hungertode nahe“ gewesen!); und in der
1860 1775 3069 1843 Behandlung der deutschen Sprache bekommt er einen
1870 1826 3068 1915 Fünfer! (Er verbindet den Komparativ mit „wie“ statt mit
1866 1894 3066 1951 „als“, er stellt in einen „weder=noch"=Sotz ein falsches
1859 1929 3064 1984 „nicht“ hinein, und was der Fehler mehr sind, die beson¬
1861 1991 3067 2046 ders komisch bei einem Urteiler wirken, der sich über Stil
1861 2024 3067 2097 und Sprache eines Schnitzler zu Gericht zu sitzen vermißt.)
1872 2084 3066 2146 Es ist schade, daß sich kei rufenerer zur Abfassung der
1866 2132 3071 2186 längst fälligen Schnitzlerographie gefunden hat; mit
1875 2171 3069 2250 soderem Geschwätze kann dem Künstler nicht gedient, eher
1874 2214 2279 2298 nich geschadet sein.
1950 2254 3129 2366 Ziemlech koprovisiert mutete auch die Feier an, mit
