3436 4256
1134 171 1558 260 box 39/1
268 180 973 283 SethBirthdar
316 1860 647 1961 desemi. —..
646 1951 1418 2007 Deutsches Abondblett, Prar
576 2000 864 2080 10 6. 1912
297 2026 416 2070 om:
394 2121 1242 2196 Königl. deutsches Landestheater.
534 2176 1087 2239 (Volkstümliche Vorstellung.)
431 2233 1173 2300 Arthur Schnitzler-ZollusXI.
603 2272 1003 2331 „Das weite Land.“
525 2325 1092 2388 Tragikomödie in fünf Akten.
397 2378 1285 2446 Dieser echt Schnitzler'sche, geistvoll-modernste
328 2440 1271 2499 Essay über die Liebe hat schon bei seiner Urauffüh¬
331 2488 1275 2545 rung im Oktober v. J. — von unserem Schauspiel¬
339 2520 1281 2584 Ensemble sehr gut aufgeführt — eine außerordent¬
333 2574 1279 2623 lich freundliche Aufname gefunden. Dasselbe war
331 2620 1291 2681 auch bei der Reprise der Fall, die ganz in der ur¬
344 2664 1299 2730 sprünglichen Besetzung gestern als volkstümliche
334 2725 1282 2769 Vorstellung in Szene ging. Das Haus war — bei
332 2757 1266 2827 dem schönen Sommer=Sonntage leicht begreiflich —
332 2817 1290 2870 schwächer besucht, fand aber bei jedem Aktschluß
334 2868 1285 2914 reichlich Gelegenheit, die wackeren Darsteller mit
329 2915 1287 2962 Beifall und Hervorrufen auszuzeichnen. Auch dies¬
326 2963 1290 3026 mal gefiel der dritte Akt mit seinem bunten Hotel¬
328 2997 793 3062 Treiben ganz besonders.
1123 3013 1247 3078 P. R.
2094 109 2389 196 Tarslianengabe omnt
1845 176 2134 256 schnitt aus:
2134 194 2935 319 Deutsches Abendblatt, Prag
2094 285 2365 365 15 6. 1912
1814 315 1901 375 m:
2171 347 2271 405 MMLAN
2075 428 2737 522 Theater und Kunst.
2058 507 2724 574 Neues deutsches Theater.
2016 563 2754 629 Arthu#-Schnitzler-Zyklus XII.
2176 606 2605 671 „Der einsame Weg.“
1999 657 2787 714 Schauspiel in 5 Akten. Zum ersten Male.
1981 707 2863 764 Eine interessante Variante des Themas vom
1904 756 2866 816 unehelichen Sohne, der den nachträglich um Liebe
1906 802 2867 847 werbenden Vater abweist — ihn seinen „einsamen
1901 849 2865 899 Weg“ — daher den Titel — liebeleer weiter gehen
1893 897 2864 953 läßt. Fulda verarbeitete dieses Thema zu einem
1898 948 2860 1006 Einakter „Die Zeche": Schnitzler hat es zu
1893 999 2853 1040 einem abendfüllenden Schauspiele erweitert und
1905 1042 2856 1100 kompliziert. Felix, der Sohn des Akademie-Direk¬
1899 1094 2849 1151 tors Wegrath, ist eigentlich die Frucht eines vorehe¬
1901 1141 2854 1190 lichen Verhältnisses der Frau Wegrath mit dem
1899 1188 2857 1246 Maler Julian Fichtner. Als ehelicher Sohn des
1901 1233 2849 1287 Akademie-Direktors liebevoll erzogen, hat er aber
1885 1270 2849 1330 keine Ahnung davon. Als aber Fichtner, gelegentlich
1890 1330 2852 1389 des Todes der Mutter Wegrath, sich dem Sohne
1889 1380 2853 1427 eröffnet und dessen Kindesliebe reklamiert, weist
1891 1422 2852 1483 ihn dieser entrüstet ab und schließt den Direktor
1891 1463 2844 1533 Wegrath, den Mann der ihn von Geburt an geliebt
1893 1515 2844 1583 und erzogen hat, mit den Worten „mein Vater“ in
1894 1564 2853 1617 seine Arme. Um diesen innersten Kern der Handlung
1892 1605 2842 1656 schlingt der Autor eine Menge helfender und erläu¬
1884 1660 2839 1726 ternder Episoden, wie den gewesenen Offizier Stefan
1886 1711 2847 1755 von Sala, der als Todeskandidat sich mit der
1893 1751 2845 1813 hysterischen Tochter Wegraths, Johanna, verlobt, sie
1894 1806 2838 1870 abr damit selbst in den Tod treibt. Eine sympa¬
1885 1846 2841 1902 thische Figur voll prickelnden Reizes ist die gewe¬
1888 1900 2844 1961 sene Schauspielerin Irene Herms, der der Autor in
1887 1945 2845 2005 seiner großen Szene mit Fichtner viel schöne, aber
1887 1996 2850 2059 auch manch herbe Wahrheiten über die Liebe in den
1879 2047 2846 2104 Mund legt. Der Dialog ist überhaupt — fein zise¬
1885 2091 2839 2149 liert — die überragende Stärke des Stückes. Im
1886 2135 2846 2204 Rahmen des Schnitzler-Zyklus als Première gege¬
1882 2185 2837 2235 ben, war es mit großer Sorgfalt einstudiert. Herr
1879 2235 2847 2279 Dr. Manning spielte den Direktor Wegrath mit
1882 2278 2846 2351 schlichter Wärme: Rosa Monati als dessen Frau
1881 2326 2845 2375 schloß sich ihm verständnisvoll an. Prächtig jugendfrisch
1879 2384 2835 2434 gestaltete Herr Tiller den jungen Felix Wegrath;
1881 2416 2845 2491 ebensogut gelang ihm aber auch das schmerzvoll
1883 2466 2838 2514 Peinliche in der Abwendung von Fichtner, sowie die
1871 2514 2830 2576 herzlich ausgearbeitete Schlußszene. Für den, von
1880 2562 2834 2621 seinen nie richtig eingeschätzten Empfindungen schwer
1878 2628 2826 2678 gedrückten Fichtner fand Herr Rittig einen ganz
1875 2654 2840 2726 passenden Ton müder Gelassenheit. Als Stephan
1870 2716 2829 2759 von Sala schöpfte Herr Huttig die etwas lässige
1873 2756 2825 2804 Eleganz dieses melancholisch ausklingenden Lebens¬
1870 2808 2819 2852 philosophen nicht ganz aus. Das nervöse Tempera¬
1868 2850 2834 2921 ment des Frl. Hackelberg war vortrefflich auf
1873 2901 2818 2965 die historische Ueber-Empfindlichkeit der feingezeich¬
1871 2949 2825 3009 neten Johanna eingestellt. Frl. Medelsky gab
1867 2999 2834 3074 die gewesene Schauspielerin Irene Herms; ihre
1864 3049 2832 3101 frische, lebensvolle Natürlichkeit und Munterkeit
1865 3098 2823 3162 huschte wie ein erwärmender und erfreuender Son¬
1866 3141 2818 3196 nenstrahl durch die Welt dieses ernsten, gedanken¬
1863 3185 2819 3253 tiefen Schauspiels. Wohltuend einfach und warm
1858 3225 2824 3294 war Herr Frieberg in der bescheidenen Rolle
1852 3280 2814 3343 des Arztes Dr. Reumann. Der szenischen Ausstat¬
1853 3333 2822 3384 tung war ganz besondere Sorgfalt gewidmet. Das
1858 3378 2822 3443 Zusammenspiel zog glatt vorbei, litt aber ganz
1848 3430 2820 3497 bedeutend durch eine, manche Szenen ganz ver¬
1856 3469 2819 3523 wischende Undeutlichkeit des gesprochenen Wortes.
1852 3527 2819 3567 Das sehr gut besuchte Haus nahm die Aufführung
1846 3573 2810 3624 mit respektvoller Aufmerksamkeit entgegen und be¬
1844 3613 2811 3668 reitete den Darstellern, sowie dem anwesenden
1818 3667 2602 3706 na Autor stürmische Beifallskundgebungen.
2667 3668 2800 3715 P. R.
1844 3708 1916 3751 C
1918 3714 2826 3772 Bom Prager Konservatorium. Die Aufnahms-1
1821 3768 2806 3818 e bedingungen sieh im Inseratenteil dieses Blattes.
1854 3832 2810 3893 Die Eltern werden auf die günstige Versorgung
1852 3896 2809 3943 ihrer Kinder durch das Studium der Blas¬
1854 3940 2807 3986 in strumente aufmerksam gemacht. In der
1849 3973 2801 4036 Instrumental- auch (Bläserabteilung) und Orgel¬
1858 4023 2801 4088 schule werden Schülerinnen ebenfalls aufge¬
