3392 4352
1181 207 1637 302 box 39/1
194 217 1036 316 1. 5othBirthdav
1682 1224 2563 1320 Jedes seiner Bücher sieht uns mit dunkeln
717 1240 1629 1325 ziselierte Novellen und dann den Roman
161 1246 696 1334 Erst langsam lernen wir
1646 1291 1898 1355 Augen an.
718 1297 1199 1368 „Der Weg ins Freie“.
175 1306 700 1373 sittsam, und dann lang¬
1682 1303 2562 1381 Was ist das Leben? Kraftenfaltung, Da¬
763 1320 1628 1403 Alles was das Leben an Schmerzen in
157 1345 704 1420 amer. Die Zeit scheint
1652 1367 2563 1431 seinsfreude, Wille zur Erhaltung, Trieb zum
713 1378 1639 1434 Bereitschaft hat, das einsame Alter, die Ein¬
164 1398 562 1461 je älter man wird.
1650 1408 2556 1483 Fortleben in späteren Geschlechtern. Ein
720 1432 1635 1491 samkeit zu zweit, die Jugend, die vorüber¬
157 1420 702 1505 uf dem langen Weg die
1654 1442 2569 1517 ewiger Kreislauf; ein ewiges Werden und
709 1473 1635 1525 geht auf leisen, heimlich lächelnden Sohlen,
164 1475 698 1550 und sieht ihr schmerzlich
1651 1492 2564 1569 Vergehen, ein ewiges Blühen und Ver¬
726 1521 1627 1577 während drin ein alter kranker Vater seine
245 1533 706 1593 Der andere, bei dem
152 1540 231 1590 s.
1657 1529 2563 1604 blühen; ein ewiges Kommen und Gehen,
724 1553 1639 1625 junge Tochter, die voller Sehnsucht
235 1566 706 1636 Der andere bei dem
162 1578 241 1632 os.
1658 1574 2562 1647 Erstehen und Sterben. Und in der kurzen
722 1589 1630 1658 hinaushorcht in des Lebens Frühling, mit
165 1606 708 1682 Jugendfreude nicht das
1649 1639 2568 1699 Zeit unserer Erdenpilgerschaft, die wir un¬
713 1648 1632 1713 seinen dürren Armen und hämischen Worten
589 1652 700 1713 ein
169 1658 594 1722 Daseins war, der
1648 1669 2562 1743 gewollt antreten und verzweifelt verlassen,
717 1686 1630 1754 an seinen Krankenstuhl zwingt; die Frau, die
162 1699 700 1768 geführt, der Schätze ge¬
1657 1715 2570 1781 spiegelt sich die Welt. Wir bauen sie immer
727 1727 1631 1797 sieht, wie ihres Mannes Herz ihr entgleitet;
156 1742 701 1817 igen, Erkenntnisse, einen
1652 1758 2572 1824 von neuem auf und immer von neuem wird
720 1777 1637 1830 der Mann, der vor seiner Frau einen andern
162 1790 703 1850 uuf einer Höhe des Denkens
1661 1803 2563 1871 sie zerstört. Sie spiegelt sich in Millionen
722 1823 1635 1874 knieen sieht und lautlos die Türe schließt;
155 1834 700 1900 flangt ist, sieht freudig ver¬
1659 1839 2576 1912 Gläsern, in Millionen Farben nd Nuancen
714 1871 1635 1921 der Sterbende, der jeden Tag von neuem
174 1881 699 1943 sich. Ihm ist das Alter
1662 1889 2577 1952 nud doch wollten wir etwas Gemeinsames
720 1908 1631 1965 mit dem Morgenlicht die Erkenntnis trinkt,
159 1927 694 1986 gelebt. Jugend kein Ver¬
1665 1941 2568 2016 schaffen und es entstanden: Begriffe, Worte,
717 1957 1643 2011 daß jenseits des Sommers der Tod auf ihn
166 1965 704 2037 atmet im Schrein seines
1661 1996 1812 2051 Werte.
718 1998 1640 2056 wartet mit weit geöffneten Armen, denen er
155 2010 700 2079 s. unvergängliches Leben.
1695 2007 2568 2079 Das Leben pulst, die Herzen klopfen, die
719 2052 1645 2102 nicht entgehen kann, und der Jugend und
160 2043 709 2113 ein Alter, wo wir Erinne¬
1663 2065 2576 2131 Seele träumt und die Sinne wünschen, die
719 2076 1641 2143 Liebe und das lachende Leben lassen muß,
161 2095 712 2163 tungen stumme Denkmale
1663 2107 2578 2173 Sonne lächelt und die Dämmerung lockt...
720 2142 1637 2198 nach dieser kurzen Frist, all das hat er in
159 2142 713 2221 [Fakeln den zurückgelegten
1663 2156 2568 2218 und wir haben Gewichte und Maßstäbe und
719 2177 1525 2231 wundersamer Eindringlichkeit gestaltet.
1657 2208 2160 2267 wiegen und messen ....
772 2218 1630 2272 Aber unsere Seele ist ein weites Land.
182 2199 715 2288 Dichters sind die Werke,
1698 2224 2577 2309 Was ist das Leben? Eine Durchgangs¬
722 2263 1642 2330 „Alles hat darin Raum: Treue und Untreue,
158 2274 708 2344 die Leuchtkörper, die seines
1664 2296 2576 2353 station sagen die Gläubigen, das All, das
722 2306 1641 2371 Liebe und Haß. . ..“ und das einfache Lied,
155 2319 705 2386 en. Die einen ruhig glei¬
1667 2337 2580 2394 Einzige die andern; eine Lebensstufe, eine
731 2350 1646 2412 das primitive, einstimmige lockte ihn nicht
161 2363 715 2432 hmen, die uns zeigen, wie
1656 2382 2188 2448 Lebensform die Denker.
724 2389 1652 2457 mehr, die Symphonie der Töne, die Poly¬
166 2413 411 2472 ome ward.
1700 2399 2573 2477 Und trotzdem ist das Leben des Einzelnen
722 2433 1651 2505 phonie der Gedanken und Gefühle, die auf¬
159 2434 714 2517 ressantesten Erscheinungen
1661 2460 2579 2533 die ganze Welt, mit all ihrem Leid, mit all
723 2478 1651 2545 und niederwallen, die aus dunklen unbekann¬
170 2498 719 2562 atur ist Arthur Schnitzler,
1660 2505 2582 2564 ihrem Glück, mit allen Freuden, allen Ent¬
725 2523 1645 2584 ten Tiefen emporstreben zum Licht, denen
200 2539 719 2618 fünfzigsten Geburtstag
1659 2544 2572 2618 täuschungen, allen Schmerzen, allem Weh,
735 2563 1641 2628 horchte er nach. Der Sehnsucht, die Leid sein
1661 2591 2583 2655 aller Einsamkeit, aller Verzweiflung. „Und
733 2614 1650 2670 kann, müdes, wehmütiges Leid und die zum
173 2603 707 2694 die Fülle und nicht die
1660 2643 2577 2699 wieder sind es Begriffe, die uns martern,
734 2656 1647 2719 Leben emporblüht, zur Tat wächst. Die Ma¬
161 2670 710 2727 fllerdings und sein Leben
1674 2663 2594 2749 Worte, die uns aufrichten, Werte, die uns
737 2693 1645 2771 jestät des Todes, vor deren gewaltigem Myste¬
162 2714 707 2782 die noch kurze Zeit seines
1673 2739 2596 2792 führen.“ Und doch ist nichts, das gewiß
738 2746 1650 2803 rium Leid und Mißgunst, Haß und Rache
161 2763 713 2818 kürzere seiner Dichterlauf¬
1665 2786 1824 2847 wäre.“
737 2789 1648 2852 verstummen, so klein ist alles geworden, das
159 2807 711 2880 wanzig Jahre zurückdatiert.
1705 2793 2582 2879 An allem rütteln wir, alles betasten wir,
738 2844 1646 2899 uns groß schien, wünschens= und erstrebens¬
161 2851 722 2911 volen Anatolszenen mit
1660 2851 2589 2937 nichts ist uns mehr heilig. Der Vorstand, der
730 2876 1635 2951 wert, dem unsere Gedanken gegolten und
155 2885 718 2958 ken Champagnerduft geist¬
1663 2902 2584 2969 aufgebaut: Riesenpaläste, Felsenschlösser,
730 2918 1649 2975 unser Fühlen, so arm, so erbärmlich vor
169 2933 723 3002 Das köstliche Selbstgespräch
1657 2945 2585 3012 Türme, Kirchen, er reißt auch nieder. Dort
732 2960 1645 3042 dem weiten Flügelrauschen einer fremden
159 2977 725 3049 stl, dessen primitiv empfin¬
1672 3000 2578 3055 nimmt er die Krone und zerpflückt sie und
733 3015 1051 3083 dunklen Welt.
156 3026 718 3095 ch an den Klauseln von
1680 3052 2581 3106 hier das Postament und alles wankt und
774 3043 1645 3106 Ueber die Formen des Lebens spricht er,
167 3068 729 3134 desbewußtsein und kon¬
1664 3078 1973 3153 alles stürzt ..
743 3101 1662 3162 die kein Teil haben an unserem Empfinden!
165 3111 721 3183 sichtungen stößt, die ihn in
1706 3105 2575 3188 In unserer Brust wohnt der dunkle Zwie¬
741 3151 1651 3212 und zu wesenlosen Masken erstarren. „Es
158 3154 713 3224 gu jagen scheinen, während
1681 3163 2577 3230 spalt. Das ist die moderne Erbsünde, der
741 3180 1652 3257 gibt weder Freude noch Schmerzen, nein es
174 3202 719 3261 end sich ans Leben klam¬
1681 3212 2587 3281 hohe Flug der Gedanken und Wünsche und
737 3225 1653 3293 gibt nur Grimassen der Lust und der Trauer,
180 3252 720 3316 Ruf begründet und dann
746 3264 2584 3334 wir lachen und weinen und laden unsere! ererbte Vorurteile von Pflicht und Sitte
174 3288 723 3354 ast jedes Jahr ein neues
1670 3276 2607 3374 und Recht, die sich wie Bleigewichte an die
171 3325 1109 3411 Drama oder wunderfein] Seele dazu ein.“
2574 1217 3337 1280 Flügel hängen und sie vor der Zeit
2571 1262 3341 1327 legen. Die wundersame Kultur von
2568 1307 3333 1373 tausenden, die den subtilen Begriff:
2579 1343 3342 1413 geschaffen und die Natur, die imme
2573 1389 3357 1457 neuem erblüht, von neuem ersteht, ki
2566 1432 3354 1508 und mächtig alles unter ihre Herrschaf
2581 1473 3355 1542 gend. Und überall dicht beieinander das
2581 1518 3344 1580 und Böse, keine Farbenkonstraste, sonde
2573 1563 3356 1635 Ineinanderspielen, Ineinandergleiten
2574 1615 3350 1688 Leben lockt und der Tod gebietet.
2582 1649 3356 1722 zwischen diesen beiden Mächten vol
2590 1691 3339 1761 geheuer magnetischer Kraft steht der
2590 1739 3333 1799 kende Mensch und darf nicht irren..
2588 1784 3353 1853 in dieser dunklen Welt spielt alles
2590 1828 3337 1894 Schnitzler schreibt. Zwischen dem
2581 1875 3338 1946 und dem Denken ist kein Wert=, n
2589 1914 3357 1984 Gradunterschied. „Sein, spiele
2584 1953 3358 2039 nen Sie den Unterschied so genau
2580 2001 2785 2091 valier?“
2622 2039 3355 2130 In jenem kleinen Stück Paracelsi
2594 2110 3359 2172 der gerade unkomplizierte Waffen
2590 2170 3359 2220 Cyprian nicht an Paracelsus Zauber
2584 2198 3352 2259 glauben. Und dieser hypnotisiert des A
2589 2241 3358 2319 schmiedes schöne junge Frau und sie
2590 2279 3348 2347 eine nie begangene Schuld, und wie si
2587 2329 3353 2410 erwacht, bleibt Cyprian voller Zweif
2593 2384 3071 2455 Paracelsus ihm sagt:
2632 2420 3352 2491 Es war ein Spiel! Was sollt es anders
2634 2474 3362 2531 Was ist nicht Spiel, was wir auf Erden
2633 2502 3359 2567 Und schien es noch so groß und tief zu
2626 2543 3355 2609 Mit wilden Söldnerscharen spielt der ##
2647 2595 3355 2641 Ein anderer spielt mit tollen Abergläu
2645 2628 3356 2680 Vielleicht mit Sonnen, Sternen irgend
2636 2663 3351 2719 Mit Menschenseelen spiele ich. Gin S
2630 2704 3347 2765 Wird nur von dem gefunden, der ihn
2641 2742 3356 2790 Es fließen ineinandet Traum und Wa
2633 2780 3353 2839 Wahrheit und Lüge. Sicherheit ist nir
2635 2817 3347 2877 Wir wissen nichts von andern, nichts v
2617 2856 3350 2933 Wir spielen immer, wer es weiß, ist k
2638 2904 3345 2999 Arthur Schnitzler ist einer der v
2598 2969 3309 3041 tiefsten, wundersamsten Dichter,
2602 3012 3358 3077 haben. Eine merkwürdige Welt hat
2600 3052 3359 3121 unseren Augen aufgebaut. Von der
2597 3098 3353 3158 weitem Land erobert er einen Bezi
2602 3148 3323 3206 dem andern mit seinem weiten F
2601 3189 3362 3253 blick, mit seiner feinen Künstlerhau
2595 3234 3358 3316 seiner Seele wundersamem Ahnen ..
2997 3281 3359 3364 Marie Holg
