3296 4352
1100 218 1561 329 box 39/1
243 227 956 343 Soth Birthdav
136 1465 1993 1535 „Gefährtin“; nach dem Bestand der Schönheit seinen Menschen die raffinierte Vertiefung in sich
162 1536 1993 1583 gewollten Genusses im „Schleier der Bea=selbst, die bis zur äußeren Unbeweglichkeit entartet.
149 1558 1992 1629 nach der Wirklichkeit und dem Bestand des Sie wissen von sich, ihrem Leben und Lebenwollen
1001 1605 1986 1668 so erstaunlich, so unaufhörlich viel, daß dieses Wis¬
141 1625 1002 1681 hen Erlebnisses im „Reigen“. Und im „Einsamen
143 1666 1987 1718 endlich, der. reichsten und bedeutendsten seiners sen ihre Instinkte fast ganz verzehrt und keinen An¬
139 1686 1997 1759 n, werden die hochsten Lebenswerte dieses zu trieb zur Aktion übrig läßt. Nur einmal hat ihn, wie
143 1731 1996 1810 kultivierten Bürgertums gegeneinander abge= in bewußtem Widerspruch gegen seine innersie Natur,
1007 1780 1996 1843 der „Ruf des Lebens“ verlockt, seine Kunst in die
148 1795 1002 1843 bange Zweisel prüfen jedes Glück und finden
1009 1818 1994 1889 Hitze und den Feuerschein vulkanisch ausbrechender
141 1846 988 1893 u leicht, das nicht auf der warmen Nähe guter
1006 1870 1993 1942 dramatischer Wirkungen zu stellen. Und wie in
137 1890 1000 1948 hen ruht. Eine grausame Angst vor der Ver¬
998 1912 2003 1981 zwangvoller Bestätigung seiner innersten Natur ent¬
136 1920 1004 1988 eit, vor den Tücken eines ungreifbaren Schick¬
1005 1954 1994 2020 quillt auch da wiederum das reinere Licht und die
137 1982 1005 2027 tflieht da in den erträumten Schutz eines ide¬
1001 1999 1997 2064 lebendigere Wärme nur den zarten, schüchtern schweig¬
136 2011 997 2079 Busammenseins. Die Unstetigkeit in der Welt
1006 2053 2004 2110 samen Menschlichkeiten; alles andere bleibt Theater¬
160 2052 994 2112 e Treue zum Haus, diese Erbschaft der jüdi¬
1006 2084 2000 2152 feuer. Was sich, in anderer Form, aber mit derselben
138 2104 1004 2168 Seele, spricht hier, in Schnitzlers tiefster Dich¬
1002 2131 1996 2200 beweisenden Kraft, in seinem „Medardus“ wieder¬
141 2155 874 2205 nit der stärksten und klarsten Stimme.
1004 2194 2002 2245 holt, dieser so wunderlich aus feinster Genrezeichnung,
136 2184 1011 2248 Pas er, als assimilierter Wiener, seiner Krast
1004 2216 1998 2291 tatfremder Psychologie und bombastischem Puppen¬
146 2240 1004 2289 passung und wieder seiner Fremdheit gegen die
1012 2270 1646 2336 spiel zusammengefügten Historie.
149 2279 1008 2335 den“ dankt, ist klar: zunächst den Stil und
1089 2280 1997 2366 Aber mit seiner Gabe, auf dem schmalen Gebiet
145 2323 1015 2384 iner Werke, dieses sublimierte Wienertum;
1007 2354 1996 2417 einer bewegungsarmen Handlung möglichst tief und
143 2371 1002 2436 aber, auf der anderen Seite, die un¬
1018 2405 2002 2458 möglichst scharf in die Seelen der Handelnden schauen
139 2404 998 2477 bare Distanz, die ihn erst befähigt, die¬
1008 2429 2011 2510 zu lassen, ist Schnitzler auch der geborene Novellist.
131 2449 1010 2504 kil zu bilden, dieses Wienertum zu subli¬
1020 2488 2003 2549 Und in der Tat wird ihn heute kaum ein Meister der¬
141 2495 998 2562 . Nur als Wiener eines anderen Stam¬
1016 2525 2012 2594 psychologischen Erzählung übertreffen. Nur schade,
141 2545 1000 2606 bar er imstande, der Dichter der Wiener Bour¬
1009 2570 2001 2632 daß auch seine Dramen fast durchaus diesen novellisti¬
150 2586 1009 2638 zu werden; denn unsere echtgeborene Bour¬
1007 2606 2001 2696 schen Zug beibehalten, wo nicht die Kraft des Witzes
150 2631 1009 2693 hat, wie fast jede andere, die sonderbare Eigen¬
1011 2659 2003 2727 oder der Dialektik die Vehemenz der Aktion ersetzen
150 2671 1013 2733 daß sie sich selbst nicht künstlerisch sehen und
144 2706 2005 2777 nden kann. Und wer weiß, wie mächtig und kann. Das geht so weit, daß er, wo die Fabel reicher,
1023 2751 1995 2811 das äußere Leben bewegter werden soll, den Stoff,
143 2761 1016 2827 tifend er das, wofür er geschaffen zu sein scheint,
1018 2794 2004 2865 ganz wie im Roman, von verschiedenen Seiten zu¬
139 2814 1018 2866 n könnte, wäre nicht, als eine weitere fatale
129 2829 2008 2912 hhaft seines Blutes, die fanatische Liebe zum gleich angreifen, die Motive nebeneinander ordnen
157 2877 2008 2952 der Person und doch auch die unfrohe Scheu muß, bevor er sie dramatisch verknotet. Das sind die
151 2922 2005 2998 llem stark Lebendigen in ihm. Das gibt allenlentscheidenden Mängel im „Schleier der Beatrice“
2006 1478 3013 1552 und im „Einsamen Weg“; sie haben seinerzeit den
2008 1537 2994 1588 Erfolg bei der unvorbereiteten Zuschauermenge be¬
2007 1568 3001 1628 einträchtigt. Und sie haben. naturgemäß den Erfolg
2002 1618 2995 1677 seines großen Romanes „Der Weg ins Freie“ ent¬
2008 1648 2992 1739 schieden; in dieser schrankenlosen Auseinandersetzung
2010 1709 2985 1775 des Dichters mit seinen tiefsten Zweifeln und Beun¬
2005 1749 2996 1806 ruhigungen triumphiert endlich mit aller Entschieden¬
2003 1795 2996 1858 heit die üppig wuchernde Dialektik, drängt die Hand¬
2010 1816 3006 1908 lung und selbst die Psychologie hinter sich und gibt
2016 1888 2988 1953 sich so frei und notwendig und eigenberechtigt, daß
2010 1931 3001 1987 sie — wunderbarerweise — wie ein Stück Natur er¬
2006 1969 2999 2031 scheint. In der kühnen Offenbarung seiner Schwä¬
2004 2018 2969 2082 chen liegt die erstaunliche Stärke dieses Romanes.
2100 2060 3002 2118 Stark ausschreiten und in gerader Linie die
2013 2104 2999 2162 Bahn vollenden, das kann die sorgsam tastende Nach¬
2007 2143 3044 2216 denklichkeit dieses Dichters nicht. So bleibt es zumei##
2014 2188 3044 2258 bei Feinheit, Stille und Tiefe; die gewaltige Span¬#
2023 2244 3011 2298 nung der Kraft, die das Drama wie ein selbständiges
2017 2284 2997 2340 naturgeborenes Stück Leben aus sich herausschleudert,
2017 2331 3003 2385 die fehlt fast immer. Sie fehlt auch in seiner feinsten
2014 2352 3019 2420 Komödie, dem „Zwischenspiel“. Ja, hier rücken die
2021 2415 3009 2480 Personen noch ängstlicher, noch näher als sonst zu¬
2024 2458 3001 2515 sammen, verkehren sozusagen nur Seele an Seele
2013 2506 3004 2566 miteinander; jedes äußere Geschehen ist bis auf ge¬
2016 2544 2998 2608 ringste Spuren verwischt und ausgelöscht. Dieses
2021 2592 3004 2651 Drama ist zweifellos eines der subtilsten der ganzen
2024 2636 3001 2689 modernen Literatur. Von seinen anderen Stücken
2015 2678 3001 2745 mag eines reicher, eines stärker, manches lebendiger,
2014 2724 3002 2779 vielleicht selbst tiefer sein. Dieses ist sicherlich sein
2014 2770 3012 2832 durchsichtigstes, reinstes und vornehmstes. Man wird
2028 2815 3000 2867 an ihm — wenn an keinem anderen — erkennen müs¬
2021 2846 3011 2912 sen, daß heute kaum ein deutscher Dichter es wie
2023 2901 3007 2958 Schnitzler versteht, aus dem ungreifbarsten Material,
2027 2940 3008 3017 aus den Bewegungen wohlgebildeter Seelen Kunst¬
2666 2972 2988 3058 Willi Handl.
2023 2990 2395 3057 werke aufzubauen.
2967 3032 3013 3108 —
