3344 4352
199 290 1507 411 5oth Birthdan box 39/1
746 1010 1513 1096 Wenden! Räcseite beachten!
1512 1048 1844 1135 Wenden!
1463 1120 1830 1209 Telephon 12.801
987 1258 1554 1358 „UOSLITER
810 1350 1768 1426 I. österr. behördl. konzession. Unternehmen für Zeilungs-Ausschnltte
915 1396 1685 1472 WIEN I, CONCORDIAPLATZ 4
1127 1465 1451 1535 Vertretungen:
732 1517 1827 1585 in Berlin, Basel, Budapest, Chicago, Cleveland, Christiania,
747 1555 1821 1626 Genf, Kopenhagen, London, Madrid, Mailand, Minneapolis,
726 1586 1825 1653 New-Vork, Paris, Rom. San Francisco, Stockholm, St. Peters¬
1140 1637 1431 1693 burg, Toronto.
1023 1672 1528 1751 (Queltenangabe ohne Gewähr.)
718 1725 1769 1850 Ausschnitt auß- Piccolo della Sera, Triest
725 1820 889 1883 vom:
892 1839 1281 1919 —
733 1876 876 1930 Ge
847 1905 1339 1978 tre cinquantenari:
897 1954 1702 2040 Hauptmann, Fulda, Schnitzler.
843 2015 1672 2095 Abbiamo da Amburgo, 13 7F.): Ullesto
817 2063 1687 2130 mno la Germania letteraria e teatrale
831 2121 1680 2176 esteggerà i cinquant’anni di vita di tre
822 2153 1710 2217 lei suoi piu forti autori drammatici: Ge¬
823 2198 1681 2261 ardo Hauptmann, Ludovico Fulda e Ar¬
826 2246 1726 2317 uro Schnitzler. Tutti e tre compiono in
830 2288 1687 2357 juest'anno d cinquant'anni di vita, spesi
818 2324 1679 2387 n una operosità letteraria e teatrale as¬
820 2382 1675 2433 sai feconda. L’ Hauptmann compierà i
820 2426 1674 2481 suoi cinquant'anni il 15 del prossimo no¬
825 2466 1684 2535 vembre e per quel giorno avrà finito un
805 2515 1682 2591 Altro suo lavoro, un dramma storico, che
814 2553 1684 2608 sarà dato durante le feste centenarie di
820 2602 1675 2670 Breslavia: vi sta lavorando attorno nella
814 2644 1668 2706 sua villa di Agnesendorf con grande ala¬
817 2689 1668 2736 erità. o Schnitzler é un medico vienne¬
829 2730 1679 2793 se, che ha fatto grande fortuna nella
814 2778 1673 2843 creazione di commedie ironiche: egli ha
819 2825 1674 2892 messo il suo largo spirito di osservatore
815 2870 1674 2922 di fenomeni psicologi a servizio d’una
814 2922 1674 2972 ironia acuta, aspra, crudele ed ha dato
812 2957 1681 3018 al teatro delle commedie satiriche che
822 3007 1685 3057 resteranno. Ludovico Fulda ha speso
818 3057 1686 3114 gran parte della sua attività ned lavoro di
814 3088 1684 3145 traduziomne ed ha dato al teatro tedesco
826 3131 1675 3188 una serie magnifica di traduzioni di Mo¬
818 3176 1670 3227 lière, di Goldoni, di Rostand, di D’An¬
815 3222 1675 3271 nunzio. II Fulda ha trovato perö anche
823 3270 1688 3329 il tempo di creare ed ha concepitoe serit¬
828 3308 1679 3376 to per il teatro delle opere originali .
831 3352 1692 3410 gArlecchino Ren, ell talismanon, (L’ero¬
825 3398 1693 3465 stratos - che tanto in Germania quanto
829 3443 1696 3511 all’estero hanno avuto meritato e non
835 3489 1690 3554 passeggero successo. A festeggiare questi
827 3524 1692 3598 tre cinquantenari si sta preparando in
818 3568 1658 3652 Germania un magnifico programma. □
