3012 4320
1729 71 2355 167 —
1169 174 1619 269 box 39/1
588 185 647 252 B
174 181 1076 294 1. SothLrthday
511 623 2532 725 SSDDSGDESDSBSSSSSSSSSSSaeee Weltrundschau. Sessse2
1345 1296 1446 1350 Prte
1277 1328 1337 1363 G
386 1359 432 1408 1
468 1356 583 1417 G 1
525 1393 590 1427 b
2436 1916 2562 1992 929
350 1934 1478 2002 Thwader unmittelbar vor der Ausfahrt zur Maireise 1912. Phet. Artur Neuard, Kiel.
1535 1976 2576 2049 Augenblick des Nahens doch solch ein Grauen bringt, daß sie
515 2012 1539 2073 Gewalt antut, daß er sie niemals konstruiert, um Menschen¬
1533 2035 2566 2109 entsetzt um des Nichtsterbenmüssens die Liebe verrät, wie sie
503 2059 1535 2125 bildnisse zu zeigen, daß er vielmehr an allen Wegen lauschend,
1534 2072 2576 2147 eine Weile später um des Nichtsterbenmüssens dem Herzog auch
507 2116 1531 2161 ein stiller Horcher ohne Literaturabsichten, steht, alle Spazier¬
1547 2130 2573 2194 wieder den Schleier heimholt, den sie, die Herzogsbraut, in
513 2145 1534 2204 gänger sieht und ihre Gesichter erhascht, wie sie gerade an den
1536 2179 2570 2235 der Hochzeitsnacht noch besudeln wollte ... Und hinter den
509 2190 1530 2246 Wegwendungen sich zeigten. Seine Novelletten erfinden nie
1542 2204 2573 2284 Basteien von Alt=Wien, im letzten Gefängnis, weiß und be¬
505 2234 1539 2287 absonderliche Fälle, die überraschen sollen, auch die originell
1545 2269 2578 2326 greift es „Der junge Medardus“, daß auch das schwere Sterben
509 2281 1538 2338 geschaffene Situation an sich ist gleichgültig. Selbst in seinen
1536 2305 2578 2370 noch eine Reinigung, eine späte, notwendige, alles verwischende
507 2320 1539 2388 Kleinigkeiten, ganz abgesehen von der schlichten, effektfremden
1540 2347 2571 2398 Abwehr des Unerträglichen, des durch Schickung, Zufälle,
510 2370 1538 2422 Komposition seiner Romane, besteht der Triumph des Seelischen
1549 2392 2574 2464 Wesensart Erdrückenden sein kann. Mystik und Auflösungs¬
507 2408 1536 2466 über Technik und Handlung, seine immer tief ins Innerliche,
1547 2428 2573 2502 erscheinung, Tragik, Grauen, Sorgenlösertum und versöhnende
511 2458 1540 2509 dem Kern aller menschlichen Regung zugewandte Art, die in
1544 2487 2575 2558 Symbolkraft: auch dem Tod hat Schnitzler hinter jegliche
509 2494 1536 2568 seinen Dramen mitunter seine Schritte so lantlos zu machen,
1547 2529 1898 2597 Maske geblickt ...
517 2540 1536 2595 die Technik fast zu hemmen, seine allzu nachdenkliche Dichter¬
1597 2542 2578 2650 Und man müßte freilich noch von vielerlei an Schnitzlers
524 2584 1540 2654 schaft manchmal ins Ungewisse, ins Ungebändigte zu rücken
1545 2618 2579 2689 Erscheinung, an edlem, vielfältigem Können sprechen. Von
528 2640 749 2704 scheint ...
1549 2662 2580 2717 seiner Macht, verschollene Zeiten erwachen zu lassen, historische
584 2664 1539 2734 Den Zwischenspielen blickt Arthur Schnitzler mit einer
1552 2712 2571 2770 Epochen mit blitzenden Wettern so jäh und grell zu überleuchten,
511 2722 1537 2779 Melancholie des Lächelns, voll versöhnlichen Verstehens als ein
1554 2755 2573 2818 daß Menschen, Geschehnisse, romantische Fügung vor uns be¬
513 2767 1539 2824 überlegener Betrachter, Ergründer und Verzeiher zu. Sein
1552 2797 2573 2857 zwingend lebendig werden, unangeweht von allem Historien¬
517 2812 1541 2869 Lied gilt dem Leben, das auf all seine Helden, auf uns alle
1553 2846 2584 2921 staub ... Von seinem sprühenden, zündenden Witz, der statt
522 2864 1538 2916 irgendwann wartet, ruft und ruft und an wunderlichen Trähten,
1546 2882 2579 2953 umständlicher Umschreibungen ein Charakterisierungsmittel voll
516 2903 1552 2960 an Leidenschaften, Schwächen, Zufällen durch Wirrnisse und
1544 2934 2577 2995 knappster Treffsicherheit wird: Im „Grünen Kakadu“ taucht er
512 2958 1543 3013 Dickicht führt ... Sein Lied gilt auch dem letzten aller Spiele,
1550 2974 2584 3042 die ganze Vorgewitterzeit der französischen Revolution in ein
519 2989 1543 3047 des Lebens Widerspiel, dem Tod, dessen Allegorie er mehr als
1548 3016 2574 3081 blutendes, unheimliches, drohendes Flammenrot ... Von seiner
523 3032 1544 3095 den einen Band „Sterben“ geweiht ... Vielleicht hat ihm,
1547 3060 2573 3126 Herrschaft über dämmerige, verhaltene, schwermütige Stim¬
517 3078 1545 3146 der ja ein Arzt ist, die Wissenschaft die äußeren Varianten
1546 3102 2572 3165 mungen . .. über den Techniker der Massen müßte man
523 3122 1544 3187 geschenkt: die verlöschende Seele, die Ausklangstragödie, noch
1547 3143 2573 3223 reden, wie er vielleicht am stärksten, am sichersten, am spielend¬
528 3170 1550 3224 im Verflackern eng und bang dem Leben verflochten, den
1553 3199 2564 3255 sten heute unter allen deutschen Dichtern Gruppen bewegt ...
521 3212 1555 3279 schweren, schweren Tod und doch seine Milde, offenbart nur
1553 3237 2572 3303 Im „Grünen Kakadn“ hat er solch ein grandios bewegtes
521 3254 1547 3312 der Dichter. Er führt ins Krankenzimmer eines Verbitterten,
1555 3281 2579 3343 Tableau geschaffen, der nächtlich entfesselte Lärm im „Schleier
521 3299 1550 3364 dem noch die Sterbestunde zu einer einzigen, genugtuenden und
1547 3330 2579 3397 der Veatrice“ hat solch große, farbig=malerische Bewegung, und
525 3345 1544 3399 wahrhaft „lebendigen Stunde“ wird, da er, der immer Ge¬
1555 3373 2571 3433 in der neuen dramatischen Historiette „Der junge Medardus“
521 3389 1550 3444 liebte, der immer Erfolgverlassene, dem ihn besuchenden Glücks¬
1562 3424 2578 3475 (Verlag S. Fischer, Berlin, wo alle Schnitzlerschen Dichtungen
521 3432 1555 3503 kind, dem Hohlen und Glatten, der den Erfolg, den Tages¬
1552 3462 2579 3513 erschienen) zieht durch die Gruppen der von den Franzosen 1809
524 3476 1555 3552 ruhm, den Reichtum leichter zwang, die schonungslose, lang
1556 3502 2585 3562 belagerten Stadt die ganze schonungslos belauschte Volksseeie
530 3522 1549 3589 verhaltene Wahrheit ins Gesicht schleudern darf ... Im leeren
1552 3550 2581 3604 Wiens .. Fast immer und überall hat Schnitzler nur Wiener
523 3568 1555 3623 Festsaal des Filippo Loschis, des Vologneser Dichters, worin
1550 3592 2589 3664 Menschen gezeichnet. Aber unschwer wäre an all den Wienern
530 3611 1546 3687 der „Schleier der Beatrice“ als ein Zeuge der Untreue ver¬
1560 3622 2588 3713 und Wienerinnen die Entdeckung, wie stark ihr Wesen trotz aller
531 3659 1558 3726 gessen ward, spielt die junge, schöne Beatrice Nordi vor dem
521 3681 2575 3772 begehrten Poeten mit der Liebe, mit dem Sterben, das ihr im Heimatsweichheit, Heimatssonderart, trotz aller Kulturverfeine¬
2060 4063 2110 4135 —
2963 863 3008 931 440
2948 900 3013 956 10
