3344 4352
1139 179 1590 290 box 39/1
142 209 992 314 1. Soth Birthdav
656 760 1281 872 Klose & Seidel
563 833 1371 923 Bureau für Zeitungeausechnitte.
511 894 1419 1019 Berlin NO. 43, Georgenkirehplats 21:
577 1000 1369 1094 (Liest die meisten Zeitungen und ist das
590 1052 1381 1170 bestorgaalsiertieste Burenn Dentschlands,)
777 1175 978 1274 Neatee“
366 1259 689 1348 Zeitung
892 1275 1232 1370 Danzig
385 1369 635 1444 Ort: —
392 1427 1083 1557 Datum:
665 1590 795 1659 S
1664 1577 2798 1684 hat viel zu erklären an der Psychologie der Alltags=1
1667 1631 2798 1713 erscheinungen und an den sozialen Problemen. Ersd
897 1633 1468 1740 Arthur Schnitzler.
1665 1678 2776 1755 beleuchtet, demonstriert sie in seinen dichterischen!t
795 1695 1565 1796 Zu seinem 50. Geburtstag, 15. Mai.
1688 1712 2762 1787 Gestalten, aber er entwirrt sie nicht, gibt nicht dief
706 1750 1688 1836 Den Reigen der 50jährigen Dichterjubilare in
643 1754 2749 1873 diesem Jahrel eröffnet der Wiener Arzt Arthur Lösung. Schnitzler analysiert — immer mehr sein
1700 1806 2749 1868 als tief — das Seelengewebe des modernen Men¬
2726 1823 2783 1909 1
1699 1832 2738 1909 schen, die Widersprüche, die jene Knoten im Seelen¬
657 1842 1687 1921 Schnitzlex, der dramatisierende Novellist. Als
1705 1878 2750 1946 leben bilden, um die das Schicksal kreist, die die
654 1874 1705 1956 ausgeprägtel Persönlichkeit steht er in der deutschen
1697 1918 2732 1984 Lebensorganismen beeinflussen bis es sich da ent¬
652 1921 1697 2008 Literatur; die ferneren Jahre werden nicht mehr
1686 1958 2745 2022 kräuselt, bis es dort zur Blutlaufhemmung kommt,
650 1963 1688 2034 viel dazuzugeben und nicht mehr viel davon weg¬
647 1991 1716 2072 zunehmen haben. Er besitzt in gesteigertem Maßel
656 1996 2740 2117 jene Wiener Art, die mit der sinnlichen Genuß= die den Pulsschlag des Lebens anhält. Schnitzler
645 2033 2740 2146 freudigkeit des Aestheten, mit einer Dosis Skepsis begnügt sich aufzudecken, die Analyse zu geben, er
653 2077 2741 2198 und einem bißl Frivolität und liebenswürdig=sgreift nicht ein, um zu ändern, die Entwicklung zu
649 2109 2758 2237 grober Offenheit im Leben steht. Es ist nicht ein dirigieren und aus der Verwicklung herauszukom¬
647 2145 2756 2258 Uebermaß von Temperament, das ihn wie z. B. Heresmen. Man hat fast immer den Eindruck von einer
654 2190 2742 2304 mann Bahr bald in diese bald in jene Richtung gewissen Müdigkeit von Temperamentsmangel, der
1698 2235 2738 2301 den Dichter am Zupacken. Eingreifen, Gestalten, am
1706 2273 2744 2341 akt.ven Miterleben der Konsequenzen hindert. Das
649 2278 1702 2337 trieb und ihn in leidenschaftlicher Branseköpfigkeit
1705 2303 2746 2378 wacht ihn denn auch leis und leiser, das dämpft den
656 2319 1696 2396 für Hinz und Kunz und ständig wechselnde Götter
1702 2351 2753 2423 Ton und Klang seiner Gefühle, Gedanken, Worte,
652 2358 1701 2437 Partei ergreisen ließ. Mit dem ersten Werke schon
1705 2387 2748 2456 das deckt seine Farben die sich zu wundervollen
656 2397 1709 2458 stand er bereits mit beiden Füßen auf seinem Weg,
1714 2422 2756 2498 Nuancen verfeinern und die Sensibilität des Stim¬
655 2442 1707 2516 und es war ein ständiges, dem Anschein nach tän¬
1710 2457 2789 2540 mungscharakters steigern. Freilich, die Dramatikg
661 2473 1698 2556 delndes, im Grunde aber energisch zähes Fortschrei¬
1708 2526 2240 2587 geht kräftiger ins Zeug.
655 2508 1713 2587 ten. In sein weiches, leichtes Wiener Blut mischte
1747 2523 2755 2610 Die Kontrafte erfordern mehr Bildnerei als
657 2558 1593 2637 sich die Schwermut des Stimmungsmenschen.
1722 2577 2754 2653 Malerei. Schnitzler bleibt darum im Grunde immer
727 2591 1707 2659 Arthur Schnitzler ist ein Stimmungsmaler von
1723 2627 2750 2694 Novellist. Die Novelle bevorzugt die Tönung, die
652 2623 1716 2691 tausendfältiger Nuance, von feinen Uebergängen,
1718 2666 2749 2733 Nuance, die Stimmung, die Lyrik — auch mehr die
654 2672 1707 2756 von spielerischer Anmut und erlesenem Kunst¬
1713 2703 2759 2771 Objektivität wie sie Schnitzler immer innezuhalten
665 2700 1710 2789 geschmack. Aber er versinkt nicht in die Stimmung,
1714 2744 2767 2822 sucht. Von „Arnold“ seinem Erstlingswerk, über
656 2749 1712 2816 er schankelt auf dem leisen Wellenspiel. Sein Ver¬
1714 2780 2756 2856 „Liebelei“, „Freiwild“, „Die Gefährtin“, „Reigen“!
665 2784 1721 2865 stand hält die Ruder, damit ihn die Woge nicht über¬
1718 2800 2755 2898 „Schleier der Beatrice“, „Der einsame Weg“
673 2829 1721 2898 rascht. Er liebt sie nicht — Wogen und Sturm. Er
1723 2849 2760 2934 „Zwischenspiel“ usw. bis zu seinem letzten Stück sind
670 2868 1717 2927 ist zu müd, zu gefühlskühl dazu. Er banat nicht vor
1716 2889 2769 2967 es Lebensbilder, Seelengemälde, die er entsaltet mit
673 2908 1714 2974 der Leidenschaft, weil sie ihn niederringen könnte,
674 2942 2760 3020 sie ist ihm kein drohendes Element, das er sucht, weil zer Feinheit und Klarheit des Novellisten. Aber
672 2973 2769 3056 sein Blut es braucht. Er steht immer so ein wenia Schnitzler besitzt die Kraft des Wortes, sein bestricken¬
661 3005 2772 3098 außerhalb vo# allem. Seine Gestalten sind nicht sofzer Dialog macht die eigentliche Handlung entbehr¬
665 3070 1717 3130 eigentlich Fleisch von seinem Fleische, Blut von sei¬
675 3051 2763 3177 nem Blute. Er ruft sie in den Dämmerstunden seinerlich, nebensächlich. Die plastische Gestaltungskraft
1716 3100 2764 3164 des Dramatikers setzt sich bei ihm in der Dialog¬
1718 3137 2769 3205 führung durch. Hier gewinnt alles lebendigstes
681 3141 1721 3216 Stimmungsträumereien, nicht um sich mit ihnen zu
1729 3186 2774 3240 Leben, das den Dichtungen Nerv und Blut, Wahr=
674 3183 1721 3247 verschmelzen, in ihnen zu leben, nein, als Arzt das
1721 3205 2779 3284 heit und Kraft gibt und ihnen jene Wirkung sichert####
680 3225 1718 3285 Sezieren gewohnt, nimmt er das scharfe Messer
1722 3261 2502 3328 die dem wahrhaften Kunstwerk eignet.
670 3262 1725 3320 keines Verstandes und löst sie aus dem Bild der
670 3300 1716 3360 Inspiration, präpariert sie, gibt ihnen seine Gedan¬
2517 3303 2609 3403 —
674 3336 1722 3406 ken und stellt sie in ein erdachtes konstruiertes
682 3371 1732 3449 Milien. Sie handeln weniger, denn Handeln ist
680 3418 1728 3487 mehr Sache des Gefühls, des Temperaments, sie
684 3453 1740 3530 sprechen mehr, denn Sprechen ist vorwiegend Sache
682 3476 1751 3587 des Intellekts. Und der Dichter hat viel zu sagen,
