3344 4352
1074 220 1513 314 box 39/1
212 241 923 330 Soth Birthdav
299 533 657 610 —aas.
649 568 1187 652 Der Merker, Wien
268 603 643 731 vom LI4 P.
626 778 1315 876 SCHNITZLER-FEIERN.
160 870 960 911 Arthur Schnitzlers go. Geburtstag wurde in
993 869 1849 921 wird. Das Theater in der Josefstadt beging
116 899 961 955 Wien mit besonderer Herzlichkeit gefeiert. Als
982 920 1862 957 den Tag mit einer Aufführung von Schnitzlers
115 944 961 986 erster ehrte der „Merker“ den Dichter mit
979 949 1848 1010 „Vermächtnis“ mit Frau Niese und den Herren
117 984 960 1027 einem Schnitzler-Abend, der am 13. Mai im
985 993 1855 1033 Lessen und Maran in den Hauptrollen.
116 1019 954 1067 Beethoven-Saal stattfand und dessen Programm
980 1028 1865 1084 Alle diese Veranstaltungen hatten sich eines
110 1063 958 1114 (Vorlesung Schnitzlerscher Novellen durch Elsa
983 1078 1852 1110 ungemeinen Zuspruches zu erfreuen und brachten
116 1100 959 1144 Galafrés-Hubermann, Lily Marberg, Arnold
980 1116 1861 1144 sowohl dem Dichter als auch den Darstellern
108 1144 959 1178 Korff) mit einer Conférence Felix Saltens
985 1153 1847 1193 reiche Ehren. Der seinerzeitigen Anregung
113 1182 955 1224 über Arthur Schnitzler eingeleitet wurde. Es
987 1192 1860 1238 Stephan Zweigs folgend, hatten auch die meisten
114 1214 966 1254 mag uns gestattet sein, den großen künst¬
984 1227 1853 1273 auswärtigen Bühnen Schnitzlersche Werke auf
109 1253 969 1309 lerischen und gesellschaftlichen Erfolg dieser Feier
981 1269 1848 1317 dem Spielplan. Besonders erwahnenswert ist der
119 1291 457 1342 hier anzumerken.
982 1311 1852 1340 Schnitzlerzyklus, den Direktor Heinrich Teweles
152 1337 959 1384 Der Akademische Verband für Litera¬
977 1345 1849 1397 am Deutschen Theater in Prag veranstaltete
120 1372 964 1421 tur und Musik feierte Schnitzler durch eine
983 1388 1851 1433 und der sämtliche Bühnenwerke Arthur
107 1397 961 1467 Vorlesung seines in Wien noch nie zur Aufführung
984 1422 1851 1463 Schnitzlers zur Aufführung brachte. Graz,
113 1454 965 1491 gelangten prunkvollen Renaissancedramas „Der
982 1454 1844 1514 Brünn, Berlin, München, Frankfurt, Hamburg,
118 1491 956 1533 Schleier der Beatrice“, das Ferdinand Onne
974 1501 1844 1551 Breslau und die meisten großen deutschen
115 1533 872 1569 mit vollendeter Künstlerschaft gestaltete.
972 1533 1854 1593 Provinzstädte hatten gleichfalls mit Aufführungen
147 1563 954 1622 Auch die Wiener Theater (soweit sie noch
981 1581 1850 1628 Schnitzlerscher Werke an des Dichters Geburts¬
102 1573 966 1653 das Schauspiel pflegen) führten an diesem Abend
977 1617 1608 1664 tag große Erfolge zu verzeichnen.
114 1643 956 1686 Schnitzlersche Werkeauf. Das Hofburgthea¬
1042 1657 1843 1697 Von publizistischen Würdigungen Arthur
107 1675 954 1737 ter, das in den beiden letzten Jahren dem
983 1697 1840 1733 Schnitzlers seien erwähnt: Felix Salten (Neue
111 1721 958 1775 Wiener Dichter seine stärksten Erfolge zu danken
982 1734 1845 1782 deutsche Rundschau, Berlin), Raoul Auernheimer
108 1763 962 1805 hat, brachte Sonntag den 12. als Vorfeier den
987 1772 1850 1814 (Neue Freie Presse), Robert Hirschfeld (Neues
108 1805 964 1842 „Jungen Medardus“ und am Geburtstag selbst
981 1809 1842 1851 Wiener Tagblatt), Leopold Jacobsohn (Neues
109 1842 963 1892 „Das weite Land“. Das Deutsche Volks¬
984 1852 1847 1903 Wiener Journal), Ludwig Bauer (Die Zeit)
112 1883 967 1930 theater stellte sich mit einer Reprise der
992 1883 1839 1940 Stefan Großmann (Berliner Tageblatt), Felix
108 1914 961 1961 „Liebelei“ und des „grünen Kakadu“ ein, über
977 1932 1859 1981 Salten (Fremden-Blatt) und die meisten größeren
117 1960 952 2015 lie noch an anderer Stelle kritisch berichtet
982 1970 1470 2024 deutschen Tageszeitungen.
1964 1224 2330 1297 usschnitt aus:
2333 1245 2871 1346 Ilustriertos Wiener Extrablatt
2529 1319 2685 1397 Wien
1977 1351 2112 1394 om:
2059 1416 3006 1484 (Der 50. Geburtstag Artur Schnitzlers.)
2259 1472 2363 1526 des
2006 1466 2215 1529 Anläßlich
2376 1472 2779 1536 50. Geburtstäges¬
2838 1476 2997 1530 r
2002 1509 2991 1570 Schnitzlers gibt die Zeitschrift „Der Merker“
1998 1563 2997 1622 eine Spezialnummer heraus, der Georg Brandes
1998 1608 2996 1643 einen „Schnitzler=Medaillon“ betitelten Beitrag
2000 1643 2990 1704 widmet. Es heißt da: „Als Arzt gewohnt, das
1990 1688 2985 1742 Kranke zu behandeln und mit dem Gedanken an
1998 1735 2998 1797 den Tod vertraut, hat er viel von der Gesichtsweise
1996 1777 2991 1827 des Arztes in seinem psychologischen Blick, auch
1992 1822 2993 1868 etwas von der Unempfindlichkeit des Arztes in
1998 1863 2991 1925 seiner ruhigen Haltung. Als Weltmann von der
1998 1909 2991 1962 Ironie des Lebens durchdrungen, beobachtet er mit
1995 1950 2991 2006 überraschender Schärfe, ist witzig, wie kein anderer
1993 1993 2980 2041 in der Wiedergabe beobachteter Komik (Anatol,
1993 2026 2994 2092 Gusil, Reigen). Als Dichter vermag er den ganzen
1992 2075 2992 2133 Zauber und die ganze Grausamkeit der Existenz
1995 2113 3004 2176 darzustellen, den Zauber, der uns entzückt, die
1990 2151 2996 2212 Grausamkeit, die uns vernichtet, all das, was
2003 2208 2985 2248 einmal doktrinär das Schöne und Tragische
1996 2245 2988 2303 hieß. Er sagt: Daß die Frauen so lieblich sind
1991 2285 2986 2343 und die Kunst so herrlich ist, macht das Leben
1995 2336 2981 2384 reich. Daß jegliches Glück so teuer erkauft und so
2000 2374 2978 2436 flüchtig ist, macht das Leben schwer. Daß uns das
1987 2424 2987 2479 Unglück immer droht und daß der Tod so nahe ist,
1998 2464 2981 2525 macht das Leben unsicher, unheimlich und kostbar.“
1995 2506 2979 2550 Wilhelm Schmidtbonn schreibt unter dem
1996 2550 2984 2611 Titel „Zwie Städte": „Man müßte verzagen, wenn
1987 2594 2986 2648 es in der deutschen Dichtung nicht außer Berlin ein
1990 2635 2976 2690 Wien gäbe. Es ist vor allem nicht richtig, wenn
1990 2669 2990 2735 Berlin sich für moderner hält. Das leicht berührbare,
1987 2715 2986 2799 schnell aufsreifende, bis kins tiefste durchfühlende
1968 2791 2954 2862 und das Letzte leidenschaftlich sondernde Gehirn,
1971 2846 2945 2902 das den neuen Künstler macht, findet sich beim
1978 2873 2956 2934 Wienek, wie beim Berliner. Nur daß der Wiener
1972 2920 2960 2985 daze den Urgrund seiner alten, zeithabenden Liebe
1962 2965 2958 3038 ## den Dingen, zu allem Denkbaren und Fühl¬
1959 3008 2961 3071 jcharen behält; nur daß beim Wiener die erregte
1976 3049 2961 3113 Schwingung unserer merkwürdigen Zeit von seit
1974 3081 2970 3157 alters gedünnten und empfindlich gewordenen
1972 3135 2954 3215 Nerven aufgenommen wird, während Berlin die
1983 3167 2954 3240 gröbere Schnellkraft des Ankömmlings hat. Wien
1980 3216 2966 3286 verbindet das Ohr mit der großen Zeit: Mozart.
1971 3261 2959 3335 Wien liebt man, wenn Berlin einem imponier#
1983 3316 2962 3394 Wien — wenn man Wien sagt, denkt man ig #st
1967 3348 2465 3402 zuerst# Artur Schnitzler.“
