<?xml version="1.0" encoding="UTF-8" standalone="yes"?>
<PcGts xmlns="http://schema.primaresearch.org/PAGE/gts/pagecontent/2013-07-15" xmlns:xsi="http://www.w3.org/2001/XMLSchema-instance" xsi:schemaLocation="http://schema.primaresearch.org/PAGE/gts/pagecontent/2013-07-15 http://schema.primaresearch.org/PAGE/gts/pagecontent/2013-07-15/pagecontent.xsd">
    <Metadata>
        <Creator>prov=University of Rostock/Institute of Mathematics/CITlab/Gundram Leifert/gundram.leifert@uni-rostock.de:name=ONB_Newseye_GT_M1+(htr_id=10810)::::v=2.4.2
prov=University of Rostock/Institute of Mathematics/CITlab/Tobias Gruening/tobias.gruening@uni-rostock.de:name=de.uros.citlab.module.baseline2polygon.B2PSeamMultiOriented:v=2.4.2
prov=University of Rostock/Institute of Mathematics/CITlab/Tobias Gruening/tobias.gruening@uni-rostock.de:name=/mnt/transkribus/LA/DEA/URO/LA_news_onb_att.pb:de.uros.citlab.segmentation.CITlab_LA_ML:v=2.4.2
Transkribus</Creator>
        <Created>2019-10-07T20:31:26.811+02:00</Created>
        <LastChange>2019-10-09T03:06:45.621+02:00</LastChange>
        <TranskribusMetadata docId="224436" pageId="9574898" pageNr="57" tsid="16620003" status="IN_PROGRESS" userId="40391" imgUrl="https://files.transkribus.eu/Get?id=WBZATSVDWVRWURNAXBXARYZX&amp;fileType=view" xmlUrl="https://files.transkribus.eu/Get?id=OCXCLNDPZMENMGKLULXVXYFF" imageId="6206837"/>
    </Metadata>
    <Page imageFilename="224436_0057.jpeg" imageWidth="3392" imageHeight="4352">
        <ReadingOrder>
            <OrderedGroup id="ro_1711442907771" caption="Regions reading order">
                <RegionRefIndexed index="0" regionRef="r1"/>
                <RegionRefIndexed index="1" regionRef="r2"/>
            </OrderedGroup>
        </ReadingOrder>
        <TextRegion orientation="0.0" id="r1" custom="readingOrder {index:0;}">
            <Coords points="193,195 193,346 210,346 210,195"/>
            <TextLine id="r1l1" custom="readingOrder {index:0;}">
                <Coords points="173,317 192,318 199,315 207,320 226,321 233,238 180,233"/>
                <Baseline points="193,295 210,296"/>
                <TextEquiv>
                    <Unicode>1</Unicode>
                </TextEquiv>
            </TextLine>
            <TextEquiv>
                <Unicode>1</Unicode>
            </TextEquiv>
        </TextRegion>
        <TextRegion orientation="0.0" id="r2" custom="readingOrder {index:1;}">
            <Coords points="252,266 252,3768 3334,3768 3334,266"/>
            <TextLine id="r2l1" custom="readingOrder {index:0;}">
                <Coords points="1106,302 1171,282 1293,330 1350,307 1404,329 1427,313 1621,322 1620,216 1513,240 1460,218 1384,253 1338,238 1239,247 1200,221 1167,248 1105,249"/>
                <Baseline points="1125,304 1150,301 1175,297 1200,294 1225,293 1250,291 1275,291 1301,290 1326,290 1351,290 1376,291 1401,291 1426,292 1452,292 1477,293 1502,293 1527,292 1552,292 1577,291 1603,289"/>
                <TextEquiv>
                    <Unicode>box 39/1</Unicode>
                </TextEquiv>
            </TextLine>
            <TextLine id="r2l2" custom="readingOrder {index:1;}">
                <Coords points="293,340 682,348 816,324 984,345 1040,314 1040,241 925,250 815,217 739,252 670,226 563,273 513,235 292,241"/>
                <Baseline points="311,314 346,316 382,317 417,318 453,318 489,319 524,319 560,320 595,319 631,319 667,319 702,319 738,318 773,317 809,316 845,315 880,314 916,313 951,311 987,310 1023,308"/>
                <TextEquiv>
                    <Unicode>Soth Birihday</Unicode>
                </TextEquiv>
            </TextLine>
            <TextLine id="r2l3" custom="readingOrder {index:2;}">
                <Coords points="288,1019 345,1051 689,1014 921,1060 1047,1028 1352,1064 1354,961 289,955"/>
                <Baseline points="309,1021 360,1018 411,1015 462,1013 513,1013 564,1013 615,1014 667,1014 718,1016 769,1018 820,1020 871,1022 922,1023 973,1026 1025,1027 1076,1028 1127,1028 1178,1028 1229,1028 1280,1026 1332,1023"/>
                <TextEquiv>
                    <Unicode># chnitt aus: Breslauer Zeitung</Unicode>
                </TextEquiv>
            </TextLine>
            <TextLine id="r2l4" custom="readingOrder {index:3;}">
                <Coords points="515,1125 561,1112 592,1127 625,1110 668,1120 732,1103 748,1114 766,1102 786,1117 831,1112 829,1039 776,1029 692,1040 638,1026 513,1041"/>
                <Baseline points="533,1100 558,1100 583,1100 608,1099 634,1098 659,1098 684,1097 709,1095 735,1095 760,1094 785,1093 811,1093"/>
                <TextEquiv>
                    <Unicode>15Mäl1sle</Unicode>
                </TextEquiv>
            </TextLine>
            <TextLine id="r2l5" custom="readingOrder {index:4;}">
                <Coords points="329,1185 386,1181 381,1101 354,1103 346,1099 323,1101"/>
                <Baseline points="346,1155 366,1154"/>
                <TextEquiv>
                    <Unicode>4</Unicode>
                </TextEquiv>
            </TextLine>
            <TextLine id="r2l6" custom="readingOrder {index:5;}">
                <Coords points="1530,1204 3283,1159 3327,1085 1528,1151"/>
                <Baseline points="1548,1191 1636,1188 1724,1186 1812,1183 1900,1180 1988,1178 2076,1175 2165,1173 2253,1170 2341,1168 2429,1165 2517,1163 2605,1160 2693,1157 2782,1155 2870,1152 2958,1150 3046,1148 3134,1146 3222,1144 3311,1142"/>
                <TextEquiv>
                    <Unicode>malischen Formen — solch ein Stück Wille zum Leben gestaltet, ihm weniger den Nachst</Unicode>
                </TextEquiv>
            </TextLine>
            <TextLine id="r2l7" custom="readingOrder {index:6;}">
                <Coords points="2837,1203 2909,1213 3073,1190 3104,1209 3157,1192 3203,1203 3313,1189 3312,1143 3190,1138 3164,1154 3102,1136 3065,1164 2942,1147 2836,1153"/>
                <Baseline points="2856,1200 2881,1199 2907,1198 2933,1198 2959,1197 2985,1197 3011,1196 3037,1196 3063,1196 3088,1195 3114,1195 3140,1195 3166,1194 3192,1193 3218,1193 3244,1191 3270,1190 3296,1188"/>
                <TextEquiv>
                    <Unicode>lächelnden, tändelnden</Unicode>
                </TextEquiv>
            </TextLine>
            <TextLine id="r2l8" custom="readingOrder {index:7;}">
                <Coords points="1542,1246 2846,1201 2844,1156 1540,1196"/>
                <Baseline points="1562,1241 1625,1239 1688,1237 1751,1235 1814,1234 1877,1232 1940,1230 2004,1228 2067,1226 2130,1224 2193,1222 2256,1220 2319,1218 2382,1216 2446,1214 2509,1212 2572,1210 2635,1208 2698,1206 2761,1204 2825,1202"/>
                <TextEquiv>
                    <Unicode>in dem Fabrikanten Hofreiter (dünkt er Euch nicht der minder</Unicode>
                </TextEquiv>
            </TextLine>
            <TextLine id="r2l9" custom="readingOrder {index:8;}">
                <Coords points="1523,1290 3337,1228 2828,1186 1522,1248"/>
                <Baseline points="1541,1288 1629,1286 1718,1285 1807,1282 1896,1281 1985,1278 2074,1276 2162,1273 2251,1270 2340,1268 2429,1264 2518,1262 2607,1259 2696,1256 2784,1253 2873,1250 2962,1247 3051,1245 3140,1242 3229,1240 3318,1238"/>
                <TextEquiv>
                    <Unicode>liebenswürdige, weil ältere Bruder Anatols zu sein; denn einenseiner Werke nicht recht</Unicode>
                </TextEquiv>
            </TextLine>
            <TextLine id="r2l10" custom="readingOrder {index:9;}">
                <Coords points="234,1317 1541,1251 1539,1190 1432,1174 232,1237"/>
                <Baseline points="252,1293 315,1286 379,1280 442,1276 506,1273 569,1270 633,1267 696,1266 760,1265 823,1264 887,1264 951,1264 1014,1263 1078,1262 1141,1261 1205,1260 1268,1258 1332,1255 1395,1252 1459,1247 1523,1241"/>
                <TextEquiv>
                    <Unicode>Zu Arthur Schnitzlers 50. Geburtstag.</Unicode>
                </TextEquiv>
            </TextLine>
            <TextLine id="r2l11" custom="readingOrder {index:10;}">
                <Coords points="1526,1341 3341,1280 3328,1227 1525,1292"/>
                <Baseline points="1547,1337 1635,1335 1724,1333 1812,1331 1901,1329 1990,1327 2078,1324 2167,1322 2256,1319 2344,1316 2433,1313 2522,1311 2610,1308 2699,1305 2788,1302 2876,1299 2965,1295 3054,1292 3142,1289 3231,1285 3320,1282"/>
                <TextEquiv>
                    <Unicode>Flaneur mit 40 oder 45 Jahren, einen Mann jenseits der Inhalt von Der Schleis</Unicode>
                </TextEquiv>
            </TextLine>
            <TextLine id="r2l12" custom="readingOrder {index:11;}">
                <Coords points="788,1347 814,1338 856,1341 868,1333 883,1341 944,1339 978,1327 1009,1334 1008,1284 943,1290 931,1278 901,1279 886,1291 867,1291 832,1266 786,1267"/>
                <Baseline points="806,1325 832,1326 858,1326 884,1325 911,1324 937,1323 963,1322 990,1323"/>
                <TextEquiv>
                    <Unicode>—1. Mat.—</Unicode>
                </TextEquiv>
            </TextLine>
            <TextLine id="r2l13" custom="readingOrder {index:12;}">
                <Coords points="1539,1394 3316,1338 3314,1281 3226,1273 1538,1341"/>
                <Baseline points="1558,1385 1649,1383 1741,1380 1832,1377 1924,1375 2015,1372 2107,1369 2198,1366 2290,1363 2381,1361 2473,1357 2564,1355 2656,1352 2747,1349 2839,1346 2930,1343 3022,1340 3113,1337 3205,1334 3297,1331"/>
                <TextEquiv>
                    <Unicode>Schaffensmitte, der immer nur den Schürzenschleifen und Auto=er auf die Frage nach</Unicode>
                </TextEquiv>
            </TextLine>
            <TextLine id="r2l14" custom="readingOrder {index:13;}">
                <Coords points="316,1410 1548,1378 1546,1313 1477,1300 1356,1338 314,1334"/>
                <Baseline points="334,1405 393,1403 453,1401 513,1399 573,1398 633,1396 692,1394 752,1392 812,1390 872,1389 932,1387 991,1386 1051,1384 1111,1382 1171,1380 1231,1378 1290,1377 1350,1375 1410,1373 1470,1371 1530,1369"/>
                <TextEquiv>
                    <Unicode>Ein Stück Wien ist in seine Werke versponnen. Theresianische</Unicode>
                </TextEquiv>
            </TextLine>
            <TextLine id="r2l15" custom="readingOrder {index:14;}">
                <Coords points="1545,1443 3295,1383 3293,1318 3236,1316 1544,1397"/>
                <Baseline points="1564,1432 1649,1430 1735,1427 1820,1425 1906,1423 1992,1420 2077,1417 2163,1415 2248,1412 2334,1410 2420,1407 2505,1405 2591,1402 2676,1399 2762,1396 2848,1393 2933,1390 3019,1387 3104,1384 3190,1380 3276,1377"/>
                <TextEquiv>
                    <Unicode>mobilschleiern nachläuft, den können wir fünf Akte hindurch nicht Schluß sind alle tot“ —</Unicode>
                </TextEquiv>
            </TextLine>
            <TextLine id="r2l16" custom="readingOrder {index:15;}">
                <Coords points="244,1466 1548,1425 1546,1379 242,1405"/>
                <Baseline points="261,1457 324,1455 387,1454 450,1452 514,1450 577,1448 640,1446 704,1445 767,1443 830,1441 894,1439 957,1437 1020,1436 1083,1434 1147,1432 1210,1430 1273,1428 1337,1427 1400,1425 1463,1423 1527,1421"/>
                <TextEquiv>
                    <Unicode>Zärtlichkeiten singen in seinem Blut, und von der Darstellung des</Unicode>
                </TextEquiv>
            </TextLine>
            <TextLine id="r2l17" custom="readingOrder {index:16;}">
                <Coords points="1550,1485 3335,1443 3333,1382 3237,1374 1549,1435"/>
                <Baseline points="1570,1480 1657,1477 1744,1475 1832,1472 1919,1470 2006,1467 2094,1464 2181,1462 2268,1458 2356,1456 2443,1453 2530,1450 2618,1447 2705,1444 2792,1441 2880,1439 2967,1436 3054,1433 3142,1431 3229,1428 3317,1426"/>
                <TextEquiv>
                    <Unicode>ertragen). Aber immerhin: er bleibt Repräsentant der Schnitzler-jähnlich, Papa.“ Die 2</Unicode>
                </TextEquiv>
            </TextLine>
            <TextLine id="r2l18" custom="readingOrder {index:17;}">
                <Coords points="2831,1501 2931,1502 2949,1482 2969,1497 3071,1482 3118,1499 3285,1475 3323,1493 3325,1428 3108,1435 3092,1420 3032,1441 2997,1419 2975,1443 2829,1440"/>
                <Baseline points="2849,1486 2874,1487 2900,1487 2925,1487 2951,1487 2976,1486 3002,1485 3027,1484 3053,1483 3079,1482 3104,1481 3130,1480 3155,1478 3181,1478 3206,1476 3232,1476 3257,1475 3283,1475 3309,1475"/>
                <TextEquiv>
                    <Unicode>Tag jenen mondänen</Unicode>
                </TextEquiv>
            </TextLine>
            <TextLine id="r2l19" custom="readingOrder {index:18;}">
                <Coords points="237,1508 1553,1475 1551,1421 235,1443"/>
                <Baseline points="257,1507 320,1505 384,1503 448,1501 512,1500 575,1498 639,1496 703,1494 767,1493 830,1491 894,1490 958,1488 1022,1486 1085,1484 1149,1483 1213,1480 1277,1478 1340,1477 1404,1474 1468,1472 1532,1469"/>
                <TextEquiv>
                    <Unicode>modernen Lebens weicht er immer mehr im „Medardus“, im</Unicode>
                </TextEquiv>
            </TextLine>
            <TextLine id="r2l20" custom="readingOrder {index:19;}">
                <Coords points="1547,1539 2851,1498 2823,1442 1546,1486"/>
                <Baseline points="1565,1529 1628,1527 1691,1525 1754,1522 1818,1521 1881,1519 1944,1517 2008,1515 2071,1514 2134,1512 2198,1510 2261,1509 2324,1507 2387,1506 2451,1504 2514,1502 2577,1500 2641,1498 2704,1495 2767,1493 2831,1491"/>
                <TextEquiv>
                    <Unicode>schen Welt, Bruder jenes Mädchens, das über die Leiche des</Unicode>
                </TextEquiv>
            </TextLine>
            <TextLine id="r2l21" custom="readingOrder {index:20;}">
                <Coords points="2847,1553 2930,1539 3007,1548 3041,1531 3137,1551 3235,1525 3335,1530 3333,1476 3306,1470 3219,1488 3073,1477 3028,1498 2955,1485 2845,1496"/>
                <Baseline points="2865,1542 2890,1539 2915,1538 2940,1536 2965,1535 2990,1534 3015,1533 3040,1532 3065,1532 3091,1531 3116,1531 3141,1531 3166,1530 3191,1529 3216,1528 3241,1528 3266,1527 3291,1525 3317,1522"/>
                <TextEquiv>
                    <Unicode>gewöhnt, der ganze und</Unicode>
                </TextEquiv>
            </TextLine>
            <TextLine id="r2l22" custom="readingOrder {index:21;}">
                <Coords points="252,1553 1472,1533 1559,1522 1558,1473 250,1511"/>
                <Baseline points="269,1552 332,1551 396,1550 459,1549 523,1548 586,1546 650,1544 713,1542 777,1540 840,1538 904,1536 967,1534 1031,1532 1094,1530 1158,1528 1221,1526 1285,1524 1348,1522 1412,1521 1475,1519 1539,1517"/>
                <TextEquiv>
                    <Unicode>„Ruf des Lebens“ in jene still verrinnenden Zeiten zurück, in denen</Unicode>
                </TextEquiv>
            </TextLine>
            <TextLine id="r2l23" custom="readingOrder {index:22;}">
                <Coords points="1546,1588 2172,1580 2517,1530 2740,1562 2842,1547 2841,1497 1544,1538"/>
                <Baseline points="1565,1577 1631,1576 1697,1574 1763,1573 1830,1571 1896,1569 1962,1567 2028,1565 2095,1563 2161,1561 2227,1559 2293,1556 2360,1554 2426,1552 2492,1549 2558,1547 2625,1545 2691,1543 2757,1541 2824,1539"/>
                <TextEquiv>
                    <Unicode>Vaters weg, gelockt von dem „Ruf des Lebens“ in zwei offene</Unicode>
                </TextEquiv>
            </TextLine>
            <TextLine id="r2l24" custom="readingOrder {index:23;}">
                <Coords points="2838,1610 2876,1590 2975,1583 3032,1601 3146,1575 3337,1585 3336,1531 2836,1545"/>
                <Baseline points="2857,1591 2882,1588 2908,1586 2933,1584 2959,1582 2985,1581 3010,1581 3036,1580 3061,1579 3087,1578 3113,1578 3138,1578 3164,1578 3189,1577 3215,1577 3241,1576 3266,1576 3292,1575 3318,1574"/>
                <TextEquiv>
                    <Unicode>jungen Herren im Café</Unicode>
                </TextEquiv>
            </TextLine>
            <TextLine id="r2l25" custom="readingOrder {index:24;}">
                <Coords points="247,1611 1548,1586 1546,1521 246,1554"/>
                <Baseline points="265,1602 328,1600 391,1598 454,1597 517,1595 581,1594 644,1592 707,1590 770,1588 833,1587 897,1585 960,1583 1023,1582 1086,1580 1149,1578 1213,1576 1276,1574 1339,1572 1402,1570 1465,1568 1529,1566"/>
                <TextEquiv>
                    <Unicode>esich der Begriff österreichisch und der Begriff wienerisch durch</Unicode>
                </TextEquiv>
            </TextLine>
            <TextLine id="r2l26" custom="readingOrder {index:25;}">
                <Coords points="1551,1634 2648,1587 2855,1619 2853,1535 1549,1576"/>
                <Baseline points="1569,1623 1632,1622 1695,1621 1758,1620 1822,1618 1885,1617 1948,1615 2011,1613 2075,1611 2138,1609 2201,1608 2264,1606 2328,1603 2391,1602 2454,1599 2517,1597 2581,1595 2644,1594 2707,1592 2770,1590 2834,1588"/>
                <TextEquiv>
                    <Unicode>Leutnantsarme springt, Bruder jenes Leutnants Gustl, dem das</Unicode>
                </TextEquiv>
            </TextLine>
            <TextLine id="r2l27" custom="readingOrder {index:26;}">
                <Coords points="2837,1635 2883,1649 3013,1645 3035,1629 3333,1635 3331,1566 3247,1584 2836,1597"/>
                <Baseline points="2857,1639 2882,1636 2907,1635 2933,1632 2958,1631 2983,1630 3009,1629 3034,1628 3059,1627 3085,1626 3110,1626 3135,1625 3161,1625 3186,1624 3211,1624 3237,1624 3262,1623 3287,1623 3313,1622"/>
                <TextEquiv>
                    <Unicode>Heinische Schnitzlerlocke,</Unicode>
                </TextEquiv>
            </TextLine>
            <TextLine id="r2l28" custom="readingOrder {index:27;}">
                <Coords points="258,1652 1547,1626 1515,1574 1202,1568 257,1610"/>
                <Baseline points="278,1650 340,1648 403,1647 465,1645 528,1643 590,1641 653,1639 715,1637 778,1635 840,1634 903,1632 966,1630 1028,1628 1091,1626 1153,1624 1216,1623 1278,1621 1341,1619 1403,1618 1466,1616 1529,1614"/>
                <TextEquiv>
                    <Unicode>Schubert=Weisen und Grillparzer=Dichtungen am besten erfüllt hat,</Unicode>
                </TextEquiv>
            </TextLine>
            <TextLine id="r2l29" custom="readingOrder {index:28;}">
                <Coords points="1554,1685 2847,1656 2845,1595 2746,1587 1553,1631"/>
                <Baseline points="1574,1674 1636,1672 1699,1670 1761,1668 1824,1667 1887,1665 1949,1663 2012,1661 2075,1660 2137,1658 2200,1656 2263,1654 2325,1653 2388,1651 2451,1649 2513,1648 2576,1646 2639,1644 2701,1642 2764,1640 2827,1638"/>
                <TextEquiv>
                    <Unicode>Duell von morgen heute den Angstschweiß aus den Poren treibt,</Unicode>
                </TextEquiv>
            </TextLine>
            <TextLine id="r2l30" custom="readingOrder {index:29;}">
                <Coords points="2839,1693 3014,1676 3099,1692 3136,1672 3175,1686 3304,1681 3346,1672 3344,1604 3309,1601 3284,1629 2906,1638 2890,1623 2876,1639 2837,1636"/>
                <Baseline points="2857,1683 2883,1682 2909,1681 2935,1680 2961,1679 2987,1677 3013,1677 3039,1676 3065,1675 3091,1674 3117,1673 3143,1672 3169,1671 3195,1671 3221,1670 3247,1669 3273,1669 3299,1668 3325,1667"/>
                <TextEquiv>
                    <Unicode>die rote Weste Gautiers.</Unicode>
                </TextEquiv>
            </TextLine>
            <TextLine id="r2l31" custom="readingOrder {index:30;}">
                <Coords points="250,1702 1359,1688 1561,1674 1560,1620 249,1671"/>
                <Baseline points="270,1697 333,1697 397,1696 460,1695 524,1694 587,1692 651,1690 714,1688 778,1686 841,1683 905,1681 969,1679 1032,1677 1096,1674 1159,1672 1223,1670 1286,1669 1350,1667 1413,1666 1477,1665 1541,1665"/>
                <TextEquiv>
                    <Unicode>in denen das harte, feste und kantige Dasein in Versonnenheit, in</Unicode>
                </TextEquiv>
            </TextLine>
            <TextLine id="r2l32" custom="readingOrder {index:31;}">
                <Coords points="1544,1739 2836,1703 2839,1641 1543,1685"/>
                <Baseline points="1562,1725 1628,1722 1694,1719 1760,1717 1827,1715 1893,1713 1959,1710 2025,1709 2092,1707 2158,1705 2224,1703 2290,1702 2357,1700 2423,1699 2489,1697 2555,1695 2622,1693 2688,1692 2754,1690 2821,1687"/>
                <TextEquiv>
                    <Unicode>und jenes armen Schwindsüchtigen, der im „Sterben“ hinsiecht,</Unicode>
                </TextEquiv>
            </TextLine>
            <TextLine id="r2l33" custom="readingOrder {index:32;}">
                <Coords points="2844,1758 2912,1733 3343,1731 3342,1670 2843,1689"/>
                <Baseline points="2861,1730 2886,1729 2912,1728 2938,1727 2964,1727 2989,1726 3015,1726 3041,1726 3067,1725 3093,1725 3118,1725 3144,1724 3170,1724 3196,1723 3221,1722 3247,1721 3273,1720 3299,1718 3325,1716"/>
                <TextEquiv>
                    <Unicode>Liebelei ist er hier popuh</Unicode>
                </TextEquiv>
            </TextLine>
            <TextLine id="r2l34" custom="readingOrder {index:33;}">
                <Coords points="245,1767 1552,1723 1550,1665 1477,1648 243,1699"/>
                <Baseline points="264,1748 327,1746 390,1744 454,1742 517,1740 581,1738 644,1736 707,1734 771,1732 834,1731 898,1729 961,1727 1024,1726 1088,1724 1151,1722 1215,1720 1278,1719 1341,1717 1405,1715 1468,1713 1532,1712"/>
                <TextEquiv>
                    <Unicode>Traum und Märchen vergleitet. Denn es sind immer Märchen</Unicode>
                </TextEquiv>
            </TextLine>
            <TextLine id="r2l35" custom="readingOrder {index:34;}">
                <Coords points="254,1818 2641,1757 2847,1741 2845,1664 253,1768"/>
                <Baseline points="274,1799 401,1794 529,1788 657,1784 785,1781 912,1778 1040,1775 1168,1772 1296,1770 1423,1768 1551,1766 1679,1764 1807,1762 1934,1759 2062,1756 2190,1754 2318,1750 2445,1747 2573,1742 2701,1737 2829,1731"/>
                <TextEquiv>
                    <Unicode>gewesen, was Schnitzler geschrieben hat. Auch dort, wo er den während sein Mädel, diese ins Unendliche duldende Magdalena,</Unicode>
                </TextEquiv>
            </TextLine>
            <TextLine id="r2l36" custom="readingOrder {index:35;}">
                <Coords points="2852,1781 2887,1796 3062,1786 3081,1770 3157,1787 3191,1771 3260,1780 3340,1770 3339,1732 3114,1727 3041,1741 3018,1727 2896,1734 2851,1755"/>
                <Baseline points="2871,1781 2897,1779 2923,1778 2950,1776 2976,1775 3002,1774 3029,1774 3055,1773 3081,1773 3108,1773 3134,1772 3160,1772 3187,1771 3213,1770 3239,1769 3266,1767 3292,1765 3319,1762"/>
                <TextEquiv>
                    <Unicode>„Leutnant Gustl“, die</Unicode>
                </TextEquiv>
            </TextLine>
            <TextLine id="r2l37" custom="readingOrder {index:36;}">
                <Coords points="259,1848 2867,1805 2835,1737 257,1799"/>
                <Baseline points="278,1844 406,1840 534,1837 663,1833 791,1830 920,1827 1048,1824 1177,1821 1305,1819 1434,1816 1562,1814 1690,1811 1819,1809 1947,1806 2076,1803 2204,1800 2333,1797 2461,1794 2590,1791 2718,1787 2847,1782"/>
                <TextEquiv>
                    <Unicode>Vibrationen der allergegenwärtigsten Seele nachgespürt hat, im neu dem Leben entgegenatmet. Immer wieder ist es „Der Ruf</Unicode>
                </TextEquiv>
            </TextLine>
            <TextLine id="r2l38" custom="readingOrder {index:37;}">
                <Coords points="251,1875 3340,1830 251,1837"/>
                <Baseline points="271,1892 423,1887 576,1883 728,1880 881,1876 1033,1873 1186,1870 1338,1867 1491,1864 1643,1861 1796,1858 1948,1854 2101,1851 2253,1847 2406,1843 2558,1839 2711,1834 2863,1829 3016,1824 3168,1818 3321,1811"/>
                <TextEquiv>
                    <Unicode> Zwischenspiel“ etwa, Da drang er so tief und so innig ins heimdes Lebens“, den Schnitzler dichten will, aber es wird gewöhnlich lange den Weg ins Ho#</Unicode>
                </TextEquiv>
            </TextLine>
            <TextLine id="r2l39" custom="readingOrder {index:38;}">
                <Coords points="2907,1884 3265,1891 3353,1870 3352,1821 2906,1839"/>
                <Baseline points="2925,1879 2950,1879 2976,1878 3001,1878 3027,1878 3052,1878 3078,1878 3103,1878 3129,1878 3154,1877 3180,1877 3205,1876 3231,1876 3256,1875 3282,1874 3307,1873 3333,1872"/>
                <TextEquiv>
                    <Unicode>Erst Max Burckhar#</Unicode>
                </TextEquiv>
            </TextLine>
            <TextLine id="r2l40" custom="readingOrder {index:39;}">
                <Coords points="258,1947 2774,1902 2861,1827 256,1882"/>
                <Baseline points="276,1943 404,1938 532,1934 661,1930 789,1927 917,1924 1046,1921 1174,1918 1302,1916 1431,1914 1559,1911 1687,1909 1816,1907 1944,1904 2072,1901 2201,1899 2329,1895 2457,1891 2586,1887 2714,1882 2843,1876"/>
                <TextEquiv>
                    <Unicode>liche Fühlen, daß es ihm langsam und sacht ins Ungewisse, ins ein Sterben. Reden nicht auch die Menschen, denen das Leben</Unicode>
                </TextEquiv>
            </TextLine>
            <TextLine id="r2l41" custom="readingOrder {index:40;}">
                <Coords points="1553,1975 3215,1937 3340,1877 1551,1918"/>
                <Baseline points="1571,1965 1658,1962 1746,1960 1833,1958 1921,1955 2008,1953 2096,1950 2183,1947 2271,1944 2358,1942 2446,1940 2534,1937 2621,1935 2709,1933 2796,1931 2884,1929 2971,1928 3059,1926 3146,1925 3234,1924 3322,1923"/>
                <TextEquiv>
                    <Unicode>am teuersten gilt, sehr viel und häufig vom Tod? Es ist, als dardus“: das war im</Unicode>
                </TextEquiv>
            </TextLine>
            <TextLine id="r2l42" custom="readingOrder {index:41;}">
                <Coords points="250,1996 1497,1973 1565,1960 1564,1914 248,1939"/>
                <Baseline points="267,1992 330,1989 394,1987 458,1985 522,1983 586,1981 650,1979 713,1977 777,1975 841,1974 905,1972 969,1971 1033,1969 1097,1967 1160,1966 1224,1964 1288,1962 1352,1961 1416,1958 1480,1957 1544,1955"/>
                <TextEquiv>
                    <Unicode>Unwahrscheinliche und Märchenhafte verflimmerte. Ein Märchen</Unicode>
                </TextEquiv>
            </TextLine>
            <TextLine id="r2l43" custom="readingOrder {index:42;}">
                <Coords points="1551,2032 3347,1979 3315,1918 3044,1914 1550,1971"/>
                <Baseline points="1571,2013 1658,2012 1746,2009 1834,2007 1922,2004 2010,2001 2098,1999 2185,1996 2273,1993 2361,1991 2449,1988 2537,1985 2625,1983 2713,1981 2800,1979 2888,1977 2976,1976 3064,1974 3152,1974 3240,1973 3328,1973"/>
                <TextEquiv>
                    <Unicode>würde er sich eine Angst vom Leib damit schreiben. Und sehr dioser Beweis von dem ##</Unicode>
                </TextEquiv>
            </TextLine>
            <TextLine id="r2l44" custom="readingOrder {index:43;}">
                <Coords points="256,2042 1442,2024 1559,2005 1558,1956 254,1996"/>
                <Baseline points="274,2041 337,2038 400,2035 464,2033 527,2031 590,2029 654,2027 717,2026 780,2024 844,2023 907,2022 970,2020 1034,2018 1097,2017 1160,2015 1224,2013 1287,2011 1350,2009 1414,2007 1477,2004 1541,2001"/>
                <TextEquiv>
                    <Unicode>vom Lieben und vom Sterben ist sein ganzes Werk. „Anatol“</Unicode>
                </TextEquiv>
            </TextLine>
            <TextLine id="r2l45" custom="readingOrder {index:44;}">
                <Coords points="1566,2074 3331,2030 3330,1977 3017,1966 1565,2017"/>
                <Baseline points="1586,2061 1672,2059 1758,2057 1844,2055 1931,2053 2017,2050 2103,2048 2190,2045 2276,2042 2362,2040 2449,2038 2535,2035 2621,2033 2707,2031 2794,2029 2880,2027 2966,2025 3053,2024 3139,2023 3225,2022 3312,2022"/>
                <TextEquiv>
                    <Unicode>mutig sind auch seine Helden nicht, im „Freiwild“ nicht, wo der Aber immer noch spi</Unicode>
                </TextEquiv>
            </TextLine>
            <TextLine id="r2l46" custom="readingOrder {index:45;}">
                <Coords points="259,2102 1567,2065 1565,1996 1382,1990 258,2045"/>
                <Baseline points="278,2090 341,2087 404,2085 468,2084 531,2081 595,2079 658,2078 721,2076 785,2074 848,2072 912,2070 975,2068 1038,2066 1102,2065 1165,2063 1229,2061 1292,2060 1355,2058 1419,2056 1482,2054 1546,2052"/>
                <TextEquiv>
                    <Unicode>war sein erstes Buch, das Buch eines soignierten Flaneurs, eines</Unicode>
                </TextEquiv>
            </TextLine>
            <TextLine id="r2l47" custom="readingOrder {index:46;}">
                <Coords points="1560,2115 3345,2077 3343,2004 1559,2069"/>
                <Baseline points="1578,2110 1665,2107 1752,2104 1840,2101 1927,2098 2015,2096 2102,2094 2190,2092 2277,2090 2365,2088 2452,2086 2539,2084 2627,2083 2714,2081 2802,2079 2889,2077 2977,2075 3064,2073 3152,2071 3239,2068 3327,2065"/>
                <TextEquiv>
                    <Unicode>eine den anderen hinterrücks über den Haufen knallt, im Jungen Schnitzlers den Wienern</Unicode>
                </TextEquiv>
            </TextLine>
            <TextLine id="r2l48" custom="readingOrder {index:47;}">
                <Coords points="264,2144 1579,2110 1577,2042 263,2095"/>
                <Baseline points="281,2137 344,2134 408,2133 472,2131 536,2129 600,2127 664,2125 727,2123 791,2122 855,2120 919,2119 983,2117 1047,2115 1111,2113 1174,2112 1238,2110 1302,2108 1366,2105 1430,2103 1494,2100 1558,2098"/>
                <TextEquiv>
                    <Unicode>homme à femme, und „Sterben“, diese melancholische Nachdenk¬</Unicode>
                </TextEquiv>
            </TextLine>
            <TextLine id="r2l49" custom="readingOrder {index:48;}">
                <Coords points="2864,2133 2933,2124 2956,2142 2975,2127 3104,2128 3131,2146 3169,2115 3200,2129 3326,2127 3324,2073 3160,2069 3065,2087 2863,2079"/>
                <Baseline points="2884,2124 2910,2124 2936,2124 2963,2124 2989,2124 3016,2123 3042,2123 3069,2123 3095,2122 3121,2122 3148,2121 3174,2120 3201,2119 3227,2118 3254,2118 3280,2116 3307,2115"/>
                <TextEquiv>
                    <Unicode>in Berlin drei Jahre f</Unicode>
                </TextEquiv>
            </TextLine>
            <TextLine id="r2l50" custom="readingOrder {index:49;}">
                <Coords points="1567,2168 2868,2138 2866,2081 2709,2062 1566,2115"/>
                <Baseline points="1586,2158 1649,2156 1712,2154 1775,2152 1838,2150 1901,2148 1964,2146 2027,2145 2090,2143 2153,2141 2216,2140 2279,2138 2342,2136 2405,2135 2468,2133 2531,2132 2594,2130 2657,2129 2720,2128 2783,2126 2847,2125"/>
                <TextEquiv>
                    <Unicode>Medardus“ nicht, wo der Held kein Täter ist, sondern ein Dulder,</Unicode>
                </TextEquiv>
            </TextLine>
            <TextLine id="r2l51" custom="readingOrder {index:50;}">
                <Coords points="254,2202 1573,2164 1571,2103 253,2152"/>
                <Baseline points="274,2187 337,2185 401,2183 465,2181 529,2180 593,2177 657,2176 721,2173 785,2172 849,2169 913,2167 976,2166 1040,2163 1104,2162 1168,2160 1232,2158 1296,2157 1360,2155 1424,2154 1488,2153 1552,2152"/>
                <TextEquiv>
                    <Unicode>lichkeit, sein zweites. Er hat wundervoll tiefe Dinge über die</Unicode>
                </TextEquiv>
            </TextLine>
            <TextLine id="r2l52" custom="readingOrder {index:51;}">
                <Coords points="2855,2188 2958,2171 3004,2189 3034,2169 3077,2180 3118,2167 3145,2186 3317,2178 3347,2170 3346,2105 3213,2123 3178,2101 3133,2133 2854,2123"/>
                <Baseline points="2875,2172 2900,2172 2925,2172 2950,2172 2975,2172 3001,2172 3026,2172 3051,2172 3076,2172 3102,2171 3127,2171 3152,2170 3177,2169 3202,2168 3228,2167 3253,2166 3278,2164 3303,2163 3329,2161"/>
                <TextEquiv>
                    <Unicode>und hat den „Einsamen</Unicode>
                </TextEquiv>
            </TextLine>
            <TextLine id="r2l53" custom="readingOrder {index:52;}">
                <Coords points="2299,2181 2372,2201 2753,2178 2875,2197 2873,2109 2759,2139 2298,2150"/>
                <Baseline points="2317,2186 2343,2186 2370,2185 2397,2185 2424,2184 2451,2183 2478,2182 2505,2182 2532,2181 2559,2180 2586,2179 2612,2178 2639,2178 2666,2177 2693,2175 2720,2175 2747,2173 2774,2172 2801,2172 2828,2170 2855,2169"/>
                <TextEquiv>
                    <Unicode>Auch Grillparzers Helden</Unicode>
                </TextEquiv>
            </TextLine>
            <TextLine id="r2l54" custom="readingOrder {index:53;}">
                <Coords points="1562,2212 1863,2195 1944,2212 2046,2193 2119,2210 2221,2169 2220,2142 2182,2140 1560,2147"/>
                <Baseline points="1583,2204 1614,2204 1645,2204 1676,2203 1707,2203 1738,2202 1769,2201 1800,2201 1831,2199 1862,2199 1893,2198 1924,2196 1955,2195 1986,2194 2017,2193 2048,2192 2079,2191 2110,2190 2141,2189 2172,2188 2203,2187"/>
                <TextEquiv>
                    <Unicode>und dann der Leutnant Gustl</Unicode>
                </TextEquiv>
            </TextLine>
            <TextLine id="r2l55" custom="readingOrder {index:54;}">
                <Coords points="261,2247 1534,2214 1567,2155 259,2190"/>
                <Baseline points="280,2237 343,2234 406,2231 470,2229 533,2227 596,2225 660,2223 723,2221 786,2219 850,2218 913,2216 976,2215 1040,2213 1103,2211 1166,2210 1230,2208 1293,2206 1356,2203 1420,2201 1483,2199 1547,2196"/>
                <TextEquiv>
                    <Unicode>Liebe gesagt und erstaunlich lässige, frappierend vornehme, gleich¬</Unicode>
                </TextEquiv>
            </TextLine>
            <TextLine id="r2l56" custom="readingOrder {index:55;}">
                <Coords points="1567,2265 3352,2228 3350,2171 2866,2164 1566,2212"/>
                <Baseline points="1587,2254 1674,2252 1761,2250 1848,2248 1936,2246 2023,2243 2110,2241 2197,2239 2285,2236 2372,2234 2459,2232 2546,2229 2634,2227 2721,2225 2808,2223 2895,2221 2983,2219 3070,2217 3157,2215 3244,2214 3332,2212"/>
                <TextEquiv>
                    <Unicode>sind keine Helden. Rustan deklamiert: „Und die Größe ist ge-nießen dürfen, an den</Unicode>
                </TextEquiv>
            </TextLine>
            <TextLine id="r2l57" custom="readingOrder {index:56;}">
                <Coords points="263,2316 772,2264 1467,2268 1577,2253 1575,2192 260,2240"/>
                <Baseline points="281,2287 344,2284 408,2281 472,2278 536,2276 600,2274 664,2273 728,2271 792,2269 856,2268 920,2267 983,2265 1047,2264 1111,2263 1175,2261 1239,2259 1303,2257 1367,2255 1431,2252 1495,2249 1559,2246"/>
                <TextEquiv>
                    <Unicode>sam manicurte über den Tod, und er hat, ganz früh schon, im</Unicode>
                </TextEquiv>
            </TextLine>
            <TextLine id="r2l58" custom="readingOrder {index:57;}">
                <Coords points="270,2317 3337,2274 3178,2197 270,2290"/>
                <Baseline points="291,2334 442,2329 593,2325 745,2320 896,2315 1048,2312 1199,2308 1350,2305 1502,2301 1653,2298 1805,2295 1956,2292 2107,2289 2259,2286 2410,2282 2562,2279 2713,2276 2864,2273 3016,2269 3167,2264 3319,2260"/>
                <TextEquiv>
                    <Unicode>Anatol“ bereits, jene Formulierung gefunden, in der uns das fährlich, und der Ruhm ein leeres Spiel: was er gibt, sind und Reicher auf der</Unicode>
                </TextEquiv>
            </TextLine>
            <TextLine id="r2l59" custom="readingOrder {index:58;}">
                <Coords points="265,2386 3315,2327 3348,2242 263,2313"/>
                <Baseline points="283,2384 435,2378 587,2373 740,2368 892,2363 1045,2359 1197,2356 1349,2352 1502,2349 1654,2346 1807,2343 1959,2340 2111,2337 2264,2334 2416,2331 2569,2327 2721,2324 2873,2320 3026,2316 3178,2311 3331,2307"/>
                <TextEquiv>
                    <Unicode>Märchen zeitlich näher gerückt, moderner und — wenn man so nicht'ge Schatten, was er nimmt, es ist so viel.“ Norddeutsche Und wenn die Zeitung</Unicode>
                </TextEquiv>
            </TextLine>
            <TextLine id="r2l60" custom="readingOrder {index:59;}">
                <Coords points="270,2443 3347,2364 3311,2296 269,2386"/>
                <Baseline points="291,2431 442,2426 594,2421 746,2416 898,2412 1050,2408 1201,2404 1353,2401 1505,2397 1657,2394 1809,2391 1960,2387 2112,2384 2264,2381 2416,2378 2568,2375 2719,2371 2871,2368 3023,2364 3175,2361 3327,2356"/>
                <TextEquiv>
                    <Unicode>sagen darf — realistischer erscheint: den Somnambulismus, die Naturen werden anders denken, aber Grillparzer war Wien, und15. Mai Arthur Schn</Unicode>
                </TextEquiv>
            </TextLine>
            <TextLine id="r2l61" custom="readingOrder {index:60;}">
                <Coords points="2859,2418 2974,2415 3012,2430 3096,2412 3184,2426 3347,2410 3346,2357 2908,2379 2858,2364"/>
                <Baseline points="2877,2417 2902,2416 2927,2415 2952,2415 2977,2414 3002,2414 3027,2413 3052,2413 3077,2412 3102,2412 3127,2411 3152,2411 3177,2410 3202,2410 3227,2409 3252,2408 3277,2408 3302,2406 3328,2405"/>
                <TextEquiv>
                    <Unicode>1 m letzten deutschen P#</Unicode>
                </TextEquiv>
            </TextLine>
            <TextLine id="r2l62" custom="readingOrder {index:61;}">
                <Coords points="1576,2453 2884,2420 2882,2363 1575,2403"/>
                <Baseline points="1594,2446 1657,2445 1720,2443 1784,2441 1847,2440 1911,2438 1974,2437 2038,2436 2101,2434 2165,2432 2228,2431 2291,2429 2355,2428 2418,2427 2482,2425 2545,2424 2609,2423 2672,2422 2736,2421 2799,2420 2863,2419"/>
                <TextEquiv>
                    <Unicode>Schnitzler ist Wien, und was Grillparzer über seine Dichtung ge¬</Unicode>
                </TextEquiv>
            </TextLine>
            <TextLine id="r2l63" custom="readingOrder {index:62;}">
                <Coords points="271,2484 1579,2455 1577,2394 1474,2378 270,2442"/>
                <Baseline points="290,2478 353,2476 417,2474 480,2472 544,2470 607,2468 671,2466 734,2465 798,2463 861,2461 925,2460 989,2458 1052,2456 1116,2454 1179,2452 1243,2451 1306,2449 1370,2448 1433,2446 1497,2444 1561,2442"/>
                <TextEquiv>
                    <Unicode>Telepathie, die Suggestion, deren rätselhaftes Wesen die Geliebte</Unicode>
                </TextEquiv>
            </TextLine>
            <TextLine id="r2l64" custom="readingOrder {index:63;}">
                <Coords points="2868,2490 2910,2497 2963,2473 2997,2496 3039,2495 3054,2480 3085,2491 3188,2470 3230,2493 3352,2491 3351,2407 2867,2425"/>
                <Baseline points="2885,2466 2911,2466 2937,2466 2964,2466 2990,2466 3017,2466 3043,2466 3069,2465 3096,2465 3122,2465 3149,2465 3175,2464 3201,2464 3228,2463 3254,2462 3281,2461 3307,2461 3334,2459"/>
                <TextEquiv>
                    <Unicode>Stücke gefeiert und gee</Unicode>
                </TextEquiv>
            </TextLine>
            <TextLine id="r2l65" custom="readingOrder {index:64;}">
                <Coords points="1574,2530 1778,2486 2767,2499 2880,2469 2879,2419 1572,2454"/>
                <Baseline points="1593,2499 1656,2497 1719,2495 1783,2494 1846,2492 1910,2490 1973,2488 2037,2486 2100,2483 2164,2481 2227,2479 2290,2478 2354,2476 2417,2474 2481,2473 2544,2471 2608,2470 2671,2470 2735,2469 2798,2469 2862,2469"/>
                <TextEquiv>
                    <Unicode>setzt hat, dies ließe sich auch über Schnitzlers Dichtung setzen:</Unicode>
                </TextEquiv>
            </TextLine>
            <TextLine id="r2l66" custom="readingOrder {index:65;}">
                <Coords points="263,2526 1571,2509 1569,2444 262,2484"/>
                <Baseline points="284,2526 347,2525 410,2524 474,2523 537,2521 600,2520 664,2518 727,2517 790,2515 854,2513 917,2511 980,2510 1044,2507 1107,2505 1170,2503 1234,2501 1297,2498 1360,2496 1424,2493 1487,2491 1551,2488"/>
                <TextEquiv>
                    <Unicode>des Herrn von Sala auf seinem „Einsamen Weg“ erfüllt und die</Unicode>
                </TextEquiv>
            </TextLine>
            <TextLine id="r2l67" custom="readingOrder {index:66;}">
                <Coords points="1582,2572 1742,2546 1910,2561 1963,2540 2249,2534 2248,2503 2099,2488 1581,2507"/>
                <Baseline points="1602,2548 1633,2546 1664,2544 1696,2543 1727,2541 1759,2540 1790,2539 1821,2538 1853,2537 1884,2537 1916,2536 1947,2536 1978,2535 2010,2535 2041,2535 2073,2534 2104,2534 2135,2533 2167,2532 2198,2531 2230,2530"/>
                <TextEquiv>
                    <Unicode>„Wenn Du vom Kahlenberg ...</Unicode>
                </TextEquiv>
            </TextLine>
            <TextLine id="r2l68" custom="readingOrder {index:67;}">
                <Coords points="270,2591 1357,2557 1355,2499 1267,2487 269,2533"/>
                <Baseline points="288,2579 340,2576 393,2572 445,2570 498,2567 550,2565 603,2564 655,2563 708,2562 760,2561 813,2560 866,2559 918,2559 971,2558 1023,2557 1076,2555 1128,2553 1181,2551 1233,2548 1286,2545 1339,2541"/>
                <TextEquiv>
                    <Unicode>ganz in samtene Dunkelheit gehüllten letzten Noveuen.</Unicode>
                </TextEquiv>
            </TextLine>
            <TextLine id="r2l69" custom="readingOrder {index:68;}">
                <Coords points="1638,2602 2881,2574 2879,2498 2780,2493 1637,2549"/>
                <Baseline points="1655,2591 1715,2590 1775,2589 1835,2587 1896,2586 1956,2585 2016,2583 2077,2582 2137,2580 2197,2578 2258,2577 2318,2575 2378,2573 2438,2572 2499,2570 2559,2569 2619,2567 2680,2566 2740,2564 2800,2563 2861,2562"/>
                <TextEquiv>
                    <Unicode>Hier ist er geboren und aufgewachsen, Sohn eines Arztes,</Unicode>
                </TextEquiv>
            </TextLine>
            <TextLine id="r2l70" custom="readingOrder {index:69;}">
                <Coords points="346,2631 1593,2622 1591,2534 345,2593"/>
                <Baseline points="364,2629 424,2627 485,2625 545,2624 606,2622 666,2620 727,2619 787,2617 848,2615 908,2614 969,2612 1030,2611 1090,2609 1151,2607 1211,2606 1272,2605 1332,2603 1393,2602 1453,2601 1514,2599 1575,2598"/>
                <TextEquiv>
                    <Unicode>Vielleicht ließe sich der Tonfall, der Rhythmus, die Melodie,</Unicode>
                </TextEquiv>
            </TextLine>
            <TextLine id="r2l71" custom="readingOrder {index:70;}">
                <Coords points="1571,2644 2887,2628 2885,2567 1570,2583"/>
                <Baseline points="1591,2641 1654,2639 1718,2638 1782,2637 1846,2636 1910,2635 1973,2633 2037,2632 2101,2631 2165,2629 2229,2628 2292,2626 2356,2625 2420,2624 2484,2622 2548,2621 2611,2619 2675,2618 2739,2617 2803,2615 2867,2613"/>
                <TextEquiv>
                    <Unicode>Bruder eines P fessors der Medizin und selber ein Arzt, der</Unicode>
                </TextEquiv>
            </TextLine>
            <TextLine id="r2l72" custom="readingOrder {index:71;}">
                <Coords points="1372,2651 1452,2660 1502,2651 1533,2662 1548,2658 1563,2669 1590,2668 1588,2614 1569,2615 1535,2601 1477,2602 1451,2611 1371,2605"/>
                <Baseline points="1391,2649 1416,2648 1442,2647 1468,2647 1493,2646 1519,2645 1545,2645 1571,2643"/>
                <TextEquiv>
                    <Unicode> vielleicht</Unicode>
                </TextEquiv>
            </TextLine>
            <TextLine id="r2l73" custom="readingOrder {index:72;}">
                <Coords points="280,2683 1344,2656 1343,2610 1301,2608 279,2622"/>
                <Baseline points="298,2679 349,2678 400,2677 451,2676 503,2675 554,2674 605,2673 657,2671 708,2670 759,2669 811,2667 862,2666 913,2665 964,2664 1016,2662 1067,2661 1118,2660 1170,2658 1221,2657 1272,2655 1324,2654"/>
                <TextEquiv>
                    <Unicode>in der all das auf weiche, wienerische Art gesagt ist,</Unicode>
                </TextEquiv>
            </TextLine>
            <TextLine id="r2l74" custom="readingOrder {index:73;}">
                <Coords points="1585,2702 2889,2656 2887,2603 1584,2648"/>
                <Baseline points="1602,2694 1665,2691 1728,2689 1792,2688 1855,2686 1919,2685 1982,2683 2045,2681 2109,2680 2172,2678 2236,2677 2299,2675 2362,2674 2426,2672 2489,2670 2553,2669 2616,2667 2679,2665 2743,2663 2806,2661 2870,2658"/>
                <TextEquiv>
                    <Unicode>selber einmal von sich gesagt, er hätte ohne diese wissenschaftliche</Unicode>
                </TextEquiv>
            </TextLine>
            <TextLine id="r2l75" custom="readingOrder {index:74;}">
                <Coords points="274,2736 1578,2706 1588,2652 272,2682"/>
                <Baseline points="294,2731 357,2729 421,2726 485,2723 549,2721 612,2720 676,2718 740,2716 804,2715 867,2714 931,2713 995,2712 1059,2710 1122,2709 1186,2707 1250,2705 1314,2703 1377,2701 1441,2699 1505,2696 1569,2693"/>
                <TextEquiv>
                    <Unicode>ließe sich auch über die Dichtung Schnitzlers der Titel schreiben,</Unicode>
                </TextEquiv>
            </TextLine>
            <TextLine id="r2l76" custom="readingOrder {index:75;}">
                <Coords points="1587,2745 2903,2739 2900,2644 1586,2696"/>
                <Baseline points="1607,2738 1670,2737 1734,2736 1798,2735 1862,2734 1926,2733 1990,2731 2053,2729 2117,2728 2181,2726 2245,2724 2309,2723 2373,2721 2437,2719 2500,2718 2564,2716 2628,2714 2692,2712 2756,2711 2820,2709 2884,2708"/>
                <TextEquiv>
                    <Unicode>Kenntnis nie sein Sterben“ und nie „Die letzten Masken“ dichten</Unicode>
                </TextEquiv>
            </TextLine>
            <TextLine id="r2l77" custom="readingOrder {index:76;}">
                <Coords points="272,2797 1591,2758 1589,2694 270,2728"/>
                <Baseline points="292,2779 356,2776 420,2774 484,2772 548,2770 612,2768 676,2766 740,2764 804,2763 868,2761 932,2760 996,2759 1060,2757 1124,2755 1188,2754 1252,2752 1316,2750 1380,2749 1444,2747 1508,2745 1573,2742"/>
                <TextEquiv>
                    <Unicode>der uns von Grillparzer her geläufig ist: Leben und Traum; denn</Unicode>
                </TextEquiv>
            </TextLine>
            <TextLine id="r2l78" custom="readingOrder {index:77;}">
                <Coords points="1589,2794 2905,2753 2903,2703 1588,2745"/>
                <Baseline points="1608,2786 1671,2785 1735,2783 1799,2782 1863,2781 1927,2779 1991,2777 2055,2776 2119,2775 2183,2773 2247,2771 2310,2770 2374,2768 2438,2766 2502,2764 2566,2763 2630,2761 2694,2759 2758,2757 2822,2756 2886,2754"/>
                <TextEquiv>
                    <Unicode>können. Wo die Stadt ins Land verrinnt und die sanften Hügel¬</Unicode>
                </TextEquiv>
            </TextLine>
            <TextLine id="r2l79" custom="readingOrder {index:78;}">
                <Coords points="279,2842 1590,2801 1589,2744 277,2781"/>
                <Baseline points="298,2827 361,2825 425,2823 488,2821 552,2820 616,2818 679,2816 743,2815 807,2813 870,2811 934,2810 998,2808 1061,2806 1125,2804 1189,2802 1252,2801 1316,2799 1380,2796 1443,2794 1507,2792 1571,2789"/>
                <TextEquiv>
                    <Unicode>ein unbändiges Leben=Wollen ist in allen Gestalten Schnitzlers,</Unicode>
                </TextEquiv>
            </TextLine>
            <TextLine id="r2l80" custom="readingOrder {index:79;}">
                <Coords points="269,2892 2884,2822 2894,2753 267,2831"/>
                <Baseline points="288,2873 417,2870 547,2868 676,2865 806,2862 935,2858 1065,2854 1194,2850 1324,2846 1453,2842 1583,2838 1712,2833 1842,2829 1971,2825 2101,2821 2230,2818 2360,2814 2489,2812 2619,2810 2748,2808 2878,2807"/>
                <TextEquiv>
                    <Unicode>eine schwelgerische Daseinsfreude und ein kennerisches Genießen desketten des Kahlengebirges den Menschen in die Fenster schauen,</Unicode>
                </TextEquiv>
            </TextLine>
            <TextLine id="r2l81" custom="readingOrder {index:80;}">
                <Coords points="285,2926 2905,2875 2891,2787 284,2880"/>
                <Baseline points="302,2922 431,2920 560,2917 689,2914 818,2910 947,2907 1076,2903 1205,2899 1334,2895 1463,2892 1592,2887 1721,2883 1850,2880 1979,2876 2108,2872 2237,2869 2366,2865 2495,2862 2624,2859 2753,2856 2883,2853"/>
                <TextEquiv>
                    <Unicode>Seins, wie es in den Rebengeländen rings um die Stadt der dort ist sein Heim, von dem ein bestrickendes Aroma Altwiener</Unicode>
                </TextEquiv>
            </TextLine>
            <TextLine id="r2l82" custom="readingOrder {index:81;}">
                <Coords points="277,2979 2895,2858 275,2922"/>
                <Baseline points="295,2971 424,2969 553,2966 682,2963 811,2960 940,2956 1069,2952 1198,2948 1327,2944 1456,2940 1586,2936 1715,2931 1844,2927 1973,2923 2102,2919 2231,2916 2360,2912 2489,2909 2618,2907 2747,2905 2877,2903"/>
                <TextEquiv>
                    <Unicode>Phäaken erblüht und daheim ist. Schon in dem wundervollen Patriziertums, mit einem Schuß Makartbukett und Perserteppich,</Unicode>
                </TextEquiv>
            </TextLine>
            <TextLine id="r2l83" custom="readingOrder {index:82;}">
                <Coords points="1582,2987 2703,2949 2906,2978 2904,2906 1581,2934"/>
                <Baseline points="1603,2981 1667,2979 1731,2978 1795,2976 1859,2974 1923,2972 1987,2970 2051,2968 2115,2967 2179,2965 2244,2964 2308,2962 2372,2961 2436,2959 2500,2958 2564,2956 2628,2955 2692,2954 2756,2953 2820,2952 2885,2951"/>
                <TextEquiv>
                    <Unicode>ausgeht. Die ganze Längswand des Arbeitszimmers dreifach</Unicode>
                </TextEquiv>
            </TextLine>
            <TextLine id="r2l84" custom="readingOrder {index:83;}">
                <Coords points="275,3018 1431,3005 1594,2981 1593,2939 274,2983"/>
                <Baseline points="294,3022 358,3020 422,3018 486,3016 550,3014 614,3013 678,3011 742,3009 806,3008 870,3006 934,3005 998,3003 1062,3001 1126,3000 1190,2997 1254,2995 1318,2993 1382,2992 1446,2989 1510,2987 1574,2985"/>
                <TextEquiv>
                    <Unicode>einen Akt der Lebendigen Stunden“, da spricht es diese Vor¬</Unicode>
                </TextEquiv>
            </TextLine>
            <TextLine id="r2l85" custom="readingOrder {index:84;}">
                <Coords points="1585,3040 2904,3019 2903,2966 2716,2951 1584,2987"/>
                <Baseline points="1603,3031 1667,3029 1731,3027 1795,3025 1859,3023 1923,3021 1987,3019 2051,3018 2115,3016 2179,3015 2243,3014 2307,3012 2371,3011 2435,3009 2499,3008 2563,3006 2627,3005 2691,3003 2755,3002 2819,3000 2883,2998"/>
                <TextEquiv>
                    <Unicode>hintereinandergereiht, nehmen die Bücher und Folianten ein, unter</Unicode>
                </TextEquiv>
            </TextLine>
            <TextLine id="r2l86" custom="readingOrder {index:85;}">
                <Coords points="282,3072 1597,3047 1596,2982 281,3022"/>
                <Baseline points="302,3071 365,3068 429,3065 493,3063 557,3061 620,3059 684,3058 748,3057 812,3055 875,3054 939,3053 1003,3051 1067,3050 1130,3049 1194,3048 1258,3046 1322,3044 1385,3042 1449,3040 1513,3037 1577,3034"/>
                <TextEquiv>
                    <Unicode>märzgestalt des Anton Haushofer gegen den Sohn, dem der Tod</Unicode>
                </TextEquiv>
            </TextLine>
            <TextLine id="r2l87" custom="readingOrder {index:86;}">
                <Coords points="1581,3092 2908,3055 2880,2999 1579,3031"/>
                <Baseline points="1599,3081 1663,3079 1727,3077 1792,3075 1856,3073 1921,3071 1985,3069 2049,3067 2114,3066 2178,3064 2243,3062 2307,3061 2371,3059 2436,3058 2500,3056 2565,3055 2629,3053 2693,3052 2758,3051 2822,3050 2887,3049"/>
                <TextEquiv>
                    <Unicode>denen historische Werke die Ueberzahl bilden; deren Geschichte ist</Unicode>
                </TextEquiv>
            </TextLine>
            <TextLine id="r2l88" custom="readingOrder {index:87;}">
                <Coords points="285,3121 1593,3094 1591,3040 283,3071"/>
                <Baseline points="302,3118 365,3116 429,3114 492,3113 556,3112 620,3110 683,3109 747,3107 810,3106 874,3104 938,3103 1001,3101 1065,3099 1128,3097 1192,3096 1256,3094 1319,3092 1383,3090 1446,3088 1510,3085 1574,3082"/>
                <TextEquiv>
                    <Unicode>der Mutter zum Gedicht wird, aus: „Was ist denn Deine ganze</Unicode>
                </TextEquiv>
            </TextLine>
            <TextLine id="r2l89" custom="readingOrder {index:88;}">
                <Coords points="1583,3134 2810,3113 2924,3092 2923,3038 1581,3088"/>
                <Baseline points="1603,3129 1668,3126 1733,3124 1798,3122 1863,3120 1929,3118 1994,3117 2059,3115 2124,3113 2189,3112 2255,3111 2320,3109 2385,3108 2450,3106 2515,3105 2581,3104 2646,3103 2711,3101 2776,3100 2841,3099 2907,3097"/>
                <TextEquiv>
                    <Unicode>nun die Lieblingslektüre und das intensivste Studium des Arztes</Unicode>
                </TextEquiv>
            </TextLine>
            <TextLine id="r2l90" custom="readingOrder {index:89;}">
                <Coords points="287,3178 1598,3145 1597,3088 286,3121"/>
                <Baseline points="307,3166 370,3165 434,3163 497,3161 561,3160 624,3158 688,3157 751,3155 815,3153 878,3151 942,3150 1006,3148 1069,3147 1133,3145 1196,3143 1260,3142 1323,3140 1387,3139 1450,3137 1514,3136 1578,3134"/>
                <TextEquiv>
                    <Unicode>Schreiberei, und wenn Du das größte Genie bist: was ist sie denn</Unicode>
                </TextEquiv>
            </TextLine>
            <TextLine id="r2l91" custom="readingOrder {index:90;}">
                <Coords points="1592,3185 2778,3164 2922,3126 2891,3084 1591,3131"/>
                <Baseline points="1610,3178 1674,3175 1739,3173 1803,3171 1868,3169 1933,3168 1997,3166 2062,3165 2126,3164 2191,3163 2256,3161 2320,3160 2385,3159 2449,3157 2514,3156 2578,3154 2643,3152 2708,3150 2772,3147 2837,3145 2902,3142"/>
                <TextEquiv>
                    <Unicode>von einst. Da vergehen ihm täglich viele Stunden ernstester!</Unicode>
                </TextEquiv>
            </TextLine>
            <TextLine id="r2l92" custom="readingOrder {index:91;}">
                <Coords points="292,3227 1592,3187 1590,3134 290,3170"/>
                <Baseline points="309,3217 372,3215 435,3213 498,3211 561,3209 624,3207 687,3205 751,3203 814,3201 877,3200 940,3198 1003,3196 1066,3195 1129,3193 1193,3191 1256,3190 1319,3188 1382,3187 1445,3185 1508,3183 1572,3181"/>
                <TextEquiv>
                    <Unicode>gegen so eine Stunde, so eine lebendige Stunde, in der Deine</Unicode>
                </TextEquiv>
            </TextLine>
            <TextLine id="r2l93" custom="readingOrder {index:92;}">
                <Coords points="1598,3245 2921,3213 2919,3125 1596,3184"/>
                <Baseline points="1615,3227 1679,3224 1743,3222 1807,3220 1872,3218 1936,3216 2000,3214 2065,3213 2129,3211 2193,3210 2258,3209 2322,3207 2386,3206 2450,3204 2515,3203 2579,3201 2643,3200 2708,3198 2772,3197 2836,3195 2901,3192"/>
                <TextEquiv>
                    <Unicode>Arbeit, die den Wienern, die ihn immer noch als den Schöpfer des</Unicode>
                </TextEquiv>
            </TextLine>
            <TextLine id="r2l94" custom="readingOrder {index:93;}">
                <Coords points="292,3262 1604,3233 1602,3180 1289,3173 291,3223"/>
                <Baseline points="312,3267 375,3264 439,3262 502,3260 566,3258 630,3256 693,3254 757,3252 820,3250 884,3248 948,3246 1011,3244 1075,3243 1138,3241 1202,3240 1266,3238 1329,3237 1393,3236 1456,3234 1520,3233 1584,3231"/>
                <TextEquiv>
                    <Unicode>Mutter hier auf dem Lehnstuhl gesessen ist und zu uns geredet</Unicode>
                </TextEquiv>
            </TextLine>
            <TextLine id="r2l95" custom="readingOrder {index:94;}">
                <Coords points="1598,3261 2781,3266 2925,3247 2924,3194 1597,3230"/>
                <Baseline points="1617,3277 1681,3275 1746,3272 1810,3270 1875,3268 1939,3266 2004,3264 2068,3262 2133,3260 2197,3258 2262,3257 2326,3256 2391,3254 2455,3253 2520,3252 2584,3250 2649,3249 2713,3248 2778,3247 2842,3246 2907,3245"/>
                <TextEquiv>
                    <Unicode> süßen Mädels“, als den Schnitzler der Liebelei des Reigen, des</Unicode>
                </TextEquiv>
            </TextLine>
            <TextLine id="r2l96" custom="readingOrder {index:95;}">
                <Coords points="288,3319 1599,3284 1564,3235 287,3269"/>
                <Baseline points="308,3313 371,3311 435,3310 499,3308 562,3306 626,3304 690,3302 753,3301 817,3299 881,3297 945,3295 1008,3293 1072,3291 1136,3290 1199,3288 1263,3286 1327,3285 1390,3284 1454,3282 1518,3281 1582,3280"/>
                <TextEquiv>
                    <Unicode>hat, oder auch geschwiegen — aber da ist sie gewesen — Ha! Und</Unicode>
                </TextEquiv>
            </TextLine>
            <TextLine id="r2l97" custom="readingOrder {index:96;}">
                <Coords points="1597,3327 2905,3317 2914,3240 1595,3263"/>
                <Baseline points="1614,3327 1678,3324 1742,3321 1806,3319 1870,3316 1934,3315 1998,3313 2062,3311 2126,3310 2190,3308 2254,3307 2318,3306 2382,3304 2446,3303 2510,3302 2574,3300 2638,3298 2702,3296 2766,3295 2830,3292 2895,3290"/>
                <TextEquiv>
                    <Unicode>Anatol sehen, höchst verwunderlich wären; er aber sagt mit einer</Unicode>
                </TextEquiv>
            </TextLine>
            <TextLine id="r2l98" custom="readingOrder {index:97;}">
                <Coords points="291,3361 1343,3354 1598,3336 1597,3286 289,3319"/>
                <Baseline points="308,3364 371,3360 435,3358 498,3355 562,3353 625,3351 689,3349 752,3348 816,3346 879,3344 943,3343 1006,3342 1070,3341 1133,3340 1197,3338 1260,3337 1324,3335 1387,3333 1451,3332 1514,3330 1578,3328"/>
                <TextEquiv>
                    <Unicode>sie hat gelebt, gelebt!“ Und Schnitzler hat in diesem Kleinod</Unicode>
                </TextEquiv>
            </TextLine>
            <TextLine id="r2l99" custom="readingOrder {index:98;}">
                <Coords points="1606,3386 2334,3337 2914,3357 2912,3277 1605,3329"/>
                <Baseline points="1626,3377 1689,3374 1752,3370 1816,3367 1879,3365 1943,3363 2006,3361 2070,3360 2133,3359 2197,3358 2260,3357 2323,3356 2387,3355 2450,3354 2514,3353 2577,3351 2641,3349 2704,3347 2768,3344 2831,3341 2895,3338"/>
                <TextEquiv>
                    <Unicode>seltsam zusammengerafften Energie: Man muß sich zur Arbeit</Unicode>
                </TextEquiv>
            </TextLine>
            <TextLine id="r2l100" custom="readingOrder {index:99;}">
                <Coords points="293,3418 1605,3387 1603,3330 1378,3322 292,3368"/>
                <Baseline points="313,3413 376,3411 440,3408 503,3406 567,3404 631,3402 694,3400 758,3398 822,3396 885,3394 949,3393 1013,3390 1076,3389 1140,3387 1204,3385 1267,3384 1331,3383 1395,3380 1458,3379 1522,3377 1586,3376"/>
                <TextEquiv>
                    <Unicode>seiner Kunst ein wenig gegen sich selber polemisiert, hat mit der</Unicode>
                </TextEquiv>
            </TextLine>
            <TextLine id="r2l101" custom="readingOrder {index:100;}">
                <Coords points="1598,3431 2913,3406 2919,3344 1596,3378"/>
                <Baseline points="1618,3423 1682,3421 1746,3418 1810,3416 1874,3414 1938,3412 2002,3410 2067,3408 2131,3407 2195,3406 2259,3404 2323,3403 2387,3401 2451,3400 2516,3399 2580,3397 2644,3396 2708,3394 2772,3392 2836,3390 2901,3387"/>
                <TextEquiv>
                    <Unicode>manchmal zwingen, jeden Tag sein Pensum; wenn man einmal</Unicode>
                </TextEquiv>
            </TextLine>
            <TextLine id="r2l102" custom="readingOrder {index:101;}">
                <Coords points="292,3456 1498,3448 1604,3430 1603,3380 291,3407"/>
                <Baseline points="313,3461 376,3458 440,3455 503,3453 567,3451 631,3449 694,3447 758,3445 821,3443 885,3441 949,3440 1012,3438 1076,3437 1139,3435 1203,3434 1267,3433 1330,3431 1394,3430 1457,3429 1521,3428 1585,3426"/>
                <TextEquiv>
                    <Unicode>souveränen Allüre der Ganz=Großen sich selber in die Feder und</Unicode>
                </TextEquiv>
            </TextLine>
            <TextLine id="r2l103" custom="readingOrder {index:102;}">
                <Coords points="1591,3475 2887,3451 2913,3390 1590,3429"/>
                <Baseline points="1611,3470 1675,3468 1739,3466 1803,3464 1867,3462 1932,3461 1996,3459 2060,3458 2124,3457 2188,3456 2253,3454 2317,3453 2381,3452 2445,3450 2509,3448 2574,3447 2638,3445 2702,3443 2766,3441 2830,3438 2895,3436"/>
                <TextEquiv>
                    <Unicode>eine Sache hat, dann durch! Denn es ist wie bei dem Astronomen,</Unicode>
                </TextEquiv>
            </TextLine>
            <TextLine id="r2l104" custom="readingOrder {index:103;}">
                <Coords points="291,3521 1522,3497 1606,3483 1605,3430 289,3456"/>
                <Baseline points="310,3510 373,3507 437,3505 501,3502 565,3500 629,3498 692,3496 756,3494 820,3492 884,3490 948,3489 1011,3487 1075,3486 1139,3484 1203,3483 1267,3482 1330,3481 1394,3479 1458,3478 1522,3476 1586,3475"/>
                <TextEquiv>
                    <Unicode>über den Papierrand geschaut und hat in diesem Einakter zum</Unicode>
                </TextEquiv>
            </TextLine>
            <TextLine id="r2l105" custom="readingOrder {index:104;}">
                <Coords points="299,3570 2923,3507 2890,3435 298,3513"/>
                <Baseline points="318,3557 447,3554 576,3551 705,3547 834,3544 964,3539 1093,3536 1222,3532 1351,3528 1480,3524 1610,3519 1739,3516 1868,3512 1997,3508 2126,3505 2255,3502 2385,3500 2514,3497 2643,3495 2772,3493 2902,3492"/>
                <TextEquiv>
                    <Unicode>ersten Male jene leise. Heinesche Selbstironie gewonnen, die als der zu lange durchs Fernrohr schaut: das Firmament beginnt</Unicode>
                </TextEquiv>
            </TextLine>
            <TextLine id="r2l106" custom="readingOrder {index:105;}">
                <Coords points="287,3609 1892,3580 2067,3560 2065,3495 285,3556"/>
                <Baseline points="307,3609 394,3605 481,3600 568,3597 655,3594 742,3591 829,3588 916,3586 1003,3584 1090,3583 1177,3581 1264,3579 1351,3577 1438,3575 1525,3573 1612,3570 1699,3568 1786,3565 1873,3562 1960,3557 2047,3553"/>
                <TextEquiv>
                    <Unicode>Kontrapunkt in den meisten seiner späteren Werke mitschwingt undplötzlich zu flimmern.“</Unicode>
                </TextEquiv>
            </TextLine>
            <TextLine id="r2l107" custom="readingOrder {index:106;}">
                <Coords points="1658,3617 2738,3607 2913,3588 2911,3512 1657,3571"/>
                <Baseline points="1677,3614 1737,3611 1798,3609 1859,3607 1920,3605 1981,3603 2042,3602 2103,3600 2164,3599 2225,3597 2286,3596 2346,3595 2407,3594 2468,3592 2529,3591 2590,3590 2651,3589 2712,3588 2773,3587 2834,3585 2895,3584"/>
                <TextEquiv>
                    <Unicode>Und ddiese Arbeitsmethode al Wiena mag es auch sein, die</Unicode>
                </TextEquiv>
            </TextLine>
            <TextLine id="r2l108" custom="readingOrder {index:107;}">
                <Coords points="294,3677 720,3626 1609,3635 1680,3572 292,3616"/>
                <Baseline points="311,3656 378,3653 446,3650 513,3647 581,3645 649,3642 716,3640 784,3637 851,3636 919,3634 987,3632 1054,3630 1122,3628 1189,3627 1257,3625 1324,3624 1392,3622 1460,3620 1527,3618 1595,3616 1663,3615"/>
                <TextEquiv>
                    <Unicode>in dem letzten, dem Weiten Land“, eine prickelnde Kontrastierung</Unicode>
                </TextEquiv>
            </TextLine>
            <TextLine id="r2l109" custom="readingOrder {index:108;}">
                <Coords points="298,3712 2834,3652 2924,3585 297,3647"/>
                <Baseline points="317,3704 446,3700 575,3696 705,3692 834,3688 964,3684 1093,3681 1223,3677 1352,3674 1482,3670 1611,3667 1740,3663 1870,3660 1999,3656 2129,3653 2258,3649 2388,3645 2517,3641 2647,3638 2776,3634 2906,3630"/>
                <TextEquiv>
                    <Unicode>zwischen weithin hallender Bezeichnung und engbrüstigem Inhalt den Werken Schnitzlers jenes Mühelose und Leichte, das Selbst¬</Unicode>
                </TextEquiv>
            </TextLine>
            <TextLine id="r2l110" custom="readingOrder {index:109;}">
                <Coords points="295,3784 2823,3716 2931,3632 293,3719"/>
                <Baseline points="315,3757 444,3753 574,3749 704,3745 834,3742 964,3738 1094,3734 1224,3730 1354,3727 1484,3723 1614,3719 1743,3716 1873,3712 2003,3708 2133,3705 2263,3701 2393,3697 2523,3693 2653,3690 2783,3686 2913,3682"/>
                <TextEquiv>
                    <Unicode>gibt. Auch da ist wiederum — freilich in den ungeistigsten, ani- verständliche und Zwingende gibt. Die Wiener freilich sehen in</Unicode>
                </TextEquiv>
            </TextLine>
            <TextEquiv>
                <Unicode>box 39/1
Soth Birihday
# chnitt aus: Breslauer Zeitung
15Mäl1sle
4
malischen Formen — solch ein Stück Wille zum Leben gestaltet, ihm weniger den Nachst
lächelnden, tändelnden
in dem Fabrikanten Hofreiter (dünkt er Euch nicht der minder
liebenswürdige, weil ältere Bruder Anatols zu sein; denn einenseiner Werke nicht recht
Zu Arthur Schnitzlers 50. Geburtstag.
Flaneur mit 40 oder 45 Jahren, einen Mann jenseits der Inhalt von Der Schleis
—1. Mat.—
Schaffensmitte, der immer nur den Schürzenschleifen und Auto=er auf die Frage nach
Ein Stück Wien ist in seine Werke versponnen. Theresianische
mobilschleiern nachläuft, den können wir fünf Akte hindurch nicht Schluß sind alle tot“ —
Zärtlichkeiten singen in seinem Blut, und von der Darstellung des
ertragen). Aber immerhin: er bleibt Repräsentant der Schnitzler-jähnlich, Papa.“ Die 2
Tag jenen mondänen
modernen Lebens weicht er immer mehr im „Medardus“, im
schen Welt, Bruder jenes Mädchens, das über die Leiche des
gewöhnt, der ganze und
„Ruf des Lebens“ in jene still verrinnenden Zeiten zurück, in denen
Vaters weg, gelockt von dem „Ruf des Lebens“ in zwei offene
jungen Herren im Café
esich der Begriff österreichisch und der Begriff wienerisch durch
Leutnantsarme springt, Bruder jenes Leutnants Gustl, dem das
Heinische Schnitzlerlocke,
Schubert=Weisen und Grillparzer=Dichtungen am besten erfüllt hat,
Duell von morgen heute den Angstschweiß aus den Poren treibt,
die rote Weste Gautiers.
in denen das harte, feste und kantige Dasein in Versonnenheit, in
und jenes armen Schwindsüchtigen, der im „Sterben“ hinsiecht,
Liebelei ist er hier popuh
Traum und Märchen vergleitet. Denn es sind immer Märchen
gewesen, was Schnitzler geschrieben hat. Auch dort, wo er den während sein Mädel, diese ins Unendliche duldende Magdalena,
„Leutnant Gustl“, die
Vibrationen der allergegenwärtigsten Seele nachgespürt hat, im neu dem Leben entgegenatmet. Immer wieder ist es „Der Ruf
 Zwischenspiel“ etwa, Da drang er so tief und so innig ins heimdes Lebens“, den Schnitzler dichten will, aber es wird gewöhnlich lange den Weg ins Ho#
Erst Max Burckhar#
liche Fühlen, daß es ihm langsam und sacht ins Ungewisse, ins ein Sterben. Reden nicht auch die Menschen, denen das Leben
am teuersten gilt, sehr viel und häufig vom Tod? Es ist, als dardus“: das war im
Unwahrscheinliche und Märchenhafte verflimmerte. Ein Märchen
würde er sich eine Angst vom Leib damit schreiben. Und sehr dioser Beweis von dem ##
vom Lieben und vom Sterben ist sein ganzes Werk. „Anatol“
mutig sind auch seine Helden nicht, im „Freiwild“ nicht, wo der Aber immer noch spi
war sein erstes Buch, das Buch eines soignierten Flaneurs, eines
eine den anderen hinterrücks über den Haufen knallt, im Jungen Schnitzlers den Wienern
homme à femme, und „Sterben“, diese melancholische Nachdenk¬
in Berlin drei Jahre f
Medardus“ nicht, wo der Held kein Täter ist, sondern ein Dulder,
lichkeit, sein zweites. Er hat wundervoll tiefe Dinge über die
und hat den „Einsamen
Auch Grillparzers Helden
und dann der Leutnant Gustl
Liebe gesagt und erstaunlich lässige, frappierend vornehme, gleich¬
sind keine Helden. Rustan deklamiert: „Und die Größe ist ge-nießen dürfen, an den
sam manicurte über den Tod, und er hat, ganz früh schon, im
Anatol“ bereits, jene Formulierung gefunden, in der uns das fährlich, und der Ruhm ein leeres Spiel: was er gibt, sind und Reicher auf der
Märchen zeitlich näher gerückt, moderner und — wenn man so nicht'ge Schatten, was er nimmt, es ist so viel.“ Norddeutsche Und wenn die Zeitung
sagen darf — realistischer erscheint: den Somnambulismus, die Naturen werden anders denken, aber Grillparzer war Wien, und15. Mai Arthur Schn
1 m letzten deutschen P#
Schnitzler ist Wien, und was Grillparzer über seine Dichtung ge¬
Telepathie, die Suggestion, deren rätselhaftes Wesen die Geliebte
Stücke gefeiert und gee
setzt hat, dies ließe sich auch über Schnitzlers Dichtung setzen:
des Herrn von Sala auf seinem „Einsamen Weg“ erfüllt und die
„Wenn Du vom Kahlenberg ...
ganz in samtene Dunkelheit gehüllten letzten Noveuen.
Hier ist er geboren und aufgewachsen, Sohn eines Arztes,
Vielleicht ließe sich der Tonfall, der Rhythmus, die Melodie,
Bruder eines P fessors der Medizin und selber ein Arzt, der
 vielleicht
in der all das auf weiche, wienerische Art gesagt ist,
selber einmal von sich gesagt, er hätte ohne diese wissenschaftliche
ließe sich auch über die Dichtung Schnitzlers der Titel schreiben,
Kenntnis nie sein Sterben“ und nie „Die letzten Masken“ dichten
der uns von Grillparzer her geläufig ist: Leben und Traum; denn
können. Wo die Stadt ins Land verrinnt und die sanften Hügel¬
ein unbändiges Leben=Wollen ist in allen Gestalten Schnitzlers,
eine schwelgerische Daseinsfreude und ein kennerisches Genießen desketten des Kahlengebirges den Menschen in die Fenster schauen,
Seins, wie es in den Rebengeländen rings um die Stadt der dort ist sein Heim, von dem ein bestrickendes Aroma Altwiener
Phäaken erblüht und daheim ist. Schon in dem wundervollen Patriziertums, mit einem Schuß Makartbukett und Perserteppich,
ausgeht. Die ganze Längswand des Arbeitszimmers dreifach
einen Akt der Lebendigen Stunden“, da spricht es diese Vor¬
hintereinandergereiht, nehmen die Bücher und Folianten ein, unter
märzgestalt des Anton Haushofer gegen den Sohn, dem der Tod
denen historische Werke die Ueberzahl bilden; deren Geschichte ist
der Mutter zum Gedicht wird, aus: „Was ist denn Deine ganze
nun die Lieblingslektüre und das intensivste Studium des Arztes
Schreiberei, und wenn Du das größte Genie bist: was ist sie denn
von einst. Da vergehen ihm täglich viele Stunden ernstester!
gegen so eine Stunde, so eine lebendige Stunde, in der Deine
Arbeit, die den Wienern, die ihn immer noch als den Schöpfer des
Mutter hier auf dem Lehnstuhl gesessen ist und zu uns geredet
 süßen Mädels“, als den Schnitzler der Liebelei des Reigen, des
hat, oder auch geschwiegen — aber da ist sie gewesen — Ha! Und
Anatol sehen, höchst verwunderlich wären; er aber sagt mit einer
sie hat gelebt, gelebt!“ Und Schnitzler hat in diesem Kleinod
seltsam zusammengerafften Energie: Man muß sich zur Arbeit
seiner Kunst ein wenig gegen sich selber polemisiert, hat mit der
manchmal zwingen, jeden Tag sein Pensum; wenn man einmal
souveränen Allüre der Ganz=Großen sich selber in die Feder und
eine Sache hat, dann durch! Denn es ist wie bei dem Astronomen,
über den Papierrand geschaut und hat in diesem Einakter zum
ersten Male jene leise. Heinesche Selbstironie gewonnen, die als der zu lange durchs Fernrohr schaut: das Firmament beginnt
Kontrapunkt in den meisten seiner späteren Werke mitschwingt undplötzlich zu flimmern.“
Und ddiese Arbeitsmethode al Wiena mag es auch sein, die
in dem letzten, dem Weiten Land“, eine prickelnde Kontrastierung
zwischen weithin hallender Bezeichnung und engbrüstigem Inhalt den Werken Schnitzlers jenes Mühelose und Leichte, das Selbst¬
gibt. Auch da ist wiederum — freilich in den ungeistigsten, ani- verständliche und Zwingende gibt. Die Wiener freilich sehen in</Unicode>
            </TextEquiv>
        </TextRegion>
    </Page>
</PcGts>
