3344 4384
1076 256 1508 345 box 39/1
210 271 918 355 SethBrinday
118 1093 602 1226 eitung, Bertie
315 1270 551 1357 S
690 1340 1838 1381 Romanische und germanische Rasse, — viele Forscher sprechen
651 1366 1840 1418 von starkem keltischen Einfluß — haben sich in Wien zu eigener
119 1368 432 1462 r in Wien.
660 1416 1840 1456 Art gemischt. Und gerade in diesem mixtum compositum des
652 1444 1834 1492 Wiener Blutes liegt vielleicht seine Stärke, sein Reiz und seine
117 1445 239 1528 iner.
660 1477 1844 1535 Macht. Auch seine Fähigkeit des Gefälligen und der leichten An¬
130 1487 627 1576 rihrer Spitze der scheidende
653 1527 1133 1582 passungen an fremde Art.
120 1550 622 1604 ien, um gastfreundlich
697 1571 1833 1613 Gutes Feld war gegeben in diesem Acker für jäh und üppig auf¬
122 1597 624 1649 in der Donaustadt und mit
661 1602 1848 1652 schießende Kultursaat. Und so kam es im Waffentanz der Jahr¬
133 1623 639 1686 rüderlichen Handschlag zu
655 1639 1850 1684 hunderte dahin, daß, als das friederizianische Berlin gerade schüch¬
121 1664 627 1724 i diesen Tagen. Und viele
659 1671 1843 1728 tern sein junges Haupt zu regen begann, Wien längst Heim= und
127 1705 628 1761 ichste Fest aber wird die
659 1726 1832 1768 Pflegestätte verfeinerter Lebensart, vornehmer Gewohnungen war,
127 1741 639 1800 um die der Ring jetzt sein
647 1756 1836 1810 die schönen Künste hätschelte und für den Genuß des Lebens seine
126 1785 629 1835 jede dithyrambische Be#ed¬
654 1807 1836 1845 Satzungen von der Seine verschrieb. Und so kam es auch, daß
134 1822 627 1885 sprache der Verführung, die
657 1832 1849 1884 diese hochentwickelte, bis an die außersten Grenzen der Leistungs¬
662 1886 1847 1932 fähigkeit getriebene Kultur vorzeitig ermüdete und nun über
117 1896 636 1967 blichen Seele, ist eine Ver¬
652 1921 1852 1961 all den Dingen und Menschen zu schweben schien, die da unten in
662 1957 1848 2001 der Hexenküche der Völkermischungen durcheinander schwirrten und
136 1948 639 1997 s kann. Weil sie zart und
448 1987 642 2039 wie eine
127 1990 446 2044 erschwiegen ist —
658 1988 1838 2042 brodelten. „Es liegt ein Hauch über den Dingen, und der ist das
119 2023 634 2082 nd kolen, anziehen und ab¬
660 2024 1838 2079 Beste an ihnen“, hat Gerhart Hauptmann in den „Einsamen
123 2062 639 2109 un — wie eine echte Frau.
658 2078 1838 2119 Menschen“ gesagt. Dieses Wort trifft das Wesen Wiens und des
137 2106 631 2163 so ist, ist sie den Beethoven
656 2105 1837 2156 Wienertums zu innerst. Und zwar ist es der Schönheitshauch einer
124 2142 639 2190 kfeld, Schwindt und Lanner
652 2144 1844 2194 sterbenden Kultur, der in der pastellgetönten blauen Wiener Luft
120 2179 637 2243 nelhochjauchzenden, zu Tode
669 2190 1842 2233 webt und schwebt. Man hat zuzeiten gemeint, es liege in diesem
134 2220 631 2266 Geliebte gewesen. Um die
662 2222 1836 2274 Anhauch eines großen Sterbens schon ein wenig Verwesungs¬
135 2268 636 2314 gejubelt haben. Und wenn
654 2263 1834 2315 geruch. Dem ist nicht so. Oder wenigstens nur in dem Sinn¬
131 2294 635 2349 blühenden Gemeinwesen den
647 2305 1842 2361 daß aus jeder Verwesung neues Leben sprießt und im Vergehen
134 2335 639 2386 inz erweisen, so sind mitten
651 2340 1078 2399 das neue Werden liegt.
131 2378 644 2433 endig, die geholfen haben,
694 2376 1848 2425 Die Berliner Stadtväter haben Gelegenheit, sich gerade davon
127 2409 640 2461 wie durch ihren Haß. Und
724 2429 1845 2469 überzeugen. Sie genießen den Zauber kultureller Abend¬
668 2420 725 2474 zu
137 2450 642 2500 ihres Geistes mehr als nur
657 2455 1847 2503 dämmerung, dürfen aber das Bewußtsein mit forttragen, daß eben
133 2487 628 2537 enteil die uralte Kultur und
657 2488 1850 2560 dieser Abenddämmerung „neue Morgenröten“ folgen werden, „die
129 2532 627 2594 weiteus jüngeren nordischen
658 2543 1190 2597 noch nicht geleuchtet haben“
125 2566 390 2633 sing verbinde.
694 2552 1839 2616 Sie schreiten über die Prunkstraße Europas, den Ring, durch
657 2614 1844 2663 die alten verwinkelten Gassen der inneren Stadt, und der Pomp
127 2601 625 2667 se —, Hauptort und Stütz¬
662 2648 1847 2705 verschnörkelter Barockpaläste wie die grandseigneurale Pracht des
123 2661 213 2709 ien;
277 2654 636 2714 schon in Ursprung
666 2684 1847 2741 Wiener Gartenbaus wird ihnen die Residenz des Feudalstaats offen¬
129 2689 632 2746 liegen seine Entwicklungs¬
655 2716 1843 2775 baren, in dem bei Hof noch spanisches Zeremoniell geübt wird. Dann
125 2736 634 2789 wohin immer der römische
662 2761 1840 2817 aber werden sie der gewaltigen Neubauten am Franz Josephs=Kai
135 2773 630 2817 etzte, dahin trug er Kultur
659 2797 1843 2860 gewahr, und die Wiener „Kollegen“ werden mit Fug darauf hin¬
129 2809 634 2864 ben und Ueberfluß, später
658 2837 1848 2890 weisen, wieviel in der Gegenwart für die Versehönerung des Stadt¬
156 2850 637 2901 Sittenlosigkeit und Fäul¬
661 2869 1852 2934 bildes und die Verbesserung der Hygiene geschieht. Kunstsinnige
129 2891 631 2936 ind sie dann dahingebraust,
670 2930 1856 2966 Besucher werden durch die unerschöpflichen Schatzkammern des kunst¬
127 2927 632 2978 ersamsten und geheimnis¬
666 2952 1848 3019 historischen Museums streifen, worauf man sie in das Haus der
130 2967 641 3021 kerwanderung. Und jeder
663 2995 1836 3047 „Wiener Werkstätten“ führen und ihnen mit Stolz zeigen wird,
121 3004 630 3062 dmannen, Langobarden, Ost¬
667 3028 1852 3087 welch außerordentlichen, marktbeherrschenden Aufschwung das
133 3045 637 3096 völkergeißelnden, aber träg
663 3070 1839 3121 Wiener Kunstgewerbe genommen hat und wie der selbstsichere
137 3083 637 3130 inen haben der bildsamen
665 3109 1846 3164 Wiener Geschmack und die natürliche Wiener Grazie ihre Kreise weit
153 3121 636 3175 Mehr als nur Eindrücke
661 3143 1841 3206 über die schwarz=gelben Grenzpfähle hinaus ziehen. Und — honny
128 3141 659 3212 auf dem Volksboden ruhen.
664 3190 1838 3239 soit qui mal y pense — manche von den Berliner Stadtvätern,
134 3199 633 3249 sboden. Er kann unendlich
662 3219 1842 3282 Junggesellen und Epikuräer, werden vielleicht sogar Gelegenheit
129 3238 645 3286 ie Gefahren der Finsternis,
674 3260 1853 3314 nehmen, sich wissenschaftlich, will sagen aus eigener Anschauung
146 3274 635 3328 i es ihm plötzlich einfallen,
660 3308 1855 3347 davon zu überzeugen, daß auch das Wiener Nachtleben ein Opfer
153 3313 642 3375 an eine erschreckte Ober¬
651 3332 1864 3399 der Verleumdung ist, indem es leibhaftig und sogar sehr lebhaft
2686 1202 3072 1287 YI2r000 Mr
2006 1279 2230 1339 Peieert e
1856 1329 3047 1386 existiert und der moralischen Einrichtung des „Sperrsechserls“ sieg¬
1872 1365 3041 1411 reich spottet. Und am Ende wird es dann selbst geschehen, daß die
1867 1404 3051 1449 Wiener und Berliner Stadtparlamentarier nicht mehr bloß Berufs¬
1858 1454 3049 1496 erfahrungen zum besten geben und Interessengemeinschaft pflegen,
1857 1482 3044 1530 und daß sie sich über ganz andere Dinge unterhalten als über Hoch¬
1872 1518 3040 1568 und Tiefbauprobleme, Eingemeindung von Vororten, Untergrund¬
1867 1553 3053 1608 und Schwebebahnen, oder aber über die Personen des vielumstrittenen
1865 1597 3051 1649 verstorbenen Machthabers von Wien, um den schon die Legende
1864 1642 3048 1683 wuchert, und des „neuen Herrn“ von Berlin, des kommenden
1859 1674 3055 1714 Mannes, der vielfach die erwartungsvolle Phantasie beflügelt. Weil
1857 1709 3053 1755 doch nämlich die Rosen in Wien — und nicht zumindest in Wiens
1867 1753 3054 1804 Nachtlokalen — besonders betörend duften und die Wiener Walzer
1874 1795 3049 1842 nirgend so schmeichlerisch klingen wie in der Stadt, von der der
1862 1835 2793 1877 Volksmund singt und lacht: „Es gibt nur a Wean.“
1897 1857 3051 1906 Ein österreichischer Poet hat ein Buch geschrieben unter dem
1875 1905 3056 1957 Titel: „Das österreichische Antlitz.“ Und eben dieses österreichische
1871 1942 3047 1990 Antlitz trägt die leuchtenden Züge Wiens, die vielgeliebten, viel¬
1869 1979 3055 2036 geschmähten Züge, in denen alle Dichter und Künstler der felix
1864 2023 3048 2069 Austria sich gespiegelt haben und aus denen sie immer neue In¬
1874 2054 3049 2110 spirationen und neue Schaffensfreude empfangen. Scharfzüngige
1865 2090 3046 2138 Eiferer, Lästerer, die das Wort gleich einer Toledaner Klinge führten,
1871 2135 3055 2189 sind hervorgegangen aus dieser Stadt und haben oft genug Zeugnis
1864 2174 3051 2219 abgelegt wider sie. Die Kürenberger, Spitzer und Speidel haben
1867 2211 3054 2259 die schneidendsten Waffen ihrer Satire wider das weiche Phaakentum
1867 2260 3050 2303 der Heimat gekehrt. Und vor noch nicht langer Zeit ist ein Mo¬
1874 2288 3056 2334 derner, der vielgewandte Hermann Bahr, mit einer erbitterten
1871 2331 3055 2381 Streitschrift zu Felde gezogen gegen die große Zauberin unter den
1877 2361 3049 2415 Städten. Und doch — ihnen allen dat immer nur eifernde Liebe
1874 2408 3048 2455 Wort und Waffe geführt; jene Liebe, die aus ihrem Gegenstand
1865 2448 3055 2491 einen Inbegriff aller Vollkommenheit machen möchte und die heiß
1868 2475 3064 2535 ergrimmt, wenn sie sieht, daß Fehler und Mängel auch das geliebte
1870 2520 2540 2570 Angesicht entstellen wie jedes andere.
1908 2566 3046 2605 Die Berliner Gäste können einen frohen Blick auf das ihnen zu
1874 2589 3052 2638 Ehren geschmückte österreichische Antlitz werfen und sich überzeugen,
1874 2639 3059 2678 daß, so wenig Alt=Wien nur aus Biedermeierstübchen und schön
1874 2668 3050 2727 gemaltem Porzellan, Musik und Heurigem bestand, ebenso wenig
1872 2726 3054 2759 auch im Wien des zwanzigsten Jahrhunderts viel unbekannte Kräfte
1881 2744 3062 2810 fehlen, die rührig am Werke sind, Kräfte, mit denen es lohnt und
1868 2799 2654 2843 und reizt in ehrenden Wettbewerb zu treten.
1902 2816 3053 2876 Wenn in Wien ein großer Schauspieler stirbt, erscheinen die
1877 2857 3052 2925 Zeitungen mit Trauerrand, und die Stößer der Flaneure auf dem
1869 2896 3055 2952 Graben umfloren sich. Der fünfzigste Geburtstag Arthur Schnitz¬
1870 2945 3057 2990 lers war für das gebildete Wien — obwohl Popularität gewiß
1880 2989 3051 3029 nicht zu den Eigenschaften des individualistischen Dichters gehort —
1871 3017 3054 3065 ein Feiertag. Mit eben dieser impulsiven Herzlichkeit einem ro¬
1873 3058 3051 3102 manischen Geschenk, empfängt Wien seine reichsdeutschen Gäste.
1867 3096 3056 3140 Und zu der Verbrüderung zweier mächtiger Städtekörper flüstern
1873 3130 3055 3183 die Donauwellen süße Harmonien, während die Sonne befriedigt
1869 3171 3056 3217 lächelnd hinter dem Wiener Wald untergeht, mit ihren letzten
1878 3213 3055 3258 Strahlen den ehrwürdigen „Steffel“ umkosend. Und die Sonne
1869 3234 3064 3303 und die Donau, die Stadt und der Steffel, sie alle sind gefällig und
1869 3291 2927 3341 gefallen, weil — es in ihrer Natur liegt, gefallen zu wollen.
