3344 4352
1176 180 1624 281 box 39/1
175 202 1029 306 1. 50th Birthday
2016 1622 3075 1689 pertoire der deutschen Bühnen ausgenommen worden
153 1630 930 1703 das Drama Das Vermachrnis
1015 1627 1997 1692 Alch drei Huppenspiel=Einatiel, Maridnetten,
2014 1673 3064 1726 sind, findet sich der Ausdruck zum erstenmal. Dort
945 1687 1995 1731 die nun folgen, und der Novellenzyklus Dämmer¬
142 1680 933 1736 ikter, von denen die starke Revolutions¬
2018 1707 3068 1765 stellt der Dichter das süße Mädel in beabsichtigten
945 1720 2004 1769 seelen gehören innerlich zusammen; hier taucht
138 1731 932 1774 rüne Kakadu am berühmtesten ge¬
2009 1767 3066 1806 Gegensatz zur Dame der bürgerlichen Gesellschaft,
937 1764 2001 1817 der Dichter ganz ins Uebersinnliche, Unterbewußte,
137 1762 933 1811 jährend die unendliche feelische Armut
2005 1788 3065 1839 die ihren Herzensneigungen gern gefolgt wäre,
937 1803 1842 1860 wie er es schon einmal im Paracelsus tat.
132 1806 932 1851 ckes: Paracelsus, nur wenigen Er¬
2014 1810 3069 1881 wenn sie den Mut aufgebracht hätte. Das süße Mä¬
1012 1843 1992 1890 Nun kommt der einzige große Roman, den
137 1845 933 1897 zu sagen hatte. Feine Novellen ran¬
2009 1853 3075 1914 del aber, das aus der Enge eines dürftigen Haus¬
945 1872 2007 1942 Schnitzler geschrieben hat, Der Weg ins Freie,
138 1883 932 1931 ischen: die ergreifende Studie Ster¬
2015 1915 3077 1956 haltes kommt, den es gewiß als Ladenmamsell oder
938 1913 2002 1965 ein überreiches Werk, in dem Menschen, Schicksale,
143 1917 934 1967 en Arbeiten, die unter dem Titel Die
2017 1940 3028 2003 Kontoristin mit bestreiten hilft, hat diesen Mut —
946 1953 2001 1996 Gedanken so dicht gedrängt stehen, daß sie einander
141 1956 925 2008 Beisen gesammelt worden sind — für
2019 1975 2920 2043 oder diesen Leichtsinn — ganz wie man will.
956 1987 2001 2043 fast die Luft wegnehmen. Zum erstenmal wollte der
142 1993 924 2045 hönste, was Schnitzler geschrieben hat.
950 2029 1996 2078 Jude Schnitzler von den Jnden sprechen, und zwar
164 2040 936 2084 scharf gewürzten, aus früherer Zeit
952 2066 2009 2116 von den Juden der Wiener Gesellschaft, unter denen
138 2077 932 2124 zunächst nur für einen engen Freun¬
2085 2060 3077 2118 Dem süßen Mädel sitzt die unstillbare Sehnsucht
949 2110 1992 2157 er groß geworden ist. In allen seinen Gesellschafts¬
143 2114 929 2161 mmten Dialoge: Reigen. Mit dem
2009 2107 3080 2158 nach Liebe, mag sie auch veränglich sein wie die
945 2146 2004 2191 dramen zwar hatte er sie geschildert, aber zum ersten¬
129 2152 925 2197 Der Beatrice, einem Renaissance¬
2019 2146 3069 2195 Schönheit eines Maisonntags im Wienerwald, tief
947 2185 2006 2231 mal sprach er es aus, daß es Jnden waren und wie
128 2190 928 2234 chnitzler zum erstenmal das Gebiet der
2019 2189 3066 2240 im warmen Herzen; sie fragt nicht nach Schmuck,
899 2220 939 2258 7
949 2226 2001 2269 sie zu der Kultur ihrer Zeit standen. Wenn man in
140 2226 926 2270 die betreten. „Treulos wie die Welle“
2016 2226 3070 2276 Toiletten oder gar Automobil, und gänzlich fern
945 2259 2005 2309 späten Zeiten einmal etwas über die vornehme Wie¬
141 2260 934 2312 Shakespeare, unter das Bildnis seiner
2016 2273 3077 2316 liegt ihr der Wunsch nach einer eigenen Wohnung,
951 2299 2005 2348 ner jüdische Gesellschaft wird erfahren wollen — hier
141 2304 927 2353 en. Abermals Einakter: Lebendige
2021 2307 3069 2353 dem Ideal ihrer Pariser Kollegin. Was sie von dem
943 2333 2000 2382 ist sie mit Flaubertscher Eindringlichkeit geschildert.
136 2340 935 2404 sein paar Novellen: Die griechische
2017 2339 3072 2387 Gefährten ihrer blühenden Tage verlangt, das ist
943 2379 2009 2441 Kein „Wiener“ Roman — nur ein kleiner Ausschnitt
149 2383 933 2425 ein unendlich zarter, kleiner Frauen¬
2025 2381 3068 2435 Liebe und wieder nur Liebe. Tief beglückt ist sie,
943 2412 1688 2466 Wiens, doch vollendet in seiner Art.
2021 2412 3060 2469 wenn sie an seinem Arme über blumige Frühlings¬
133 2421 936 2473 der österreichischen Provinz: Frau
1023 2437 2003 2496 Schnitzlers Begabung geht nicht in die Breite,
144 2452 935 2504 rlan. Und nun sammelt er sich zu
2018 2454 3061 2509 wiesen streifen kann, und führt er sie abends in ein
953 2494 2012 2540 sondern in die Tiefe. Was sein Geist erfaßt hat, das
2020 2490 3068 2543 bescheidenes Gasthaus, so wird sie auf der Speisekarte
127 2488 932 2560 as mir sein tiefstes und edelstes scheint,
952 2536 2013 2583 läßt er nicht mehr los. Und doch ist sein Sondieren
2014 2533 3072 2583 gewiß gleich unten nachsehen, wo die billigen Speisen
134 2537 931 2579 man es liest oder von der Bühne her¬
954 2574 2008 2623 bei aller Schärfe gütig, seine leise, ironische, weh¬
128 2559 932 2624 lbert Bassermann in der Hauptrolle)
2023 2559 3085 2622 verzeichnet sind. Daß er, der einer höheren Gesell¬
954 2608 2006 2661 mütia=schmerzliche Art steht über den Dingen. Aber
132 2619 925 2659 en läßt: Der einsame Weg, die
2016 2611 3071 2666 schaftsklasse entstammt, Offizier ist oder Beamter,
950 2642 2007 2695 er will auch, daß man sich liebevoll in sein Werk ver¬
148 2649 932 2711 stolz alternden Egoisten, auf die sich
2029 2657 3081 2703 Doktor oder wenigstens Student in späteren Se¬
957 2674 2009 2733 senke, und darum haben manche seiner späteren Ar¬
2016 2698 3077 2739 mestern, sie niemals heiraten wird, das weiß sie.
147 2687 940 2755 reigewählte Einsamkeit als schwerste
955 2725 2003 2770 beiten im Rampenlicht nicht das Glück gehabt, das
2020 2727 3084 2779 Aber sie weiß auch, daß die nachsichtige Auffassung
957 2769 2009 2809 sie verdient hätten. Es ist unmöglich, alles, was über
2019 2760 3087 2815 ihres Kreises ein Gretchenschicksal nicht befürchten
956 2795 2004 2852 sein Lebenswerk zu sagen wäre, in den Rahmen
2020 2792 3100 2864 läßt. Will sie nachher noch heiraten, so findet sich
131 2799 943 2873 reifende Ehedrama Zwischenspiel
953 2828 2010 2883 eines kurzen Zeitungsartikels zusammenzudrängen:
2031 2839 3076 2895 immer ein Gevatter Schneider oder Handschuh¬
141 2859 929 2906 sten Stück Schnitzlers, Das weite
945 2877 2009 2916 unmöglich und vermessen. Manche Saat, die er gesät
2018 2875 3084 2938 macher, der ihr das nicht weiter nachträgt, worüber
135 2895 931 2948 aus verwandt: hier wie dort ein Ehe¬
950 2914 2016 2964 hat, ist noch gar nicht alfgegangen. Einige seiner
2027 2918 3093 2969 nach Hebbels strengerer norddeutscher Auffassung
145 2939 933 2978 schwersten Kämpfen innerer Trennung,
961 2954 2004 3002 schönsten Werke sind allzu wenig gewürdigt auf Ko¬
2031 2939 3090 3008 „kein Mann hinwegkommt“. Ist Egmont von der
142 2975 942 3022 findens und Auseinandergehens. Im
958 2995 2008 3042 sten von geringeren, die leichter zum großen Publi¬
2030 2982 3085 3043 Szene getreten, so nimmt Brackenburg freundwillig
164 3015 944 3062 nur der Mann, dessen Seele so weit
952 3029 2013 3085 kum sprechen. Er steht auf der vollen Höhe seiner
2020 3018 3103 3081 seine Stelle ein. Im Elternhause wird die „Bekannt¬
132 3048 944 3099 kiebe zu einer Frau allein sie nicht er¬
947 3065 2018 3127 Kraft und hat uns noch seine ganze gereifte Weis¬
2033 3068 3097 3124 schaft“ freilich nicht gern gesehen, aber oft als etwas
138 3090 943 3135 die Frau wird durch seine Haltung in
955 3111 2005 3161 heit zu geben. Darum soll man ihm auch noch gar
2026 3095 3104 3162 Unvermeidliches hingenommen. Keineswegs braucht:
135 3131 944 3183 hineingetrieben, und nun erst gehen die
950 3145 2002 3192 nicht danken, denn die besten Gaben kommen viel¬
2015 3148 3096 3211 das süße Mädel mit dem Verstoßenwerden zu rech¬
143 3170 939 3221 der völlig verloren, die sich im Grunde
963 3181 2003 3232 leicht noch. Aber man darf ihm zu seinem fünfzig¬
2030 3184 3087 3239 nen. Alles versteh'n, heißt alles verzeih'n, und die
146 3209 946 3254 ältere Stück will mir als das stärkere
961 3219 2004 3282 sten Geburtstage wohl sagen, wie sehr man ihn liebt
2022 3211 3093 3274 Mutter der Mizzi oder der Josefin hat wohl im
147 3242 949 3303 Menschen leben und weben in einer in¬
1748 3259 1967 3324 L. Andro.
2035 3259 3092 3317 Laufe der eintönigen kleinbürgerlichen Ehejahre die
166 3285 943 3331 Atmosphäre als in dem späteren
2036 3296 3091 3358 kurzen Freuden ihrer Jugend nicht so vollständig
179 3322 942 3367 in viel flacheren Gesellschaftskreisen
1237 3322 1737 3402 Das süße Mädel.
2024 3330 3105 3395 vergessen, um sie ihrer Tochter als Todsünden anzu¬
140 3361 947 3414 [Rufdes Lebens, der auf das Zwi¬
2029 3387 3090 3428 kreiden. Seltener findet sich der Vater drein, und
1025 3369 2017 3432 Es stammt vom Gretchen ab, wenn auch manche
135 3391 947 3450 t, hat eine gleiche Zeitatmosphäre wie
2020 3410 3098 3477 immerhin mag der alte Musikus in Schnitzlers Lie¬
949 3431 2016 3478 Züge auf eine nahe Verwandtschaft mit dem Klär¬
133 3439 950 3490 storische Drama Derjunge Medar¬
2022 3454 3091 3505 belei mit seinem liebevoll=entschuldigenden Begreifen
949 3467 2011 3509 chen und auch mit der Luise Millerin hinweisen.
135 3474 935 3531 Fäbelgerassel der Freiheitshelden ist die
2021 3492 3095 3544 als Ausnahme gelten, wenn auch seine Christine in
951 3512 2010 3563 Aber für Wien ist der Typus von Artur Schnitz¬
145 3512 943 3568 beider Stücke. Wieder scheint mir das
2022 3529 3093 3592 der Wärme und Ursprünglichkeit ihrer hingebenden
967 3548 2012 3594 ler ein für allemal festgelegt worden. In diesen
144 3544 944 3594 luf des Leben, das bedeutendere zu sein.
2030 3572 3092 3623 Empfindung die Reinkultur des süßen Mädels dar¬
952 3581 2021 3632 Tagen, da er seinen fünfzigsten Geburtstag begeht,
142 3589 947 3631 iner Uraufführung hat man aber das
2033 3600 3083 3672 stellt. Ihre Gegenspielerin, die heiter=kecke und so
964 3631 2021 3671 mag es am Platze sein, einiges über seine populärste
143 3627 948 3674 antische, Hoffmannesk=Sputhafte des¬
2029 3644 3095 3705 gar nicht sentimentale Schlagermizzi wäre in Mün¬
950 3659 2011 3701 Figur, über das Wiener süße Mädel zu sagen. Im
144 3665 952 3711 ig verstanden, daß es zu einem argen
2038 3680 3093 3737 chen, in Berlin, in Köln ebenso gut möglich — Chri¬
134 3692 2023 3744 l kam. Viel später erst gelang es einer ! Anatol, jener Sammlung lebensprühender Dialoge,
976 3722 2658 3798 die 1893 erschien und deren einige in das ständige Re= stine ist reinstes Wiener Blut.
159 3745 740 3808 ihrung, es zu rehabilitieren.
3145 1622 3316 1679 Indes
3079 1646 3324 1716 er aus den
3080 1701 3330 1752 und volkst
3079 1742 3291 1791 ändert. T
3091 1774 3327 1834 unbedenklig
3090 1815 3329 1875 Ausdruck
3088 1855 3322 1909 aber sehr
3078 1893 3326 1954 Typus ver
3090 1930 3315 1984 bekannten
3100 1959 3326 2036 Librettisten
3086 2145 3317 2217 so verschlu
3090 2197 3328 2253 zufällig den
3095 2235 3322 2293 süße Mädel
3230 2277 3332 2328 en lä
3254 2350 3325 2402 ale
3264 2393 3333 2440 en
3285 2434 3328 2477 n
3259 2470 3320 2516 geg
3249 2510 3331 2559 tau
3121 2510 3172 2556 eb
3221 2545 3309 2593 en
3099 2546 3214 2595 terin
3098 2576 3325 2634 unter mag
3087 2619 3326 2671 Fremden o
3088 2654 3317 2710 Nur darf
3093 2697 3326 2762 genau so m
3089 2739 3232 2791 darf.
3083 2769 3337 2830 ###
3115 4078 3265 4145 F
