3392 4352
1194 181 1658 276 box 39/1
202 195 1062 299 1. S0thBirthdar
542 1222 1307 1299 hagen, London, 1
536 1264 1554 1358 Paris, Rom, San Francisco, Stockholm, St. Petersburg.
1545 1288 1681 1381 —
812 1324 1574 1417 BERLINENTAGRI AT
505 1377 911 1461 Ausschnitt aus:
827 1473 1092 1567 5.9011912
513 1488 633 1544 vom
1712 1551 2975 1654 immer ein letztes und höchstes Hilfsmittel zu fehlen scheint. Bei
1720 1607 2980 1680 aller Kunst, die er auch in seinen Novellen zeigt, bei aller Geschmeidig¬
588 1578 1611 1714 Der Arthur=Schnitzler=Tag.
1709 1636 3011 1739 keit und Grazie, die ihn hoch hinaushebt fast über das ganze Gros "
1316 1673 1704 1746 (Nachdruck verboten.]
1046 1684 1181 1751 Von
1713 1697 2971 1775 unserer Novellisten, ist doch manchmal etwas von jener kälteren
952 1723 1254 1805 Fritz Engel.
1728 1735 2774 1809 Ersinnung dabei, die man in seinen Dramen fast nie findet.
1767 1776 2963 1841 Das spürt auch der Leser seines neuesten, eben bei S. Fischer er¬
531 1764 1733 1858 Der kluge und gütige Gedanke des Wiener Schriftstellers Stephan
1728 1827 2970 1890 schienenen Novellenbandes „Masken und Wunder". Es sind
480 1831 1725 1905 Zweig, man möge unsere Dichter schon vor dem Tode oder vor dem
1720 1851 2974 1933 sechs Erzählungen in diesem Bande vereinigt, erdgeborene und solche
481 1877 1719 1939 achtzigsten Geburtstag, was beinah' dasselbe ist, tätig preisen und
1721 1894 2971 1970 aus dem Diesseits=Jenseits der Allegorie. Es wird auch hin bißchen
479 1915 1718 1991 aufführen, hat hier und da Boden gesunden. Der Name Arthur
1725 1947 2976 2016 moralisiert, und zwar mit Feierlichkeit, und nicht nur mit jenem
488 1955 1723 2040 Schnitzlers wird heute, an seinem fünfzigsten Geburtstag,
1735 1986 2982 2052 weltmännisch=wissenden Lächeln, das wir an Schnitzler ganz besonders*
485 1986 1723 2080 auf vielen Theaterprogrammen stehen, und selbst in Berlin, in der
1725 2010 2983 2095 lieben. Sie macht ihn immer, beinahe im Backfischsinne, so „inter¬
489 2037 1731 2114 Geschäftstheaterstadt, haben sich einige Bühnen gefunden, die sich an
1738 2066 2974 2140 essant“ diese Falte um seinen Mund, die Spott und Schmerz und
481 2080 1729 2137 Schnitzler erinnert haben. Es sind gerade kleinere und volkstümliche
1730 2087 2982 2184 Verzeihung zugleich ist, aber nicht Anklage. In einigen der Ge¬
493 2125 1729 2196 Theater, die diese Ehrerbietung einem Dichter erweisen, welcher doch
1728 2147 2982 2221 schichten finden wir sie wieder, im „Toten Gabriel“, wo ein paar
492 2167 1728 2251 immer mehr ein Dichter der manikürten Welt gewesen ist. Die
1736 2200 2983 2262 Menschen glänzend und rasch abgebildet werden, im „Tod des Jung¬
490 2201 1729 2279 großen Theater schweigen. Otto Brahm, der der nächste dazu wäre,
1730 2228 2975 2308 gesellen“ und in der Novelle „Der Mörder“, die sehr erschüttert und
477 2251 1734 2319 ist fretlich mit seinem Ensemble nicht in Berlin, das Deutsche Theater
1736 2275 2971 2342 erregt mit dem unruhigen Fackelglanz, der über nackten Menschen¬
486 2299 1734 2358 wollte oder konnte den Tag nicht begehen, und das königliche Schau¬
1733 2311 2969 2387 seelen hin und herspielt. Man kann diese Erzählungen nicht besser
487 2337 1732 2414 spielhaus weiß vim Schnitzler überhaupt noch nichts. Man kennt
1740 2356 2987 2429 loben, als wenn man sagt, daß sie an den Dramatiker Schnitzler er¬
486 2377 1732 2442 ihn dort noch nieht an seinem fünfzigsten Geburtstag; an seinem
1732 2385 2976 2471 innern, und an das Teste, was er der Bühne gegeben hat. Hier deckt!
482 2433 1728 2506 fünfzigsten Todestag mag man dann immer noch etwas arrangieren.
1728 2448 2979 2513 sich Empfinden und Erfindung ganz miteinander. „Das Tagebuch
547 2471 1734 2533 Man kann sich ja nun, wenn man Arthur Schnitzler nicht auf dem
1740 2486 2976 2557 der Redegunde“ ist ein kleines, zart geschliffenes Capriccio mit einer,
494 2506 1735 2581 Theater sieht, seine Bücher vornehmen. Aber gerade dann, indem man
1741 2532 2977 2595 wie mir scheint, nicht ganz echten humoristischen Geste. „Die Hirten¬
500 2551 1736 2614 die Stücke, die er geschrieben hat, noch einmal durchblättert und auch
1742 2585 2962 2648 flöte“, die erste und größte der in diesem Bande vereinten Erzählun¬
500 2590 1736 2665 seine Novellen liest, gerade dann empfindet man sehr, um wieviel
1740 2619 2969 2687 gen, steigt hoch in die kühle Luft des Sinnbildlichen, und so hinreißend
493 2633 1736 2708 stärker er noch als Dramatiker, denn als Epiker ist. Es ist ein seltener
1738 2666 2980 2729 schön hier Einzelheiten sind, und so sehr durch den Faltenwurf der
492 2676 1737 2755 Fall, wie er zum Beispiel auch bei Kleist beobachtet wird, daß der
1745 2702 2898 2769 Allegorie auch hier das Leben überall hindurchschimmert, so ist
489 2720 1730 2786 erzählende Dichter, der doch über so viel Worte und Begründungen
1735 2726 2983 2814 dieser Geschichte von der irrenden und dennoch siegenden Frau doch zu
499 2757 1738 2828 mehr verfügt, nicht dieselbe Glaubwürdigkeit findet, wie der Bühnen¬
1733 2772 2978 2856 viele These, Belehrung und Abstraktion. Das Blühende an Schnitzler
498 2804 1734 2871 dichter, der nur auf indirektem Wege und dabei mit äußerster Knapp¬
1735 2831 2989 2906 liegt wie unter einem seinen Regen grauer Asche, und ich glaube, daß
503 2845 1724 2908 heit zum Hörer spricht. Wir erleben weitaus häusiger das Umgekehrte
1749 2872 2984 2942 er hier Menschen nach einem Gedanken, und nicht nach Menschen
492 2884 1740 2964 und sehen, daß unsere Erzähler in ihren Büchern die Schilderer des
1733 2930 1996 3009 gebildet hat.
496 2927 1736 3007 echtesten Lebens und der letzten seelischen Wahrheit zu sein scheinen,
1782 2941 2980 3014 Am Schluß des Bandes „Die breifache Warnung“. Ein Bild von
505 2972 1747 3035 und daß sie zu grell oder zu farblos, zu klein oder zu groß, mit einem
1744 2995 2973 3067 absoluter und ungetrösteter Melancholie, die Geschichte vom wagenden
498 3016 1687 3105 Worte unwahr sind, wenn sie sich des Mittels der Bühne bedienen.
1750 3039 2979 3110 Mann, der dem Schicksal auftrotzt und ihm unterliegt. Soll das die
547 3048 1742 3118 Arthur Schnitzler hat diesen absolut sicheren Instinkt für die
1754 3088 2984 3156 Philosophie des Fünfzigjährigen bedeuten, eine erste Aliersmelodie,
503 3108 1745 3182 Bühne. Meister des Dialogs, ist er nie klarer, als wenn er kurz ist,
1749 3131 2978 3196 ein Verzicht und Aufgeben? Das wird und darf nicht sein. Nur
507 3145 1746 3219 nie überzeugender, als wenn er nicht überzeugen will, niemals per¬
1748 3170 2984 3244 gerade ein Schatten, der ihm über die Seele lief, und rasch vom
507 3192 1739 3264 sönlicher, als wenn er, scheinbar, hinter den Gestalten seiner Ein¬
1743 3192 2997 3277 Sonnenschein wieder aufgesogen. Des Dich.ers Herz kann ja, bei #
509 3227 1745 3301 bildungskraft verschwindet. Er hat die Schauspielkunst, ihre Möglich¬
1755 3256 2999 3321 aller Skepsis, nicht anders als voll Heiterkeik sein, gerade jetzt, wo er
511 3275 1743 3337 keiten und ihre Grenzen so in sich aufgenommen, und, indem er ihr
513 3290 3000 3398 dient, weiß er sie so zu beherrschen, daß, wenn er nur Epiker ist, ihm sieht, wie man Ihn liebt, einer der wenigen, denen in das Glück des
2214 3454 2976 3547 #u.
1707 3534 2964 3623 verdienten Ruhmes kein einziger bitterer Tropfen fällt, kein Neid.
1702 3587 2327 3666 kein Haß und keine Verkennung.
