3344 4320
1033 220 1478 307 box 39/1
162 228 884 339 SethBirthdar
480 1232 1194 1324 Bitte, Rückseite beachten ! !
1030 1291 1387 1374 Telephen 12.801.
1049 1376 1248 1465 90—
512 1431 1163 1533 „ODSEIVEN
297 1508 1390 1568 I. Beterr. bahördl. konz. Usternohmon für Zeltunge-Ausephaltto
429 1568 1273 1647 Wien, I., Concordiaplatz 4.
621 1640 1065 1722 Verirelungen
290 1705 1382 1763 Im Berlin, Budupest, Chicago, Christiania, Genf, Kopen¬
366 1752 1375 1818 gen, Lenden, Madrid, Mailand, Minnespolle, New-Verk.
333 1782 1345 1848 Faris, Rom, öan Francisco, Stockholm, St. Petersburg.
793 1827 1052 1886 #be eiune Gru##ch.
283 1870 765 1971 Ansschaltt aus: 1
770 1912 1374 2030 ager Taghiat
293 1999 839 2084 D
414 2035 1302 2142 *.—. Abschluß des Arthur Schnitzler=Zu#
299 2089 1302 2165 Gorgen Sonntog schließt in—Rellen Theater der
309 2155 1278 2214 Schnitzler=Zyklus mit der dramatischen Historie
308 2181 1283 2261 „Der junge Medardus“ ab. (202. Abv. 2.
303 2236 1297 2307 Serie, Serienwechsei!) Das große Werk ist
307 2281 1274 2342 bei uns anläßlich der vorjährigen Maifestspiele zur
307 2339 1258 2383 erstenmale gegeben worden, und hat seitdem mehre:
303 2380 1290 2427 Wiederholungen erlebt, in welchen der tiefgehende
303 2396 1282 2464 Eindruck der ersten Aufführung sich stets erneuerte.
303 2457 1275 2515 Es wurbe an den Schluß pes Schnitzler=Zyklus ge¬
312 2505 1283 2563 stellt, weil es unzweifelhaft den Höhepunkt des dra¬
302 2537 1289 2605 ukatischen Schaffens Arthur Schnitzlers bedeutet und
307 2584 1281 2648 weil es durch die große Mannigfaliigkeit der Fi¬
304 2626 1295 2684 guren, durch seinen historischen Hintergrund und
303 2671 1283 2726 durch die rege Handl. ug ein großes Publikum an¬
311 2722 1296 2781 zuziehen und die Populariiät des Dichters zu ver¬
319 2749 1286 2822 breiten geeignet ist. Der Theaterzettel weist nicht
310 2811 1292 2865 weniger als 55 Rollen auf, abgesehen von der Kom¬
309 2836 1295 2906 parserie, sodaß zu dem gesamten Schauspielpersonal
311 2879 1303 2939 auch mehrere Opernkräfte hinzugezogen werben
318 2943 1300 2991 mußten, die sich bereitwillig in den Dienst der Dich¬
312 2966 1297 3022 tung stellten. Als Prinzessin Helene tritt Else
310 3013 1306 3074 Wohlgemuth vom Wiener Höfburgtheater auf.
314 3064 917 3157 Die Regie hat Dr. Paul Eger,“
1711 139 2180 215 Ausschhnt Aus
2271 205 2812 319 daus Bomnen, Prag
1887 209 2183 321 20 5 4912
1708 267 1872 323 vom:
1851 310 1892 351 —
1757 368 2125 441 Schnitler=Zyklus.
1791 429 2722 494 Zum 50. Wiegenfest=Axtur Schnitzlers stellt sich unser
1763 477 2730 538 Theater mit einer Gratulation  Ausgiebigkeit
1763 533 2722 590 alles weit hinter sich läßt, was andere dentsche Bühnen
1767 572 2723 634 aus diesem Anlasse getan haben. Bei uns wird mitten
1763 613 2723 685 zwischen den anspannenden Maifestspielen ein eigener auf
1757 672 2719 736 vier Wochen berechneter Schnitzler=Zyklus absolviert, der
1761 718 2732 785 des Dichters Werke vom vergessenen „Märchen“ bis zum
1762 770 2733 834 „Jungen Medardus“ umfaßt und durch seine Vollständig¬
1759 821 2725 879 keit natürlich aufs beste geeignet ist, als ein Stück lebendiger
1754 864 2726 915 Literaturgeschichte über die Bedeutung des dramatischen
1762 902 2724 981 Schaffens Artur Schnitzlers aufzuklären. Mit dem Jugend¬
1755 966 2723 1026 werk „Das Märchen“ wurde vergangenen Mittwoch der
1761 1009 2723 1069 Zyklus eingeleitet. Das Märchen von den Gefallenen, deren
1756 1054 2728 1128 Schuld vor dem Hochzeitsmorgen man vergessen sollte,
1765 1115 2730 1181 aber nicht vergessen will oder kann, bleibt bestehen und
1759 1155 2735 1208 die Betroffene sieht keinen anderen Ausweg, als in ihrer
1751 1198 2735 1271 Kunst das Glück zu finden, das ihr das Vorurteil der
1761 1260 2722 1319 bürgerlichen Gesellschaft vorenthält. In der Rolle der Schau¬
1758 1293 2721 1366 spielerin debütierte mit Glück Frl. Dahlmann, die für
1758 1348 2726 1425 die wechselnden Gefühlstöne den richtigen Ausdruck fand.
1762 1400 2719 1453 Temperamentvoll war der Denner des Herrn Tiller,
1761 1496 2740 1575 prächtige Chargen boten die Herren Huttig und Ro¬
1770 1539 2749 1622 manowsky. Die Damen Niedt, Monati und Glasel
1774 1604 2737 1655 fügten sich ausgezeichte in aus Ensemble, dessen Harmonie
1774 1655 2741 1716 liebevolles Studium Auf den „Anatol“=Zyklus und
1768 1682 2742 1755 „Fr#ewild“, die in der bekannten Besetzung aufgeführt
1770 1741 2750 1792 wurden, folgten gestern Abends im Landestheater „Liebelei“
1778 1784 2747 1859 und „Denksteine". Das sind zwei kleine Edelsteine die
1766 1827 2748 1899 Anatol am Tage vor der Hochzeit im Schreibtisch seiner
1772 1887 2753 1956 Braut Emilie findet. Die Vergangenheit hat er ihr ver¬
1763 1928 2746 2016 ziehen (was verzeiht man nicht alles, wenn man liebt!)
1774 2001 2753 2052 alle Liebespfänder aus der Zeit, bevor sie ihn liebte, hat
1777 2031 2743 2096 sie vor ihm und mit ihm vernichtet und weggeworfen.
1770 2085 2747 2147 Warum nicht diese? Sein zitternder Argwohn will die
1780 2134 2745 2195 Wahrheit wissen — vielleicht steckt in ihr doch etwas, das
1783 2191 2746 2255 sie begreiflich macht. Denn wir Männer glauben ja so
1782 2244 2758 2301 gern all die beseligenden Lügen der Weiber. Anatol er¬
1787 2285 2752 2350 fährt die Wahrheit. Der eine Stein, ein Rubin, hatte
1776 2338 2759 2392 damals im Grase geglitzert, als sie, ein sechzehnjähriges
1775 2391 2757 2437 Mädchen, durch einen Andern Weib wurde. Diese Minute
1782 2421 2755 2484 bleibt jedem Weibe unvergeßlich. Wie schwer ist es aber,
1784 2470 2755 2537 diese Erinnerung zu verzeihen! Anatol tnt es dennoch.
1780 2536 2762 2590 Aber der zweite, dunkle Stein? Das (so kündet Emilie
1787 2585 2756 2633 triumphieretd) ist ein schwarzer Diamant, eine Viertel¬
1786 2615 2753 2684 million wert; in ihren Augen flackert dabei der Stolz der
1781 2656 2768 2730 Eitelkeit und die dirnenhafte Begehrlichkeit — die beiden
1786 2720 2759 2782 tückischen Erbfehler des Beschlechtes. Und sie wühlt den
1785 2771 2765 2828 Stein der Schande, den er ins Feuer wirft, mit alerigen
1788 2816 2763 2891 Händen aus der Glut. Jetzt sprach sie die Wahrheit, viel¬
1786 2865 2774 2925 leicht das erstemal, und da verwirft er sie — die Ver¬
1790 2914 2761 2980 worfene. — Dieser kleine Akt aus dem Anatolzyklus, der
1789 2956 2771 3030 für Prag eine Erstaufführing bedeutet, ist der Ausdruck
1796 3010 2775 3081 Ihmerzlichster Erkenntnis der weiblichen Pfyche. Es glitzert
1787 3066 2774 3131 darin auf, wie die Lichter eines Rubius, vielleicht ist diese
1797 3133 2778 3180 dunkle Erkenntnis auch kostbar, wie ein schwarzer Diamant.
1791 3165 2769 3216 Aber wer besitzt den Probirstein für die Echtheit der
1792 3223 2765 3280 weiblichen Seele? Vielleichi ist sie Edelgestein, vielleicht
1796 3258 2776 3322 Talmi? Und so wird denn auch dem Zweifler dieses
1796 3311 2771 3384 glitzernde Stück kostbar und echt, dem Gläubigen nur als
1794 3370 2769 3421 ein glänzeder Tand erscheinen. Ich zwetfle und darum
1797 3403 2777 3475 glaube ich. Die Darsteller Frl. v. Helling und Herr
1789 3471 2775 3515 Tiller wurden den Intentionen des Dichters bis zur
1790 3522 2767 3564 Schlußpointe vortrefflich gerecht; da aber versagten beide.
1798 3553 2778 3617 Nicht der gemeine Geldwert ist für Emilien entscheidend,
1800 3606 2782 3663 wie ihr Spiel den Anschein erregte; und der ernste Anatol
1793 3662 2778 3717 dieses Stückes wirft seiner Braut das entsetzliche Wort
1792 3703 2778 3770 „Dirne“ nicht achselzuckend und leichthin vor die Füße,
1794 3755 2786 3823 sondern schleudert es ihr verzweiflungsvoll ins Gesicht.
1802 3804 2774 3865 Im Publikum fand denn auch der kleine skizzenhafte
1803 3847 2777 3913 Dialog, sei es nun durch die Schuld des Dichters oder
1797 3885 2777 3953 der Darsteller, nur schwachen Nachhall. Umso stärkerer
1808 3938 2783 4010 Beifall ward dem folgenden Meisterstücke Schnitzlers
1806 4004 2789 4065 „Liebelei“ zu Teil, dieser wundervollen Mischung von
1811 4038 2785 4109 Scherz und Ernst, von köstlichem Humor und tiefster
1802 4075 2787 4149 Tragik, das in bekanmier trefflicher Besetzung in Szeg#
