3344 4352
1085 254 1518 338 box 39/1
1480 296 1540 356 +
231 259 1033 361 Soth Birthdap
587 1058 747 1124 ——
217 1109 1282 1232 Kasschnitt aus: Prager Tagblatt
209 1227 680 1335 rom:3
374 1323 1042 1417 (Theater und Kunst.
354 1403 1017 1503 Arthur Schnitzler=Zyllus.
327 1465 1187 1530 Wie bereits mitgeteilt, seiert unsere Bühne
210 1530 1195 1584 den 50. Geburtstag Artur Schnitzlers durch
214 1564 1187 1613 eine zyklische Aufführung seiner Werke. Alle deut¬
217 1610 1191 1663 schen Bühnen werden diesen Tag feiern, insbesondere
215 1658 1199 1708 hat der Deutsche Bühnenverein seine Mitglieder ver¬
220 1708 1200 1750 pflichtet, am 15. Mai ein Werk des größten deutsch¬
225 1740 1195 1794 österreichischen Dichters unter den Lebenden aufzu¬
221 1790 1203 1834 führen. Daß das Deutsche Landestheater in Prag
225 1819 1203 1877 die Gelegenheit wahrnimmt, alle Werke Schnitzlers
224 1861 1201 1938 in einem Zeitpunkte dem Publikum vor Augen zu
223 1918 1197 1973 führen wo der Dichter auf der Höhe seines Lebens
223 1942 1223 1995 und Schaffens steht, ist wohl begreiflich, erklärt sich
221 1989 1226 2056 aber außerdem durch die langjährigen persönlichen
234 2038 1210 2088 Beziehungen Artur Schnitzlers zu Prag, wo seine
232 2076 1207 2137 Entwicklung mit besonderem Interesse verfolgt
238 2112 1199 2182 wurde und wo er seit jeher eine Pflege fand, die
230 2159 1200 2226 ihm auf einer anderen deutschen Bühne kaum ge¬
235 2207 1207 2256 bolen ist. 24 Stücke (mehraktige und einaktige)
235 2249 1196 2303 von Artur Schnitzler haben auf unserer Bühne bis¬
222 2290 1197 2338 ther 224 Aufführungen erlebt, und nur zwei, das
234 2332 1200 2385 Jugendwerk „Das Märchen“ und eines seiner reif¬
233 2367 1214 2434 sten Schauspiele, „Der einsame Weg“ sind hier noch
226 2423 1198 2470 nicht zur Aufführung gelangt. Dieses Versäumnis
238 2461 1201 2519 wird mit dem Schnitzler=Zyklus gutgemacht. Der
239 2500 1200 2560 Zyklus wird 13 Abende umsassen, die genau
247 2547 1213 2602 auf einen Monat verteilt sind. Neun Aufführungen
254 2589 1211 2640 finden im Abonnement, drei als volkstümliche Vor¬
255 2625 1201 2679 stellungen und eine bei aufgehobenem Abounment
246 2670 1210 2731 statt. Der Zyklus beginnt Mittwoch den 15. Mai
239 2701 1211 2768 im Neuen Theater mit der Erstaufführung des
234 2757 1207 2825 Schauspieles „Das Märchen“. Es folgen hierauf:
227 2798 1202 2839 2. „Anatol“, 3. „Freiwild“ 4. „Liebelei“, „Denk¬
233 2844 1206 2914 steine“ 5. „Paracelsus“, „Die Gefährtin“, „Der
239 2884 1214 2932 grüne Kakadn, 6. „Lebendige Stunden“ 7. „Der
235 2934 1210 2985 Ruf des Lebens“, 8. „Zwischenspiel“ 9. „Mario¬
244 2955 1207 3027 netten“ 10. „Der Schleier der Pierrette“, „Komtesse
232 3014 1211 3049 Mizzi“ 11. „Das weite Land“, 12. „Der einsame
242 3048 1195 3121 Weg“ (Erstaufführung), 13. „Der junge Medardus“
245 3094 1199 3150 Für die Aufführung der Pantomime „Der Schleier
238 3134 1205 3195 der Pierrette“ und der einaktigen Komödie „Kom¬
233 3181 1217 3229 tesse Mizzi“ sind zwei Gäste gewonnen worden:
240 3221 1204 3281 Elja Galasresals Pierrette und Komtesse Mizzi
237 3268 1220 3324 und Ernst von Dohnany als Dirigent der von
239 3309 1217 3372 ihm komponierten Pautomime. Für den Zyklus
234 3346 1206 3410 wird ein Extraabonnement aufgelegt, für
243 3392 1207 3456 welches die Preise ganz außerordentlich ermäßigt
233 3427 1225 3503 worden sind. Es lostet eine Loge 180 bzw. 125 K
231 3486 1240 3532 jund 70 K. Ein Sitz im Parkett oder Balkong
241 3514 1230 3575 50 bzw. 40 K und 30 K. Ein Galeriesitz 20 bzi“
241 3562 900 3638 12 K, ein Slehplatz 10 bzw. 3 K.
275 3617 387 3686 12
1783 331 3006 475 Ausschnitt aus Freie Scillesische Presse, Treph.##
2115 442 2371 514 -7 5 1910
1773 467 1937 513 vom:
1827 588 2830 654 Die letzte Schauspielvorstellung, Schnitzters“
1729 646 2823 702 „Liebelei“, Debut Frl. Schuster, war unseres The¬
1737 695 2828 771 aters einfach unwürdig! Eine solche Zerfahrenheit
1735 734 2823 797 perdient eine Zurechtweisung. Frl. Schuster ist
1735 783 2825 837 für unsere Bühne noch zu unreif und muß erst spre¬
1745 838 2817 899 chen lernen! Außer Direktor Popp, welcher wie
1743 875 2813 950 immer gut war, sind alle übrigen mit dem Schleier
1731 927 2341 998 des Vergessens zu bedecken.
1820 1037 2808 1110 Schnitzler = Feier, Gastspiel Frau Elsa
1734 1095 2812 1164 Galafrés, am Donnerstag, den 2. Mai l. J.
1737 1145 2821 1215 Ein total ausverkauftes Haus, welches die Künstle¬
1734 1194 2815 1263 rin stürmisch begrüßte, erfreute sich an ihren man¬
1721 1233 2820 1288 nigfaltigen Darbietungen. In den Schnitzler'schen
1733 1295 2815 1347 Einaktern „Komtesse Mizzi“, sowie „Anatols Hoch¬
1728 1345 2816 1403 zeitsmorgen“, war sie es allein, die Ton und Stim¬
1731 1394 2814 1449 mung hineinzubringen verstand. Die Pantomime
1722 1445 2815 1502 „Der Schleier der Pierrette“ von Schnitzler, Mu¬
1728 1493 2810 1537 sik von Ernst von Dohnanyi, in der sich auch un¬
1719 1540 2809 1598 ser Personal mit Erfolg bemühte, zeigte sich Frau
1721 1593 2816 1654 Galafrés als Tänzerin und Mimikerin. Ersteres
1716 1638 2807 1686 solltg die schöne Frau bleiben lassen und das zwei¬
1714 1687 2800 1749 te-hat sie nicht nötig, uns erst zu beweisen. War¬
1714 1730 2806 1793 um diese Pantomime, welche eine kolossale Arbeit
1731 1773 2817 1850 für die Künstlerin und das Personal erforderte,
1716 1830 2809 1898 überhaupt aufgeführt wurde, ist nicht recht erklär¬
1714 1890 2809 1947 lich. Die Musik ist ein Chaos der verschiedensten
1723 1929 2801 1990 Tonarten und Dissonanzen, das Sujet wohl span¬
1721 1983 2800 2030 nend, aber nur erstklassig besetzt, möglich. Als
1714 2025 2800 2108 Vorleserin ist Frau Galafrés durch ihre geist¬
1705 2070 2328 2144 reiche Pointierung bekannt.
1983 2327 2881 2442 mite aus Prager Tagblatt
2103 2412 2391 2509 12 S 1912
1804 2477 2003 2568 B
1832 2532 2640 2662 7—“ Artbur Schnitzler=Znklus.
1957 2609 2823 2688 In diese Woche inied ir Meste Theater der
1848 2667 2825 2725 Artur Schnitzler=Zyklus zur Feier des fünfzigsten
1863 2711 2818 2773 Geburtstages des Dichters eröffnet. Die fremden
1861 2754 2821 2809 Ensemblegastspiele und die Opernvorstellungen der
1863 2797 2818 2856 Maifestspiele haben unserem Schauspiel die Mög¬
1865 2821 2825 2909 lichkeit geboten, die Vorbereitungen für den Zyklus
1851 2879 2821 2944 zu treffen, der zwei Novitäten („Das Märchen“
1854 2918 2825 2997 „Der einsame Weg“) bringt und für drei Abende
1865 2945 2834 3025 („Der grüne Kakadu“, „Der Ruf des Lebens“, „Der
1869 3011 2816 3068 Schleier der Pierrette“) eine Neueinstudierung er¬
1858 3053 2817 3113 fordert. Das Extraabonnement für den Zyklus hat,
1869 3098 2818 3154 wenn es dessen überhaupt bedurft hätte, den Be¬
1863 3132 2827 3212 weis erbracht, wie groß die Gemeinde Artur
1871 3175 2831 3238 Schnitzlers in Prag ist. Der Zyklus beginnt am
1873 3234 2830 3280 Mittwoch, den 15. Mai mit der Erstaufführung von
1867 3256 2832 3349 Schnitzlers erstem Schanspiel „Das Märchen“
1850 3357 2839 3436 im Neuen Theater (178. Ab.=Vorst., II. Serie). Der
1855 3419 2830 3478 zweite Abend bringt am Donnerstag, den 16. Mai
1862 3452 2835 3525 „Anatol“ als XLIV. volkstümliche Vorstellung
1867 3498 2829 3570 im Landestheater, der dritte Abend am Samstag,
1875 3540 2823 3610 den 18. Mai im Neuen Theater „Freiwild“,
1886 3579 2823 3647 180. Ab.=Vorst., IV. Serie, der vierte Abend am
1880 3616 2826 3695 Sonntag, den 19. Mai „Liebelei“ mit dem Ein¬
1871 3666 2830 3724 sakter „Denksteine“ aus dem Anatolzyklus als
1867 3711 2828 3779 IXI.V. volkstümliche Vorstellung im Landestheater,
1884 3745 2831 3812 der fünfte Abend am Montag, den 20. im Neuen
1878 3782 2835 3864 Kheater neueinstudiert „Paracelsus“, „Die
1887 3844 2845 3916 Gefährtin“, „Der gyüme Kakadu“ (182.
1877 3884 2409 3957 Ab.=Vorst., II. Serie).
