3392 4320
253 180 1568 282 SothBirthdag box 39/1
1621 564 2602 637 erste Begegnung auf diesem Wege ist der Tod. Noch,
1622 620 2602 684 lim Sierben vernichtet er, was sich innig an ihn
460 635 1567 720 Wenden! Rückseite beachten! Wenden!
1625 653 2596 722 schließen wollte: im Schauder vor der namenlosen
1642 694 2601 781 Einsamkeit, die sie erwartet, tötet sich seine Genebte.
1208 717 1555 808 Telephon 12.801.
1695 739 2601 806 Zwei Welten stehen gegeneinander, und der Dich¬
1610 764 2611 854 ster läßt keinen Zweifel darüber, welche er für die
1635 815 2606 892 hnenschlichere, sittlich höhere, zukunftreichere hält.
1630 874 2544 943 Ein Problem, das uralt und unerschöpflich ist -
630 868 1388 953 „UDSERVER
1629 907 2602 982 sdie Grundfrage lautet: Freiheit oder Befestigung,
466 934 1583 1006 I. österr. behördl. konz. Unternehmen für Zeitungs-Ausschnitte
1623 956 2552 1023 Verantwortungslosigkeit oder Pflichterfüllung? —
1625 987 2610 1054 kird hier in der empfindsam nachdenklichen Art
663 1004 1411 1075 Wien, I., Concordiaplatz 4.
1625 1036 2614 1103 Hieses Dichters mit schonungsvollstem Takt aber in
867 1051 1199 1120 Vertretungen
1626 1100 2602 1160 Sittlicher Entschiedenheit abgehandelt. Feine, gut¬
482 1082 1583 1157 in Berlin, Basel, Budapest, Chicago, Cleveland, Christiania¬
1627 1129 2608 1184 sgeschliffene Pointen durchleuchten den elegant ge¬
479 1146 1581 1193 Genf, Kopenhagen, London, Madrid, Mailand, Minneapolls,
1624 1166 2603 1231 Führten Dialog und werfen ihre Blitzlichter bis tief
478 1190 1589 1252 New-Nork, Paris, Rom, San Francisco, Stockholm, St. Peters¬
1634 1214 2618 1267 kin die Falten der menschlichen Seelen. Die Schwächen
884 1230 1196 1283 burg, Toronto.
1648 1253 2606 1316 im dramatischen Bau sind hier von so viel lebendigem
794 1262 1302 1337 (Quellenangabe ohne Gewähr.)
1638 1299 2599 1350 Wissen und echtem Gefühl überwachsen, daß sich das
1648 1330 2607 1412 schöne Gleichgewicht der inneren Werte, das jedes
482 1341 1543 1434 Ausschnitt aus:BOHEMIA, PRAG
1651 1379 2604 1449 große Kunstwerk auszeichnet, wie von selbst wieder¬
779 1386 1015 1463 6 1972
1643 1419 2619 1498 herstellt. Edleres, Harmonischeres hat Schnitzler
485 1423 676 1495 vom:
1646 1476 1946 1543 nie geschrieben.
987 1454 1049 1570 —
1713 1496 2620 1585 Noblesse und Zartheit sind die Grunderfor¬
1642 1545 2620 1617 dernisse, die eine zulängliche Aufführung dieses
1641 1599 2621 1661 Stückes erfüllen muß. An unserem Theater waren
787 1562 1553 1688 Theater und Musik.
1623 1635 2616 1699 denn auch alle Kräfte nach dieser Richtung hin
1617 1680 2613 1738 langespannt. Die Inszenierung (Oberregisseur Dr.
877 1692 1444 1791 „Der einsame Weg“.
1629 1720 2629 1797 [Eger) schuf gut abgetönte, eindrucksvolle Bühnen¬
615 1745 2620 1837 Y (Shauspiel in fünf Akten von Arthur Schnitzle##### und hielt die Stimmung der Szeue durch¬
1641 1804 2622 1882 aus im richtigen Ton. In den einzelnen Leistun¬
751 1815 1591 1887 Erstaufführung am Neuen deutschen Theäter.)
1647 1843 2617 1921 gen war viel Schönes, wenn auch nicht ganz gleich¬
760 1855 1640 1932 Auf seinen vielverschlungenen Pfaden durch die
1653 1889 2624 1956 mäßig. Mit gemessenem Takt und einem künstle¬
633 1910 1639 1988 *Verstecke und Veduten im Gehege kultivierter Men¬
1659 1933 2638 2001 rischen Verständnis, dem keines Wortes Bedeutung
677 1959 1647 2040 sckenseelen kommt Schnitzler des öfteren auch an
1660 1974 2628 2042 entging, spielte Herr Huttig die geistig hervor¬
681 1994 1654 2066 diesem schattenüberdeckten Weg vorbei, den er hier
1664 1992 2644 2090 ragendste Figur des Stückes, den hochmütig resig¬
673 2048 1658 2107 den einsamen nennt. Es ist der Weg derjenigen, die
1660 2042 2648 2127 nierten in Todesnähe noch verschlossenen Herrns#
673 2082 1647 2143 sich aus dem Leben schleichen, weil sie dem Leben
1659 2101 2634 2177 von Sala. Herrn Tiller gelang auf das über¬
684 2123 1647 2190 nichts geben wollten; die ihre Einsamkeit wie eine
1666 2125 2641 2212 zeugendste die edel bescheidene Haltung und der#
686 2171 1657 2242 Schuld zu tragen und zu bezahlen haben. Das
1656 2183 2635 2254 herzenswarme Ton des jungen Menschen, der im
683 2219 1651 2280 Motiv klingt im Wert des Dichters immer wieder
1667 2225 2632 2300 Namen der Zukunft und des sittlichen Rechtes
680 2260 1653 2322 an, von den ersten Regungen im „Anatol“, über die
1671 2270 2640 2348 zwischen zwei Vätern zu entscheiden hat. Den einens
679 2299 1658 2373 verschiedenartigen Puppenspieler hin, die er da und
1663 2315 2646 2379 von ihnen, den unsteten, einsam gewordenen Künstler#
685 2346 1654 2404 dort agieren läßt, bis zur letzten, schon ganz morali¬
1658 2347 2654 2421 spielte Herr Rittig bewegt und mit sympathischer“
680 2389 1659 2461 sierenden Wendung und Verarbeitung des Themas
1657 2388 2641 2464 Wärme, den stillen gütigen Pflichtmenschen Herr
683 2434 1088 2512 im „Weiten Land“.
1659 2453 2648 2510 Manning in seiner einfachen und verständigen Arts
778 2466 1652 2541 Hier aber — im „Einsamen Weg“ — ist ihm der
1671 2475 2643 2550 Die Rolle einer dauerhaft Liebenden, die nur mit dem
687 2513 1663 2587 Gedanke zu einer wunderbaren Fülle ausgereift, und
1672 2525 2646 2603 Herzen denkt, erfüllte Fräulein Medelsky mit
693 2557 1659 2627 die Betrachtung noch so ruhig und furchtlos, daß
1663 2563 2643 2637 prächtiger Echtheit und Frische, Fräulein Hackel¬
697 2597 1663 2663 die vornehme Klarheit der Figuren unter dem ethi¬
1664 2607 2653 2680 berg hatte für die junge Geliebte des Sala einen
696 2643 1659 2708 schen Urtail des Dichters keineswegs leidet (wie es
1665 2649 2651 2719 Ton von interessanter Herbheit, der nur stellen
696 2680 1657 2751 dann später doch im „Weiten Land“ geschah). Die
1666 2695 2649 2770 weise etwas haltbarer hätte sein müssen. In klei¬
700 2729 1668 2787 Unmittelbarkeit des eben Durchlebten stärkt und
1671 2735 2644 2809 neren Rollen schlossen sich Frau Monati und
697 2773 1663 2846 stützt hier auch diejenigen Erscheinungen die der
1668 2792 2637 2865 Herr Frieberg dem Ensemble gleichwertig aus
697 2814 1663 2881 tiefere Wille ihres Schöpfers verneint. Wem der
1746 2818 2659 2877 Stück und Aufführung wirkten auf unser
701 2856 1668 2920 Name Schnitzler nicht nur den geleeentlichen Genuß
1679 2857 2652 2934 Publikum mit der sicheren, eindringlichen Krafts
697 2902 1668 2965 irgendwelcher modernen Literatur, sondern die wert¬
1669 2907 2645 2975 die von Schnitzlers Dichtungen unfehlbar ausgeht
694 2942 1670 3005 volle Erkenntnis eines besonders feinen Geistes be¬
1682 2949 2655 3016 Arthur Schnitzler selbst, der der Vorstellung die
693 2978 1674 3052 deutei, der wird erkennen müssen, daß gerade dieses
1673 2987 2649 3054 Ehre seiner Anwesenheit erwies, mußte wiederholts
698 3033 1664 3102 Werk eine ganz wichtige Wendung seiner Entwicklung
1673 3039 2648 3107 an der Rampe erscheinen, um an der Seite ders
698 3073 1671 3147 anzeigt. Hier ist zum ersten Male die Abkehr vom
1671 3076 2654 3142 Hauptdarsteller für den lebhaften und warmen
2440 3116 2632 3190 w. 1
701 3117 1664 3185 spielerischen Leben, von der Anbetung des Augen¬
1670 3139 2044 3202 Beifall zu danken.
705 3157 1675 3220 blicks verkündet, hier wird mit dem Gespenst des
1751 3179 2123 3259 ME.F J.:
703 3199 1684 3260 Todes — das ja durch alle Dichtungen Schnitzlers
701 3246 1686 3317 geistert — nicht mehr in kokett höflichen Manieren
701 3288 1689 3356 sondern auf eine ernste Art und im Namen einer
708 3332 1684 3394 verbündeten Menschheit gesochten. Hier wird für
714 3379 1690 3436 Mannheit und Haltung, gegen den selbstherrlich
713 3415 1701 3479 losgebundenen Geist entschieden. Und ohne morali¬
710 3449 1696 3525 sches Gezeter, versteht sich, in würdigster Vornehm¬
710 3503 1696 3576 heit, unter freigebigster Anerkennung der Größe und
707 3545 1700 3605 Höhe dieser Verdammten. Die Beiden, die Schnitz¬
714 3585 1710 3649 ler in seinem Drama den schmerzvollen Weg der
715 3629 1703 3683 Einsamkeit gehen läßt, sind ohne Zweifel die bedeu¬
717 3687 1710 3734 tendsten Persönlichkeiten des Stückes. Zwei Künstler,
713 3715 1674 3773 die ihr Leben wie ein ewiges Spiel gelebt haben, —
716 3753 1709 3834 ein Spiel mit hohen und edlen Dingen freilich, aber
712 3797 1715 3872 ohne den geringsten Einsatz an eigener Persönlich¬
723 3848 1715 3907 keit. Sie haben der Welt nichts von sich zu geben
712 3881 1705 3959 vermocht, haben immer nur empfangen und immer
721 3929 1718 4005 nur die Schätze ihres Lebens hergezeigt; niemanden
713 3963 1715 4042 gibt es, dem sie von ihrer tiefsten Menschlichkeit zu¬
730 4025 1715 4089 geteilt hätten, niemanden, den sie sich durch ihr selbst¬
721 4041 1722 4119 loses Opfer dauernd zu eigen gemacht hätten. Ihnen
