3344 4352
1141 172 1617 289 box 39/1
161 190 1008 310 1. 50th Birthday
124 855 336 967 itung
512 975 3130 1121 malischen Formen — solch ein Stück Wille zum Leben gestaltet, ihm weniger den Nachspürer letzter seelischer Essenzen, als den
521 1036 3131 1154 in dem Fabrikanten Hofreiter (dünkt er Euch nicht der minder flächelnden, tändelnden Anatol=Flaneur, sie nehmen die Tragik
116 1076 534 1187 Geburtstag.
522 1099 3133 1199 liebenswürdige, weil ältere Bruder Anatols zu sein; denn einen seiner Werke nicht recht ernst wie sein kleiner Bub, dem er den
1820 1138 3135 1223 Inhalt von Der Schleier der Beatrice“ erzählt hat und der, als
519 1172 1826 1255 Flaneur mit 40 oder 45 Jahren, einen Mann jenseits der
111 1184 3129 1302 inen. Theresianische Schaffensmitte, der immer nur den Schürzenschleifen und Auto=er auf die Frage nach dem Schluß die Antwort bekam, „Zum
127 1236 3141 1346 der Darstellung des mobilschleiern nachläuft, den können wir fünf Akte hindurch nicht Schluß sind alle tot“ — gesagt hat: „Das sieht Dir wieder einmal
154 1288 3127 1394 „Medardus“, im ertragen). Aber immerhin: er bleibt Repräsentant der Schnitzler-lähnlich, Papa.“ Die Wiener haben sich bis auf den heutigen
1818 1325 3133 1419 Tag jenen mondänen jungen Mann nicht aus dem Gedächtnis
527 1356 1842 1443 schen Welt, Bruder jenes Mädchens, das über die Leiche des
126 1367 542 1449 iten zurück, in denen
1820 1407 3135 1473 gewöhnt, der ganze und halbe Tage lang mit anderen mondänen
532 1415 1828 1498 Vaters weg, gelockt von dem „Ruf des Lebens“ in zwei offene
137 1430 542 1502 iff wienerisch durch
1828 1438 3128 1522 jungen Herren im Café Griensteidl saß, tief in die Stirn die
121 1449 1840 1538 m besten erfüllt hat, Leutnantsarme springt, Bruder jenes Leutnants Gustl, dem das
1826 1488 3137 1562 Heinische Schnitzlerlocke, die beinahe so populär geworden ist wie
530 1510 1833 1597 Duell von morgen heute den Angstschweiß aus den Poren treibt,
112 1525 555 1602 nVersonnenheit, in
1822 1535 3134 1612 die rote Weste Gautiers. Noch durch ein anderes Werk neben der
113 1560 1821 1635 nd immer Märchen und jenes armen Schwindsüchtigen, der im „Sterben“ hinsiecht,
1828 1569 3151 1674 Liebelei ist er hier populär und berühmt, durch die Geschichte vom
123 1582 1835 1687 ch dort, wo er den während sein Mädel, diese ins Unendliche Huldende Magdalena,
534 1634 3160 1735 neu dem Leben entgegenatmet. Immer wieder ist es „Der Ruf] „Leutnant Gustl“, die ihm die Offizierscharge gekostet und für
124 1665 555 1747 achgespürt hat, im
144 1684 2763 1777 so innig ins heim- des Lebens“, den Schnitzler dichten will, aber es wird gewöhnlich lange den Weg ins Hoftheater versperrt hat.
1890 1729 3130 1806 Erst Max Burckhard legte ihn frei, und „Der junge Me¬
534 1749 1842 1844 ein Sterben. Reden nicht auch die Menschen, denen das Leben
144 1768 560 1844 ins Ungewisse, ins
546 1791 3149 1880 am teuersten gilt, sehr viel und häufig vom Tod? Es ist, alsdardus“: das war im vergangenen Jahre ein verblüffend gran¬
125 1818 549 1886 erte. Ein Märchen
533 1838 3152 1925 würde er sich eine Angst vom Leib damit schreiben. Und sehr dioser Beweis von dem Können des längst totgesagten Burgtheaters.
127 1860 554 1939 s Werk. „Anatol“
542 1881 3148 1981 mutig sind auch seine Helden nicht, im „Freiwild“ nicht, wo der Aber immer noch spielt das Deutsche Reich die Dichtungen
129 1913 553 1979 ten Flaneurs, eines
1830 1933 3145 2003 Schnitzlers den Wienern zuvor. Man hat den „Ruf des Lebens“
119 1958 1849 2021 ncholische Nachdenk- eine den anderen hinterrücks über den Haufen knallt, im „Jungen
1829 1986 3163 2065 in Berlin drei Jahre früher sehen können als in seiner Heimat,
128 2013 1851 2077 efe Dinge über die Medardus“ nicht, wo der Held kein Täter ist, sondern ein Dulder,
1824 2026 3146 2094 und hat den „Einsamen Weg“ nur an ienen Gastspiekabenden ge¬
1304 2045 1847 2122 Auch Grillparzers Helden
127 2059 1195 2130 nd vornehme, gleich- und dann der Leutnant Gustl
122 2122 3156 2178 Fanz früh schon, im sind keine Helden. Rustan deklamiert: „Und die Größe ist ge-nießen dürfen, an denen Sauer und Bassermann, die Lehmann
118 2124 3148 2216 En, in der uns das fährlich, und der Ruhm ein leeres Spiel: was er gibt, sind und Reicher auf der Szene des Theaters an der Wien standen.
217 2170 3161 2267 - wenn man so nicht'ge Schatten, was er nimmt, es ist so viel.“ Norddeutsche Und wenn die Zeitungsmeldungen recht behalten, dann wird am
133 2223 3148 2317 hmnambulismus, dieNaturen werden anders denken, aber Grillparzer war Wien, und |15. Mai Arthur Schnitzler, ein Stück verkörperten Wiens, auf
544 2251 3165 2364 Schnitzler ist Wien, und was Grillparzer über seine Dichtung ge¬ dem letzten deutschen Provinztheater durch Aufführung eines seiner
129 2308 553 2377 Wesen die Geliebte
550 2330 2506 2430 setzt hat, dies ließe sich auch über Schnitzlers Dichtung setzen: Stücke gefeiert und geehrt sein.
128 2355 557 2439 Weg“ erfüllt und die
2350 2360 3114 2474 Dr. Hans Wantych-Wiet
551 2394 1154 2486 „Wenn Du vom Kahlenberg
119 2390 348 2480 ovellen.
614 2411 1866 2506 Hier ist er geboren und aufgewachsen, Sohn eines Arztes,
122 2435 562 2536 khmus, die Melodie,
561 2488 1865 2558 Bruder eines Professors der Madizin und selber ein Arzt, der
350 2488 561 2581 pielleicht
134 2519 318 2583 agt ist,
555 2513 1870 2613 selber einmal von sich gesagt, er hätte ohne diese wissenschaftliche
135 2554 555 2625 der Titel schreiben,
537 2559 1873 2657 Kenntnis nie sein Sterben“ und nie Die letzten Masken“ dichten
135 2603 563 2676 n und Traum; denn
131 2645 1869 2721 Gestalten Schnitzlers,können. Wo die Stadt ins Land verrinnt und die sanften Hügel-!
136 2663 1878 2773 krisches Genießen desketten des Kahlengebirges den Menschen in die Fenster schauen,
144 2724 1872 2821 um die Stadt der dort ist sein Heim, von dem ein bestrickendes Aroma Altwiener
147 2777 1864 2866 n dem wundervollen Patriziertums, mit einem Schuß Makartbukett und Perserteppich,
549 2834 1883 2894 ausgeht. Die ganze Längswand des Arbeitszimmers dreifach
128 2850 564 2922 pricht es diese Vor¬
559 2869 1870 2946 hintereinandergereiht, nehmen die Bücher und Folianten ein, unter
130 2899 561 2970 Sohn, dem der Tod
552 2903 1878 3006 denen historische Werke die Ueberzahl bilden; deren Geschichte ist
122 2945 562 3009 kist denn Deine ganze
566 2956 1885 3046 nun die Lieblingslektüre und das intensivste Studium des Arztes
130 2983 569 3067 bist: was ist sie denn
559 3014 1889 3096 von einst. Da vergehen ihm täglich viele Stunden ernstester
133 3039 568 3118 tunde, in der Deine
565 3071 1877 3147 Arbeit, die den Wienern, die ihn immer noch als den Schöpfer des
141 3094 557 3168 und zu uns geredet
566 3105 1881 3191 süßen Mädels“ als den Schnitzler der Liebelei des Reigen, des
140 3147 567 3223 ewesen — da! Und
161 3154 1880 3244 in diesem Kleinod Anatol sehen, höchst verwunderlich wären; er aber sagt mit einer
131 3215 1888 3305 emisiert, hat mit der seltsam zusammengerafften Energie: „Man muß sich zur Arbeit
143 3255 1886 3350 er in die Feder und manchmal zwingen, jeden Tag sein Pensum; wenn man einmal
557 3308 1879 3389 eine Sache hat, dann durch! Denn es ist wie bei dem Astronomen,
127 3324 577 3409 diesem Einakter zum
569 3361 1884 3441 der zu lange durchs Fernrohr schaut: das Firmament beginnt
163 3390 572 3453 gewonnen, die als
137 3425 1051 3512 Perke mitschwingt undplötzlich zu flimmern.“
627 3450 1883 3525 Und diese Arbeitsmethode al Wiena mag es auch sein, die
129 3474 591 3555 kelnde Kontrastierung
151 3501 1889 3597 engbrüstigem Inhalt den Werken Schnitzlers jenes Mühelose und Leichte, das Selbst¬
150 3545 1888 3649 sen ungeistigsten, ani= verständliche und Zwingende gibt. Die Wiener freilich sehen in
3220 4059 3293 4135 —
