3392 4352
234 268 941 346 —41
1071 234 1533 329 box 39/1
1788 125 2600 168 and wild places.“ Pippa is, as it were,
1786 160 2604 206 an earth bubble, who dances at the bidding
1794 206 2608 245 of Huhn, the artificer, even as the glass
1803 243 2598 285 bubbles dance under the hands of the
1804 283 2598 328 blower. Gersuind, the scourge (Geisel) of
1801 319 2595 367 the Emperor Charlemagne, is of witch-like
1797 361 2619 414 primeval charm. These two, with Rauten¬
1801 392 2596 441 delein, are forms of the same essential
1799 436 2611 491 impression of life that Hauptmann delights
1792 475 1998 526 to depict.
1822 507 2605 567 Though his work has been so far tinged
1800 554 2594 607 with melancholy, it is not of the Byronie
1801 589 2610 636 type. He loves his kind, and in the vears
1801 633 2606 681 of creation that remain his versatile genius
1793 671 2607 711 mnay perhaps be occupied with brighter
1799 709 2606 757 themnes, and may ultimately produce some
1797 746 2660 779 such gift of serene beauty as" The
1796 779 2642 837 Tempest. He has found able exponents
1792 825 2634 883 for his work on the stage, a proof that actors
1796 863 2626 916 at least accept him as the possessor of a
1795 938 2598 994 they may, as they say,“create. Want of
1804 971 2762 1030 space forbids more than the briefest men &□
1807 1015 2597 1057 tion of the peasant pieces,“ Fuhrmann
2069 1052 2599 1104 Rose Berndt, and the
1800 1053 2007 1106 Henschel,
1802 1072 2702 1150 popular“ Hannele,? of which an English 7.2
2704 1095 2757 1172 4
1799 1135 2597 1181 versien has been given in London, or of the
1800 1165 2777 1247 two painter-plays, Michael Kramer“ and Ko
1807 1206 2595 1259 * College Crampton.“ Suflice it that his
1805 1246 2601 1292 present high reputation is firmly founded
1789 1299 2614 1341 on achievement and not likely to be
1795 1325 2196 1374 permanently shaken.
1794 1367 2024 1424 Schnitzler.
1839 1408 2601 1459 Arthur Schnitzler, born just six months
1805 1449 2602 1498 carlier than Hauptmann, belongs to Ger¬
1810 1482 2598 1536 man literature, but is of Austrian Jewish
1806 1535 2606 1574 origin, and first caught the public ear by an
1793 1550 2611 1615 experiment of the most opposite kind from
1807 1597 2603 1654 Hauptmann’s social drama. The witty
1805 1643 2609 1685 dialogues in which“ Anatol’ figures are
1802 1679 2610 1732 known tc tho British public through the
1813 1724 2614 1768 stage and printed versions of Mr Granville
1803 1755 2608 1799 Barker. This Viennese Don Juan (if he
1805 1794 2610 1839 even deserves the comparative dignity of
1802 1828 2608 1880 such a title) struck a note which has been
1789 1866 2632 1924 constantly repeated in Schnitzler’s work.
1800 1910 2614 1955 and the merits and limitations of his pre¬
1799 1944 2605 1996 sentment are at once clearly scen. It is
1803 1990 2609 2023 not the modern way to represent man as
1805 2020 2609 2063 master of his fate, and in that respect both
1809 2058 2606 2114 our dramatists are children of the age. But.
1815 2100 2613 2153 whereas Hauptmann’s characters succumb
1799 2133 2606 2190 for the most part to oppression from wita
1801 2176 2605 2235 out, Schnitzler’s fascmating youths, for
1808 2214 2606 2267 fascinating they remain, are infected with
1803 2255 2605 2306 an incurable weakness of spirit. Anatol
1797 2279 2600 2347 may regret the entanglements of his
1799 2336 2606 2373 varions amours, but he has no senst
1801 2367 2245 2424 of sin or of duty.
2261 2366 2609 2422 In Schnitzler'
1801 2402 2269 2461 remarkabiv fine novel,
2271 2405 2603 2460 * Der Weg ins
1797 2441 2599 2485 Freie“ (1908), Georg von Wergenthin,
1807 2474 2599 2535 though deeper, is almost as irrespon
1810 2531 2598 2573 sible as Anatol. Fatalism, a delicate per¬
1811 2562 2599 2617 ception of character, and a fine sympath,
1808 2597 2603 2644 are this author's most notable qualities.
1807 2639 2606 2682 Love and death are his topies, the lover¬
1811 2675 2612 2719 being for the most part, according to the
1805 2710 2610 2753 French tradition, married persons, whose
1818 2752 2609 2796 entanglements and recouplings seem almost
1816 2789 2606 2846 incredible to a healthy taste. His latest
1817 2828 2597 2885 plav, Das weite Land,'’ might be de¬
1808 2879 2591 2925 seribed as a study in conjugal infidelitt.
1815 2899 2597 2961 But, incidentally, he touches in a back¬
1811 2955 2608 2999 ground of all sorts and conditions of men
1815 2989 2603 3034 Thus, in“ Freiwild“ (1896), whose subjeet
1810 3019 2604 3068 is the duel problem, a complete impression
1809 3068 2599 3115 is given of the oflicer class (Offizierstand.
1837 3103 2559 3149 Das Märchen!' treats various views
1797 3139 2601 3192 female honour upon a background of musice
1808 3181 2604 3230 and artistic seciety. In Der grün
1816 3216 2597 3269 Kakadu (1899), a gem in one act, th.#
1817 3252 2607 3302 most perfect fruit of Schnitzler’s genius (s¬
1817 3294 2612 3336 far), lurid rumblings of the French Revoln
1815 3332 2603 3372 tion are heard in the distance, while a fan¬
1813 3367 2607 3419 tastic group of witty personages seintillate
1817 3414 2611 3455 in the foreground. In this wonderful little
1813 3449 2614 3497 play the dream-like unreality of life, in con¬
1820 3491 2620 3535 trast to the inevitable changesthat the sum¬
1810 3526 2619 3577 mons to the unknown beyond brings to each
1807 3571 2622 3613 man, is touched with an cmphasis that is
1811 3599 2617 3652 found again and again in Schnitzler. His
1811 3631 2611 3690 melancholy is of a gentle, almost scholarly,
1818 3676 2606 3723 kind. If we pitv the creatures of Haupt¬
1818 3717 2622 3763 mann, those of Schnitzler inspire us with
1816 3752 2169 3814 poignant affection.
1852 3788 2616 3838 Therein, perhaps, lies the respective
1816 3831 2610 3877 appeal made to us by these two dramatists,
1816 3885 2650 3935 whom we, like their countrymen, may well.
1812 3904 2162 3963 delight to honour.
