3344 4352
1092 212 1539 319 box 39/1
227 248 939 341 SethBrtnday
761 1122 1101 1207 „uu0 vane Gewähr.)
286 1187 1469 1307 Ausschnitt abossische Zeitung. Berhe
670 1294 869 1375 SURRl. 1
305 1306 460 1377 vom:
531 1447 1315 1533 Berliner Stadtväter in Wien.
710 1522 1153 1595 Von Doris Wittner.
358 1581 1510 1643 Eine Anzähl Berliner Stadtväter, an ihrer Spitze der scheidende
318 1629 1511 1678 Oberbürgermeistep welen in Wien, um gastfreundlich
311 1669 1510 1711 empfangen zu werden von den Vätern der Donaustadt und mit
322 1693 1512 1754 der dortigen Kommunalverwaltung brüderlichen Handschlag zu
318 1752 1515 1791 tauschen. Viel Feste werden gefeiert in diesen Tagen. Und viele
320 1782 1511 1837 Reden werden gehalten. Das herrlichste Fest aber wird die
323 1826 1514 1872 frühlingsschwere Stadt selbst bieten, um die der Ring jetzt sein
331 1864 1519 1908 berückendes Fliederkleid schmiegt, und jede dithyrambische Bered¬
329 1890 1519 1952 samkeit wird besiegt werden von der Sprache der Verführung, die
322 1940 1071 1996 Wien selbst mit tausend Zungen kündet.
345 1981 1519 2028 Denn Wien, die Stadt mit der weiblichen Seele, ist eine Ver¬
325 2027 1521 2074 führerin. Ist es, weil sie nicht anders kann. Weil sie zart und
325 2060 1527 2132 zärtlich, süß und kokett heimlich und verschwiegen ist — wie eine
329 2110 1523 2154 echte Frau. Weil sie schmollen kann und kosen, anziehen und ab¬
325 2146 1515 2190 stoßen, hingebend und grausam sein kann — wie eine echte Frau.
325 2177 1516 2238 Man darf nicht vergessen, eben weil sie so ist, ist sie den Beethoven
325 2223 1527 2266 und Schubert, Grillparzer und Bauernfeld, Schwindt und Lanner
320 2251 1519 2305 und Strauß und all den anderen himmelhochjauchzenden, zu Tobe
334 2295 1518 2342 betrübten Künstlerseelen Mutter und — Geliebte gewesen. Um die
321 2341 1519 2379 sie gelitten und getrotzt, gehadert und gejubelt haben. Und wenn
325 2375 1524 2424 in diesen Tagen die Vertreter zweier blühenden Gemeinwesen den
329 2414 1519 2460 beiden Kaiserstädten gebührende Reverenz erweisen, so sind mitten
325 2447 1532 2494 unter ihnen die Genien all derer lebendig, die geholfen haben,
328 2484 1527 2537 Wien groß zu machen durch ihre Liebe wie durch ihren Haß. Und
330 2527 1522 2574 es ist zu hoffen und zu wünschen, daß ihres Geistes mehr als nur
330 2561 1528 2626 ein Hauch verspürt werde, daß im Gegenteil die uralte Kultur und
319 2596 1515 2658 uralte Kunst Wiens sich dem jüngeren, weitaus jüngeren nordischen
320 2640 1282 2701 Geschwister in geschwisterlicher Zuneigung verbinde.
368 2679 1519 2741 Vindobona — Castrum Vindobonense —, Hauptort und Stütz¬
330 2727 1130 2788 punkt der römischen Provinz Pannonien; -
324 2761 1520 2812 und Entwicklungsgeschichte Wiens liegen seine Entwicklungs¬
331 2818 1520 2865 möglichkeiten eingeschlossen. Denn, wohin immer der römische
319 2843 1526 2891 Kolonisator seinen gefürchteten Fuß setzte, dahin trug er Kultur
329 2895 1527 2936 und Sitte, Recht und Gesetz, Wohlleben und Ueberfluß, später
328 2933 1527 2989 allerdings auch Ueppigkeit und Verfall, Sittenlosigkeit und Fäul¬
332 2973 1519 3018 nis. Ueber die alte Römersiedlung sind sie dann dahingebraust,
329 2999 1535 3050 die verheerenden Ströme der wundersamsten und geheimnis¬
319 3034 1532 3100 tiefsten Menschheitsbewegung, der Völkerwanderung. Und jeder
323 3094 1535 3130 der halbwilden Barbarenstämme, Markomannen, Langobarden, Ost¬
330 3130 1525 3182 goten und nicht zuletzt die Söhne der völkergeißelnden, aber träg
327 3152 1527 3206 gewordenes Blut auspeitschenden Hunnen haben der bildsamen
334 3191 1537 3244 Volksseele einen Eindruck hinterlassen. Mehr als nur Eindrücke
333 3243 1535 3285 vielleicht, Vermächtnisse sogar, die tief auf dem Volksboden ruhen.
335 3268 1529 3320 Und der Volksboden ist wie der Meeresboden. Er kann unendlich
335 3313 1530 3362 lang schwere und ernste Geheimnisse, die Gefahren der Finsternis,
331 3360 1530 3401 hüten, und in einer bösen Stunde kann es ihm plötzlich einfallen,
336 3398 1533 3458 sie aufzuwirbeln und emporzuschleudern an eine erschreckte Ober¬
337 3436 481 3499 fläche.
2732 1395 3314 1448 existiert und der moralischen Ein
1571 1401 2712 1451 Romanische und germanische Rasse, — viele Forscher sprechen
2737 1435 3307 1480 reich spottet. Und am Ende wir
1537 1435 2718 1485 von starkem keltischen Einfluß — haben sich in Wien zu eigener
2744 1473 3315 1520 Wiener und Berliner Stadtparla
1548 1480 2718 1527 Art gemischt. Und gerade in diesem mixtum compositum des
2729 1512 3308 1568 erfahrungen zum besten geben 1
1545 1510 2712 1565 Wiener Blutes liegt vielleicht seine Stärke, sein Reiz und seine
2736 1547 3305 1597 und daß sie sich über ganz andere
1545 1553 2726 1613 Macht. Auch seine Fähigkeit des Gefälligen und der leichten An¬
2735 1586 3301 1636 und Tiefbauprobleme, Eingemei
1534 1597 2019 1651 passungen an fremde Art.
2737 1625 3316 1674 und Schwebebahnen, oder aber üb
1577 1617 2713 1679 Gutes Feld war gegeben in diesem Acker für jäh und üppig auf¬
2747 1667 3300 1720 verstorbenen Machthabers von
1539 1673 2711 1720 schießende Kultursaat. Und so kam es im Waffentanz der Jahr¬
2749 1692 3306 1749 wuchert, und des „neuen Her
1542 1708 2715 1759 hunderte dahin, daß, als das friederizianische Berlin gerade schüch¬
2750 1737 3303 1786 Mannes, der vielfach die erwarti
1547 1756 2721 1799 tern sein junges Haupt zu regen begann, Wien längst Heim= und
2748 1777 3307 1835 doch nämlich die Rosen in Wien
1544 1790 2715 1839 Pflegestätte verfeinerter Lebensart, vornehmer Gewohnungen war,
2740 1813 3305 1871 Nachtlokalen — besonders betör
1540 1829 2721 1883 die schönen Künste hätschelte und für den Genuß des Lebens seine
2750 1862 3305 1908 nirgeno so schmeichlerisch klinge
1540 1862 2731 1913 Satzungen von der Seine verschrieb. Und so kam es auch, daß
2750 1888 3274 1947 Volksmund singt und lacht: „
1539 1910 2720 1951 diese hochentwickelte, bis an die äußersten Grenzen der Leistungs¬
2779 1936 3281 1985 Ein österreichischer Poet he
1542 1940 2729 2007 fähigkeit getriebene Kultur vorzeitig ermüdete und nun über
2739 1967 3303 2013 Titel: „Das österreichische Antli
1537 1983 2722 2033 all den Dingen und Menschen zu schweben schien, die da unten in
2743 2010 3301 2064 Antlitz trägt die leuchtenden Z
1546 2003 2730 2069 der Hexenküche der Völkermischungen durcheinander schwirrten und
2742 2044 3310 2108 geschmähten Züge, in denen al
1539 2053 2728 2110 brodelten. „Es liegt ein Hauch über den Dingen, und r ist das
2744 2084 3289 2145 Austria sich gespiegelt haber u
1547 2091 2725 2145 Beste an ihnen“, hat Gerhart Hauptmann in den „Einsamen
2749 2116 3306 2175 spirationen und neue Schaffen
1548 2142 2723 2188 Menschen“ gesagt. Dieses Wort trifft das Wesen Wiens und des
2750 2157 3304 2210 Eiferer, Lästerer, die das Wort g
1548 2165 2732 2227 Wienertums zu inerst. Und zwar ist es der Schönheitshauch einer
2753 2203 3309 2254 sind hervorgegangen aus dieser
1549 2208 2725 2267 sterbenden Kultur, der in Der pastellgekönten blauen Wiener Luft
2750 2242 3315 2287 abgelegt wider sie. Die Küren
1542 2251 2727 2301 webt und schwebt. Man hat zuzeiten gemeint, es liege in diesem
2748 2279 3298 2338 die schneidendsten Waffen ihrer
1552 2284 2719 2348 Anhauch eines großen Sterbens schon ein wenig Verwesungs¬
2756 2315 3305 2363 der Heimat gekehrt. Und vor 1
1540 2325 2726 2388 geruch. Dem ist nicht so. Oder wenigstens nur in dem Sinne,
2747 2357 3314 2413 derner der vielgewandte Herm
1542 2358 2722 2421 daß aus jeder Verwesung neues Leben sprießt und im Vergehen
2748 2396 3307 2451 Streitschrift n Felde gezogen g
1552 2412 1967 2465 das neue Werden liegt.
2762 2436 3306 2477 Städten. Und doch — ihnen al
1577 2443 2722 2508 Die Berliner Stadtväter haben Gelegenheit, sich gerade davon
2744 2473 3318 2523 Wort und Waffe geführt; jen¬
1554 2492 2725 2539 zu überzeugen. Sie genießen den Zauber kultureller Abend¬
2743 2495 3316 2563 einen Inbegriff aller Vollkomm
1549 2523 2730 2571 dämmerung, dürfen aber das Bewußtsein mit forttragen, daß eben
2754 2545 3308 2602 ergrimmt, wenn sie sieht, daß F
1549 2563 2725 2621 dieser Abenddämmerung „neue Morgenröten“ folgen werden, „die
2758 2588 3310 2656 Angesicht entstellen wie jedes an
1539 2605 2065 2655 noch nicht geleuchtet haben“
2786 2619 3310 2667 Die Berliner Gäste können e
1583 2626 2728 2687 Sie schreiten über die Prunkstraße Europas, den Ring, durch
2759 2657 3311 2721 Ehren geschmückte österreichische
1547 2672 2724 2732 die alten verwinkelten Gassen der inneren Stadi, und der Pomp
2753 2699 3308 2744 daß, so wenig Alt=Wien nur
1547 2730 2739 2776 verschnörkelter Barockpaläste wie die grandseigneurale Pracht des
2747 2737 3308 2789 gemaltem Porzellan, Musik un
1550 2746 2728 2803 Wiener Gartenbaus wird ihnen die Residenz des Feudalstaats offen¬
2681 2791 2718 2817 —
2754 2775 3309 2824 auch im Wien des zwanzigsten I
1545 2803 2730 2841 baren, in dem bei Hof noch spanisches Zeremoniell geübt wird. Du##
2758 2821 3313 2869 fehlen, die rührig am Werke sin
1550 2820 2736 2886 aber werden sie der gewaltigen Neubauten am Franz Josephs=Kai
2752 2857 3316 2910 und reizt in ehrenden Wettbewer
1555 2863 2724 2929 gewahr, und die Wiener „Kollegen“ werden mit Fug darauf hin¬
2790 2896 3309 2943 Wenn in Wien ein großer
1558 2905 2731 2963 weisen, wieviel in der Gegenwart für die Verschönerung des Stadt¬
2753 2923 3317 2988 Zeitungen mit Trauerrand, und
1545 2942 2732 2996 bildes und die Verbesserung der Hygiene geschieht. Kunstsinnige
2758 2967 3282 3026 Graben umfloren sich. Der fi
1554 3000 2738 3034 Besucher werden durch die unerschöpflichen Schatzkammern des kunst¬
2753 3006 3320 3063 lers war für das gebildete Wi
1552 3011 2730 3080 historischen Museums streifen, worauf man sie in das Haus der
2756 3044 3318 3106 nicht zu den Eigenschaften des i
1556 3052 2736 3120 „Wiener Werkstätten“ führen und ihnen mit Stolz zeigen wird,
2753 3080 3323 3141 ein Feiertag. Mit eben dieser
1547 3096 2739 3156 welch außerordentlichen, marktbeherrschenden Aufschwung das
2752 3120 3302 3180 manischen Geschenk, empfängt
1558 3130 2726 3191 Wiener Kunstgewerbe genommen hat und wie der selbstsichere
2766 3144 3320 3206 Und zu der Verbrüderung zwe
1556 3174 2732 3229 Wiener Geschmack und die natürliche Wiener Grazie ihre Kreise weit
2768 3204 3320 3245 die Donauwellen süße Harmon
1547 3213 2737 3272 über die schwarz=gelben Grenzpfähle hinaus ziehen. Und — honny
2761 3238 3307 3287 lächelnd hinter dem Wiener!
1546 3251 2721 3314 soit qui mal y pense — manche von den Berliner Stadtvätern,
2755 3274 3320 3328 Strahlen den ehrwürdigen „S
1555 3289 2733 3353 Junggesellen und Epikuräer, werden vielleicht sogar Gelegenheit
2762 3307 3323 3361 und die Donau, die Stadt und d
1550 3323 2734 3380 nehmen, sich wissenschaftlich, will sagen aus eigener Anschauung
2743 3344 3324 3421 gefallen, weil — es in ihrer Nat
1554 3371 2712 3419 davon zu überzeugen, daß auch das Wiener Nachtleben ein Opfer
1535 3397 2776 3476 der Verleumdung ist, indem es leibhaftig und sogar sehr lebhaft1
