3392 4256
236 165 937 259 SethBirhday
1090 156 1529 250 box 39/1
2036 91 2700 183 Theater und Kunst.
2021 178 2684 234 Neues deutsches Theater.
1974 213 2719 293 Arthur-Schnitzler-Zyklus XII.
2144 269 2619 334 „Der einsame Weg.
1953 310 2753 384 Schauspiel in 5 Akten. Zum ersten Male.
1958 362 2827 429 Eine interessante Variante des Themas vom
1872 410 2825 480 unehelichen Sohne, der den nachträglich um Liebe
1871 463 2831 508 werbenden Vater abweist — ihn seinen „einsamen
1869 500 2833 558 Weg“ — daher den Titel — liebeleer weiter gehen
1849 552 2823 616 läßt. Fulda verarbeitete dieses Thema zu einem
1862 598 2828 659 Einakter „Die Zeche"; Schnitzler hat es zu
1865 659 2826 713 einem abendfüllenden Schauspiele erweitert und
1863 698 2821 759 kompliziert. Felix, der Sohn des Akademie-Direk¬
1863 744 2817 794 tors Wegrath, ist eigentlich die Frucht eines vorehe¬
1857 800 2825 854 lichen Verhältnisses der Frau Wegrath mit dem
1859 845 2817 890 Maler Julian Fichtner. Als ehelicher Sohn des
1855 894 2828 955 Akademie-Direktors liebevoll erzogen, hat er aber
1847 941 2822 1010 keine Ahnung davon. Als aber Fichtner, gelegentlich
1859 980 2822 1035 des Todes der Mutter Wegrath, sich dem Sohne
1858 1038 2813 1093 eröffnet und dessen Kindesliebe reklamiert, weist
1858 1077 2812 1143 ihn dieser entrüstet ab und schließt den Direktor
1850 1132 2812 1187 Wegrath, den Mann der ihn von Geburt an geliebt
1853 1178 2810 1221 und erzogen hat, mit den Worten „mein Vater“ in
1853 1217 2816 1294 seine Arme. Um diesen innersten Kern der Handlung
1861 1269 2810 1324 schlingt der Autor eine Menge helfender und erläu¬
1851 1314 2815 1381 ternder Episoden, wie den gewesenen Offizier Stefan
1855 1365 2802 1417 von Sala, der als Todeskandidat sich mit der
1855 1406 2816 1463 hysterischen Tochter Wegraths, Johanna, verlobt, sie
1845 1469 2804 1534 abr damit selbst in den Tod treibt. Eine sympa¬
1854 1505 2799 1577 thische Figur voll prickelnden Reizes ist die gewe¬
1857 1554 2809 1624 sene Schauspielerin Irene Herms, der der Autor in
1846 1604 2805 1683 seiner großen Szene mit Fichtner viel schöne, aber
1847 1661 2811 1727 auch manch herbe Wahrheiten über die Liebe in den
1835 1700 2799 1768 Mund legt. Der Dialog ist überhaupt — fein zise¬
1843 1751 2802 1817 liert — die überragende Stärke des Stückes. Im
1837 1801 2800 1856 Rahmen des Schnitzler-Zyklus als Première gege¬
1834 1846 2793 1899 ben, war es mit großer Sorgfalt einstudiert. Herr
1840 1895 2797 1940 Dr. Manning spielte den Direktor Wegrath mit
1834 1935 2804 1986 schlichter Wärme: Rosa Monati als dessen Frau
1838 1988 2794 2052 schloß sich ihm verständnisvoll an. Prächtig jugendfrisch
1836 2046 2790 2101 gestaltete Herr Tiller den jungen Felix Wegrath;
1834 2086 2800 2149 ebensogut gelang ihm aber auch das schmerzvoll
1832 2116 2795 2196 Peinliche in der Abwendung von Fichtner, sowie die
1835 2177 2794 2226 herzlich ausgearbeitete Schlußszene. Für den, von
1829 2229 2787 2284 seinen nie richtig eingeschätzten Empfindungen schwer
1834 2281 2791 2329 gedrückten Fichtner fand Herr Rittig einen ganz
1828 2322 2793 2384 passenden Ton müder Gelassenheit. Als Stephan
1828 2376 2797 2417 von Sala schöpfte Herr Huttig die etwas lässige
1818 2418 2783 2478 Eleganz dieses melancholisch ausklingenden Lebens¬
1824 2469 2789 2520 philosophen nicht ganz aus. Das nervöse Tempera¬
1824 2514 2780 2560 ment des Frl. Hackelberg war vortrefflich auf
1814 2566 2777 2618 die historische Ueber-Empfindlichkeit der feingezeich¬
1816 2619 2774 2674 neten Johanna eingestellt. Frl. Medelsky gab
1816 2659 2790 2716 die gewesene Schauspielerin Irene Herms; ihre
1814 2710 2783 2788 frische, lebensvolle Natürlichkeit und Munterkeit
1818 2752 2773 2803 huschte wie ein erwärmender und erfreuender Son¬
1819 2802 2770 2867 nenstrahl durch die Welt dieses ernsten, gedanken¬
1819 2848 2772 2905 tiefen Schauspiels. Wohltuend einfach und warm
1809 2877 2771 2970 war Herr Frieberg in der bescheidenen Rolle
1815 2933 2772 3009 des Arztes Dr. Reumann. Der szenischen Ausstat¬
1802 2995 2768 3043 tung war ganz besondere Sorgfalt gewidmet. Das
1806 3038 2776 3102 Zusammenspiel zog glatt vorbei, litt aber ganz
1805 3088 2767 3151 bedeutend durch eine, manche Szenen ganz ver¬
1798 3124 2759 3203 wischende Undeutlichkeit des gesprochenen Wortes.
1802 3187 2765 3261 Das sehr gut besuchte Haus nahm die Aufführung
1796 3235 2762 3281 mit respektvoller Aufmerksamkeit entgegen und be¬
1792 3274 2766 3324 reitete den Darstellern, sowie dem anwesenden
1763 3319 2546 3385 „ Autor stürmische Beifallskundgebungen.
2615 3324 2752 3379 P. R.
1773 3367 1817 3421 6
1873 3365 2778 3429 Bom Prager Konservatorium. Die Aufnahms- I.
1771 3422 2764 3483 bedingungen sieh im Inseratenteil dieses Blattes.
1796 3513 2755 3552 Die Eltern werden auf die günstige Versorgung
1802 3554 2747 3600 ihrer Kinder durch das Studium der Blas¬
1800 3587 2755 3641 in strumente aufmerksam gemacht. In der
1809 3643 2747 3700 Instrumental- auch (Bläserabteilung) und Orgel¬
1814 3698 2754 3747 schule werden Schülerinnen ebenfalls aufge¬
1810 3730 2761 3791 nommen. Die Einteilung der Gesang= und Opern¬
1811 3779 2763 3839 schule wurde auf 5 Jahrgänge und der Schauspiel¬
1817 3823 2763 3891 schule auf 3 Jahrgänge erweitert. Das jährliche
1816 3865 2772 3933 Schulgeld beträgt im nächsten Schuljahre in der Ge¬
1816 3919 2773 3984 sang- und Opernschule l. und II. Jahrgang 350 K,
1808 3967 2796 4033 III. und IV. Jahrgang 400 K, V. Jahrgang 500 K,,
1818 4014 2389 4074 in der Schauspielschule 300 K.
