3392 4352
350 263 1050 358 Soth Birthday
1211 255 1646 339 box 39/1
1957 131 2683 246 ischnitt aus: PFARE
1948 241 2052 298 n:
2071 227 2385 343 Trmng 1912
2141 326 2807 431 Fheater und Kunst.
2220 433 2732 526 SchniglerS#ils 1.—
2263 514 2686 578 „Das Märchen“.
2078 571 2934 635 Der Schnitzler=Zyklus hat gestern mit dem
1996 611 2940 675 „Märchen“ eingesetzt, das für unsere Bühne übri¬
1998 667 2946 715 gens neu ist, mit dem im „Anatol“=Jahre er¬
1994 693 2950 761 schienenen, aber von der Anatol=Stimmung so ganz
1996 754 2950 800 fernen Thesenstück. Mit einem bitteren Ernst, wie
1995 786 2945 842 man ihn spater nur noch, selten bei Schnitzler findet,
2000 828 2945 895 sicht er gegen das gesellschaftliche Vorurteil, das
2006 882 2944 933 „Märchen“, welches der Gefallenen die einstige Ver¬
1995 911 2950 973 fehlung nicht vergißt und den Weg zu späterem Glück
2000 962 2942 1015 versperrt. Ueber dem Stück waltet der Geist einer
2007 1002 2949 1063 Zeit und einer Richtung, der der ältere Schnitzler
1997 1041 2944 1102 immer fremder geworden ist, die feelischen Konflikt¬
1999 1082 2940 1149 stosse, die er später findet, liegen in ganz anderen
2002 1120 2938 1190 Regionen. Heute muten diese drei Akte wie die Ar¬
1992 1149 2944 1227 heit eines talentvollen Jünglings an, der sich mit:
2010 1204 2946 1282 altklugen Reflexionen in einen Kampf mit der Ge¬
2007 1260 2935 1310 sellschaft einläßt, die er, mit ihren Vorzügen und
1996 1291 2945 1360 Fehlern, mit ihren ernsten und heiteren Seiten im
2002 1336 2938 1406 tiefsten Herzensgrund gar nicht tadelnswert findet.
2003 1388 2936 1453 Darum vielleicht ist der Held dieses Dramas so ab¬
2003 1439 2935 1495 sonderlich geraten. Fedor Denner spricht mit Feuer
2004 1473 2957 1537 und nicht ohne Phrasen gegen, „die gewisse banale
2011 1520 2943 1569 Verachtung für das Mädchen mit dem zweifelhaften
1996 1558 2946 1623 Ruf. Noch immer, in irgend einem Winkel unseres
1997 1593 2945 1673 Verstandes kauern diese alten, sterbensmüden
2016 1638 2947 1701 Ideen .. nur ein Hauch braucht uns anzuwehen aus
2011 1682 2946 1754 dieser kindischen Welt, die wir ja alle verachten —
2006 1728 2938 1785 und schon regt es sich wieder in diesem Winkel ..
2019 1773 2942 1832 und diese alten Ideen werden wieder frech und
2019 1809 2949 1867 lebendig und jung.“ Er verwirft die Unterscheidung
2019 1859 2949 1912 von anständigen und unanständigen Frauen. „Wir
2012 1900 2948 1960 kommen mit der fertigen Schablone doch nicht aus.
2010 1941 2954 2008 Die sind für die Mittelmäßigen gut, welche die große
2016 1983 2945 2045 Eilfertigkeit des Schematisierens haben. Wir brau¬
2009 2025 2952 2093 chen die alten Vorurteile nicht mehr. Wir wollen!
2018 2061 2968 2133 nicht wie Kinder sein, die mit den Krücken ihrer
2013 2113 2964 2174 Väter spielen. Dieser selbe Mann aber, der ge¬#
2024 2160 2910 2208 radeswegs von Ibsen herzukommen scheint, i
2021 2191 2949 2260 schon im folgenden Akt der erbärmlichste Sklave des
2019 2223 2957 2298 Vorurteils, das er eben noch bekämpfte. Er gucht
2024 2283 3020 2362 das Mädchen, das sich ihm in demütigster Liebe naht,
2026 2354 2989 2424 in der brutalsten Weise und quält sie solange, bis
2038 2404 2969 2464 sie sich darauf besinnt, daß sie nicht schlechter ist als
2034 2454 2973 2506 er und mit raschem Entschluß fortgeht. Dieses
2034 2481 2969 2561 Mädchen, die Schauspielerin Fanny Theren, ist die
2030 2534 2959 2596 liebenswürdigste, lebendigste Person des Schauspiels
2039 2580 2956 2626 und der rührende Ausdruck ihrer die eigene Persön¬
2035 2624 2967 2668 lichkeit verleugnenden Liebe bildet, am Schluß des
2033 2650 2955 2700 ersten und des zweiten Aufzugs, die dichterisch stärk¬
2035 2695 2961 2756 sten Stellen des Werkes. Ein kleinbürgerliches
2026 2741 2956 2794 Milien ist, wie später in der „Liebelei“ gemütvoll
2029 2794 2961 2840 gezeichnet, schon treten Lebemänner auf, die freilich
2021 2825 2959 2885 nur zynisch und gar nicht witzig sind, ein streng¬
2031 2869 2969 2928 gesinnter Beamter wird ohne Ironie charakterisiert,
2027 2915 2961 2957 die Künstler und Halbkünstler finden einen nüchter¬
2024 2955 2546 3014 nen, zweifelnden Beurteiler.
2124 2996 2978 3060 Die Aufführung, verdienstvoll schon um des
2020 3037 2949 3088 Prinzips der Vollständigkeit willen, das in die¬
2018 3085 2958 3143 sem Zyklus angestrebt wird, stellte das Werk in
2016 3129 2956 3174 einen durchaus würdigen Rahmen. Fanny Theren
2016 3172 2961 3225 war eine Debütantin, Fräulein Dahlmann,
2005 3202 2968 3269 die für die Sentimentalität dieser leidenden Heldin
2014 3259 2959 3328 einen rührend wehmutsvollen Ausdruck fand. Ihre
2016 3302 2957 3363 besten Momente hatte Frl. Dahlmann in den Sze¬
2016 3349 2952 3412 neu, da sich Fanny dem Geliebten blindlings unter¬
2012 3388 2961 3457 wirft. Weniger stark und durch Sprödigkeit ge¬
2005 3430 2958 3492 hemmt war sie in den wenigen, wirklich heldischen
2015 3475 2957 3527 Augenblicken, die Fanny hat. Den Fedor Denner
2007 3519 2957 3567 gab Herr Tiller mit dem leisen Fanatismus
2002 3557 2963 3631 des Wahrheitssuchers, Herr Frieberg stattete
2005 3594 2950 3647 den Wandel mit zurückhaltender Korrektheit aus,
2003 3650 2948 3688 die Herren Huttig und Balder verkörperten
2013 3685 2957 3747 glaubhaft die Mischung von Bohème und Philoso¬
2001 3733 2957 3791 phie, elegant war Herr Rittig, als Gecken sehr
2005 3771 2952 3824 lustig die Herren Romanowsky und Kaden,
2008 3820 2947 3865 zu loben die Damen Monati, Niedt, Stein¬
1999 3858 2951 3920 heil. Sehr sorgfältig und geschmackvoll war die
2007 3898 2950 3953 Regie; hier hat der junge Regisseur Fritz Bondy
1989 3941 2951 4003 das beachtenswerte Probestück einer starken Bega¬
2003 3988 2951 4037 bung und tüchtigen Sachkenntnis abgelegt, Das
1998 4041 2941 4115 zahlreiche Publikum begrüßte Schnitzlers Jugend¬
2000 4078 2655 4140 drama mit achtungsvollem Beifall.
2826 4078 2905 4139 #.
