3392 4352
1128 216 1570 299 box 39/1
264 225 967 320 SothBirthdar
198 529 1296 684 initt aus: Wiener Mittheilungen Wien
278 651 613 748 OLN1912
242 744 951 788 Artur Schnitzlers so. Geburtstag. Ein
212 785 962 833 großer Teil der Presse nahm den 50. Ge¬
206 815 951 874 Iburtstag Artur Schnitzlers (15. Mai) zum
219 855 955 898 Anlaß ausführlicher Würdigungen des
210 888 952 940 Poeten, die unß zwer nicht überraschend
210 937 964 996 kamen, aber woh' in der Hoffnung be¬
214 975 948 1014 stärken dürfen,das man dieser Gepflogen¬
213 1007 959 1064 heit künftighin auch huldigen werde,
213 1048 950 1100 wenn andere Dichter, die abseits vom
220 1091 943 1141 Strom sich mit dem Bewußtsein, Rühmens¬
216 1128 955 1178 wertes geleistet zu haben, begnügen, in
252 1180 1020 1251 das sechste Dezennium ihres Lebens ein¬
262 1242 1011 1292 treten. Es gebührt gewiß jedem Dichter!
267 1292 1010 1333 der Lohn der Mitwelt. Daß man aber in
271 1326 1016 1373 unserem liehen Oetevreich engar schon
275 1350 1010 1406 Stebzigerjabilare nur mit einigen flüchtigen
260 1396 1011 1447 Zeilen in solchen Fällen abtat oder garl
270 1449 1002 1488 erst ihren Tod abwartete, um sie in
268 1483 1004 1523 Artikelnz würdigen, ist bisher für unsere
263 1503 1014 1568 Literaturverhältnisse ebenso charakteristisch
262 1535 1017 1603 gewesen wie die seichte Würdigung unserer
267 1580 1011 1634 Poeten seitens der Literaturgeschichte. Daß
272 1623 1018 1669 es genug Leute gibt, die sich bei solchen
269 1666 1016 1720 Jubiläen hervortun wollen, scheint Schnitzler
264 1699 1019 1756 geahnt zu haben: er ergriff vorher die
264 1744 1019 1790 Flucht und ließ, während er im klaren)
278 1788 1022 1829 Sonnenschein in Brioni weilte, über seinen!
280 1815 1014 1861 Schreibtisch in der Wiener Cottagevilla
272 1843 1022 1910 den Regen unzähliger Gratulationen nieder¬
278 1893 1021 1944 gehen. Z-ei seiner Stücke, seinen r Anatol#
271 1919 1018 1987 und „Das Vermächtnise wurden aufgeführt.
269 1980 1018 2019 Man griff auffallenderweise aber nur zu
272 2005 1019 2056 älteren Stücken des Dichters. Ein Band#
275 2037 1023 2103 Skizzen Masken und Wundere erschien
276 2092 1017 2133 rechtzeitig genug im Buchhandel, um beim
277 2111 1025 2200 Cburtstagsrummel gaschen „Absatz zu
264 2153 447 2242 finden. (
1662 140 2284 205 —
1838 259 2210 362 Ausschnitt aus:
2301 254 2820 377 Das Forum, Wien
1845 367 2312 445 vem: 1-J0f19t2
2244 500 2503 579 Notizen.
1942 571 2935 647 Vom Enfug des Sterbens“.) 101. Wir Men¬
1851 619 2935 689 Schen müssen uns alse, um des Glückes teil¬
1847 669 2935 732 haftig zu werden, das schiefe Denken und das
1849 727 2866 774 ewige Schielen nach dem Ted abgewöhnen.
1946 784 2931 832 102. Gegenwärtig haben wir in Oesterreich
1833 788 2931 886 einen einzigen grossen Dichter: Arthur
1839 865 2943 930 Schnitzler. Manchmal lesen wir ihn, selten
1844 914 2935 978 kaufen wirsegar seine Bücher, aber jüngst
1848 979 2947 1041 wurde er fünfzig Jahre alt, und da feierten
1849 1014 2064 1073 wir ihn.
1929 1052 2929 1134 103. Der grösste Satiriker aller Zeiten war
1746 1089 1839 1180 —
1844 1117 2933 1178 auch ein Oesterreicher: Jehann Nestroy.
1862 1164 2939 1213 Was für Geschichten machten wir mit ihm
1851 1211 2932 1269 neulich, als sich sein Todestag zum fünfzigsten
1851 1260 2149 1324 Male jährte!
1929 1317 2939 1386 104. Versteht man also, was wir unter
1850 1363 2937 1432 schiefem Denken meinen? Wir sollten den
1851 1411 2927 1483 Dichter wegen seiner Werke feiern, aber wir
1845 1481 2931 1533 müssen immer einen Gedenktag für seinen Tod
1919 1518 2937 1579 er kommt eder war schon da — haben, ehe
1839 1562 2935 1617 wir uns seiner erinnern. Und dabei müssen
1844 1617 2634 1677 wir immer runde Zahlen haben.
1930 1665 2923 1734 105. Wir sollten uns auch die Feier der
1835 1715 2927 1785 Geburtstage abgewöhnen. Was ist es auch für
1841 1767 2928 1820 eine besondere Sache, dass wir einmal ge¬
1836 1825 2931 1882 beren wurden? Was für einen Sinn hat es auch,
1843 1864 2910 1925 dass man einem ein langes Leben und Gesund¬
1839 1917 2922 1977 heit wünscht? Wobei wir doch alle wissen,
1848 1968 2926 2015 dass solch ein Wunsch eine leere Phrase be¬
1833 2008 2013 2068 deutet.
1932 2057 2922 2110 106. Langes Leben und die Gesundheit da¬
1835 2109 2930 2171 bei, das hängt nur von unserem Denken ab.
1851 2159 2922 2207 Und in unser ruhiges Denken fallen diese fata¬
1838 2206 2930 2294 len Glückwünsche, die uns sagen: Mensch, ge¬
1843 2253 2295 2314 denke des Todes!
1930 2306 2917 2374 107. Ein Mann, der von Bagdad kam, traf
1834 2366 2912 2410 unweit Damaskus ein seltsames Weib, das sei¬
1838 2415 2916 2474 nen Weg ebenfalls nach dieser Stadt zu nehmen,
1844 2462 2925 2530 schien. Der Mann erfuhr zu seinem Entsetzen,
1832 2513 2927 2561 dass es die Cholera sei, und diese sagte ihm,
1842 2562 2915 2619 dass ihr Allah befohlen habe, in Damaskus
1843 2603 2918 2655 fünfhundert Menschen zu töten. „Bin ich dar¬
1845 2658 2908 2717 unter?“ — „Nein, dich habe ich nicht zu töten.“
1846 2701 2921 2773 Da ging min der Mensch in die Stadt, bei deren
1835 2756 2920 2806 Tor er sich von der Botin Allahs trennte. Am
1831 2805 2915 2882 nächsten Morgen begann schon das grosse Ster¬
1867 2887 2940 2964 ben. Nach vier Wochen verliess der Mann
1874 2950 2948 3016 Damaskus, und als er so seines Weges schritt,
1876 2997 2947 3071 siehe da, da kam ihm die Cholera nach. „Du
1870 3041 2950 3131 hast das Gebet Allahs schön vollzegen“, sprach
1864 3095 2943 3150 er zu der Fürchterlichen, „du hättest fünfhun¬
1864 3148 2945 3209 dert Menschen töten sollen, allein es slarben weit
1870 3184 2322 3251 über Finftausend.“
2421 3194 2951 3263 „Nicht ven meiner
1871 3235 2956 3319 Hand,“ antwertete die Cholera, ich habe nur
1877 3291 2949 3367 fünthundert getôtel; die anderen starben an
1873 3331 2199 3402 der Angst.“
1976 3390 2952 3450 108. Die Baktericlegen sollten diese Mär
1867 3447 2959 3507 nie vergessen und uns stets daran erinnern, dass
1877 3493 2961 3548 die mikreskopisch kaum wahrnehmbaren Or¬
1872 3550 2955 3608 ganismen uns nur dann schaden können, wenn
1871 3595 2955 3660 wir selber geschwächt sind, und dass finsere
1875 3637 2944 3704 Schwäche wieder auf Gefühle der Furent zu¬
1872 3681 2280 3742 rückzuführen ist.
1961 3742 2953 3805 109. Natürlich müssen wir uns auch vor Tor¬
1870 3789 2949 3862 beiten bewahren. Sprinze ich mit den Worten:
1872 3848 2951 3902 „ich will leben“ vom vierten Steck auf die
1877 3900 2960 3965 Strasse, se werden meine Glieder zerschellen.
1871 3941 2947 4008 Und reiche ich einem Tuberkulesen die Hand,
1869 3992 2712 4058 #e werde ich sie mir dann waschen.
1956 4059 2953 4123 110. Wir bergen in uns die verschiedlensten
