3344 4352
1047 217 1487 318 box 39/1
182 234 891 333 Soth Birthdar
164 1187 1504 1243 Herrn Professor. Und jeder versicherte der Mutter, er werde für sein
176 1245 1507 1312 Leben gern seinen Kehlkopf mal erkranken lassen, so der Herr Arthur
178 1312 1508 1359 (er hieß jetzt Arthur, nicht, wie im sechzehnten Jahrhundert: Theo¬
174 1343 1512 1398 phrastus Bombastus) auch Laryngologe würde. Ja, die Wiener sind
180 1401 1512 1457 furchtbar nette Leute. Sei es, daß das frühere Interesse und der frühere
178 1441 1511 1488 Erfolg des Studiums der Syphilis wirksam war, sei es, weil jeder männ¬
185 1492 1520 1549 lich Normalveranlagte den verruchten Hang zum weiblichen Mittelstück
181 1531 1507 1603 hat ... jedenfalls, Herr Arthur okkupierte für seine Betätigung den
183 1590 1516 1660 Bezirk des Unterleibs. So lebte und wirkte er in den wiener Spitälern
190 1638 1512 1700 und Kliniken etliche Jahre in Gemeinschaft der optimistischen Schwind¬
187 1702 1524 1751 sucht, des freßsüchtigen Krebses und der lustigen Syphilis. Dann
189 1743 1507 1804 wechselte er: gesonnen, fortab nicht mehr medizinisch, sondern psycho¬
184 1791 1513 1841 logisch zu erforschen und zu beklopfen; gesonnen, fortab Gotteseben¬
186 1833 1521 1897 bildern seiner Zeit das Hemd von der Seele zu ziehen, um, ihre Nackt¬
191 1883 1528 1945 heit abtastend, letzte Geheimnisse zu finden. Den forschenden Arzt
192 1939 895 2001 verdrängte der seelische Rätselsucher.
266 1985 1524 2039 Doch es war ein Wechsel der Art und Weise nur, nicht ein Wechsel
183 2030 1526 2089 des Gebiets. Denn der Unierleib ist das Tabernakel der Seele. Weil
193 2084 1518 2142 der von Schiller in Aussicht gestellte Philosophenkitt noch immer dem
188 2132 1521 2178 Bau der Welt nicht zweckdient, sondern nach wie vor Weltlauf und
195 2198 1520 2241 Weltgetriebe einmal mit zwei und einmal mit drei Fingern panto¬
180 2240 1528 2295 mimisch zu versinnbildlichen ist. Laß deine Daumenspitze sich an der
190 2290 1516 2353 Zeigefingerspitze wetzen, laß deinen Daumen zwischen Zeige= und Mit¬
189 2333 1525 2387 telfinger hindurchschlupfen ... und, Zeitgenosse, du erzähltest als
197 2381 1515 2448 stummer Glossator die ganze Weltgeschichte von einst, jetzt und später.
196 2428 1525 2487 Das dreifingrige Sinnbild bleibt das größere, weil welterhaltende.
198 2483 1526 2540 Man kann sich auch des Symbols wagerechter Gedankenstriche be¬
197 2536 1523 2584 dienen. In ihnen sah der Düsseldorfer Heinrich Heine, der nun schon
197 2568 1527 2633 über fünfzig Jahre mit anderm vermaledeitem Menschenfleisch in des
188 2623 1525 2672 Teufels Bratröhre schmort, das Sinnbild bequemer Sofas, und sie
197 2675 1530 2735 schob Arthur Paracelsus als nicht zu umgehendes Möbel in seinen von
192 2719 1528 2783 Menschen getanzten Reigen hinein: zu Dirne und Soldat; zu Soldat
197 2776 1533 2829 und Stubenmädchen; zu Stubenmädchen und jungem Herrn; zu jungem
196 2822 1523 2881 Herrn und junger Frau (junger Herr versagt hier wie der Garde¬
199 2879 1523 2928 leutnant in Stendhals L'amour; wobei, was weiblich, ergriffen stoß¬
196 2926 1532 2985 seufzt: — wenn das am grünen Holz geschieht, was soll dann am dürren
205 2975 1529 3039 geschehen!); zu junger Frau und Ehemann; zu Ehemann und süßem
193 3018 1523 3091 Mädel; zu süßem Mädel und Dichter; zu Dichter und Schauspielerin;
204 3065 1522 3128 zu Schauspielerin und Graf; zu Graf und Dirne. Ringschließend durch¬
206 3116 1523 3169 braust den Reigen die Urmelodie des Lebens, jener Lusthymuus, der auch
206 3188 1536 3232 im vergeistigsten Trieb, einer Danteliebe (selbst bei ihr wäre das Sofa
207 3224 1531 3278 nur eine Frage der Zeit gewesen) anführend bleibt. Denn sich zur Lust
205 3268 1540 3326 und sich zur Qual haben die Menschen diese Urmelodie aufgelöst in
196 3314 1540 3389 Einzeltöne. Differenziertes Gefühl sondert, wählt und sucht im Kriegs¬
193 3435 323 3498 554
1614 130 2251 210 —.—
1639 1201 2984 1262 lager des andern Geschlechts . .. und die Welt ist darob voll des
1655 1245 2985 1311 Zweifels, voll der Qual, voll des Elends — zuweilen auch voll des
1655 1289 2978 1344 Glücks. Und Daseinswerte, Hoffnungen, Gläubigkeiten werden ge¬
1665 1340 2500 1396 gründet auf das Gesonderte und Gewählte.
1744 1385 2980 1443 Und Paracelsus zeigte in vielen Spielen, welche Lebenstragödien
1654 1440 2980 1485 daraus entstehen, wie aus Helden kopflose Narren werden. Distanz¬
1660 1478 2985 1541 haltend von der Konvention, verzichtend auf die tragische Geste, darum
1651 1537 2993 1585 aber nicht minder ergreifend, spiegelte er, graziös und liebenswürdig
1650 1593 2986 1632 wie ein Franzose, sentimental und skeptisch wie ein Oesterreicher, in
1659 1630 2985 1683 beinah snobistischen Spielen die Welt, die der geschlechtliche Sehnsuchts¬
1661 1683 2987 1734 hunger aus sich gebar. Und es erwies sich, wie herrlich weit wir es
1654 1734 2987 1798 gebracht in der Hinaufgipfelung eines ursprünglichen, primitiven
1660 1784 2980 1850 Triebes. Firnen der Seligkeit, Abgründe des Zweifels werden um¬
1659 1828 2987 1884 sprochen, umweint und umschluchzt . . . und dazwischen, zwischen Dichter¬
1651 1886 2979 1930 worten von Liebesnot und Liebestod, wirft ein Mann von Welt leicht¬
1659 1926 2984 1977 sinnige, ironische Bemerkungen . . . und das alles in der leisen, wei¬
1660 1983 2981 2023 chen, innigen Art der Wehmut und Müdigkeit. Aber das Grundmotiv
1652 2032 2975 2080 dieser sacht=jubelnden und oft stumm=klagenden Stimmung ist eine
1661 2077 2976 2133 Erkenntnis, tief und grausam, daß sie zum Sterben genügt: Boden¬
1655 2124 2983 2180 los, unfundamental ist das Leben; alles ist trügerisch, alles zerrinnt;
1657 2178 2987 2244 es träumt, wer zu wachen glaubt; es lügt, der wahr zu sprechen
1654 2228 2988 2295 meint; und umgekehrt; nichts steht fest, alles schwankt — außer Leben
1657 2276 2990 2322 und Tod, diesen beiden einzig gewissen Dingen. Und du, o Mensch,
1647 2320 2980 2374 der du mit deinem Gran Verstand zu lenken und zu bestimmen glaubst,
1651 2376 2981 2416 bist nichts weiter als eine an Schicksalsdrähten festgehaltene, gequälte
1648 2426 2984 2490 Menschenpuppe; immer gefrozzelt von deiner eigenen Hirnphantasie,
1654 2471 2985 2518 immer verfolgter Hase und verfolgender Hund zugleich. Betrügst dich
1652 2517 2985 2580 mit Gläubigkeit an allerlei Daseinswerte. Hältst den Schein für Sein.
1649 2569 2666 2622 Nimmst den Wahn als der Wahrheit bare Münze.
1730 2623 2979 2678 Liebe! Du glaubst an Liebe, und siehe, ich, Paracelsus, verwirre
1650 2659 2978 2709 durch irgend einen nichtssagenden, augentäuschenden Hokuspokus die
1649 2721 2982 2785 Klugheit einer der sittlichsten der Frauen, breche die Verschwiegenheit
1652 2756 2977 2819 ihrer Seele auf, und du erfährst, treugewisser, eingebildeter, aufge¬
1645 2810 2978 2862 blasener Eheherr vom Geschlecht der Mannschen Klöterjahne, daß das
1649 2859 2972 2915 Herz deiner allerchristlichsten Ehefrau nach andern brünstig ist als
1646 2917 2972 2956 nach dir. Während du sie nächtens im Arm hältst und der Parvenu¬
1646 2959 2981 3030 stolz des Glücklichen und das Protzentum des Eigenliebenden dich
1650 3014 2983 3063 glauben macht, sie könne dich nie und nimmer verlassen, schläft ihre
1654 3066 2977 3104 Sehnsucht einem andern bei, schenkt sie sich in Träumen einem andern
1642 3111 2973 3162 hin, der sie tiefer und seliger als du beglücken kann. „Wer weiß, wie
1650 3165 2983 3222 viele Fenster in der Stadt — allnächtlich offen stehn für einen, der
1641 3211 2974 3254 nicht kommt.“ Wißt, Allzusichere: „Sicherheit ist nirgends. Wir
1639 3258 2977 3312 wissen nichts von andern, nichts von uns.“ Wer darf sagen, dieser
1652 3308 2975 3362 oder jener Frau Liebe gehört mir? Wer kennt die heimlichsten Gefühle
2846 3419 2971 3490 555
