3392 4352
193 224 1489 318 Soth Birthdag box 39/1
726 1032 1329 1123 Pesti Napló, Budapest
344 1050 784 1127 Ausschnitt aus:
354 1110 1024 1216 vom, 16 Mäl 1912
685 1207 873 1273 neindene
501 1256 1376 1331 Az ötven éves Schuitzler! Ha nem esnék
351 1273 1378 1379 Schnitzler Arturtöl annyira tävol, a magyar népdalt
361 1369 1381 1421 citälnök. Azt, amelyik a cserebogärral kezdödik és
355 1429 1380 1483 amelyiknek utolsó, rezignäcióval teli sora arröl sz6l,
361 1482 1380 1536 hogy: az idö hogy eljár! Ime a fiatal, a forrongó, a
357 1536 1379 1588 küzdö, az izgékony, a rugalmas szellemü Schnitzler.
358 1590 1378 1638 az irodalmi Jung-Wien diadalmas vezére is mär öt¬
361 1648 1379 1700 ven esztendös. Alig pär éve még, hogy Pesten az
362 1696 1371 1751 emberek a nevét tanulni kezdték és mär is öregedik.
362 1753 1377 1808 Az a folyton dolgozó, szäz ötletet egyszerre cikkázó
368 1803 1360 1864 agyvelö, az a folyton vibrälé, száz érzésben egy¬
371 1862 1368 1920 szerre megremegö sziv, amelyböl a Liebelei, a Rei¬
362 1916 1375 1971 gen, a Görög täncosnö, a Sterben, a Bertha Garlan,
365 1966 1380 2032 a Der Weg ins Freie és annyi sok mäs szép, bölcs,
354 2023 1372 2075 nemes és fiatal dolog fakadt, mär ötven éves. Es ha
364 2072 1376 2146 mär Schnitzler sem fiatal, ki legyen az? Mär mi sem
363 2145 1381 2197 vagyunk azok, mert Schnitzler sem ifju többé. Hiszen
369 2192 1373 2254 mi adja szämunkra a Schnitzler munkäinak intim
366 2249 1376 2304 bäjät? Hogy a novelläiban, a regényeiben, a darab¬
355 2301 1380 2362 jaiban talälkozunk a fiatalsägunk ruha, butor, kép,
366 2352 1375 2416 épitészeti divatiäval. Räismerünk a keringökre. ame¬
362 2404 1379 2471 lyeket elöször täncoltunk és a hölgyekre, akikbe
359 2462 1373 2528 életünk ez elsö keringöin szerelmesek voltunk. Szö¬
358 2520 1380 2574 val a fialatalsägunk, a mi fiatalsägunk — cz volt
364 2571 1366 2624 Schnitzler. Es ezért van, hogy az ö ötven éves kora
357 2637 1366 2692 sulyosabban suit le ránk a Strindberg halälándl és
356 2699 1363 2741 sok mäs minden lätszölag jelentékenyebh, söt tra¬
361 2751 1376 2802 gikusabb eseménynél is. Mert mi az, ami szämunkra
360 2800 1379 2868 jelentékenyebb, vagy tragikusabb lehetne, mint az,
357 2856 1376 2912 hogy a fiatalsägunk betelt, a széniekete hajunk
362 2907 1362 2972 ezüstre kopott, az urfi frakkunk divatjät multa.
361 2955 1364 3015 Schnitzler öregedett és vele mi is. Most nem az 5
355 3011 1372 3065 kétségbevonhatatlanul nagy frodalmi ertékéröl van
356 3074 1379 3131 826. Nekünk Schnitzler akkor is dräga volna, ha
352 3124 1379 3201 mint erték nem az volna, aki. Schnitzler számunkra
359 3179 1369 3237 az eisö szerelmet jelentette. Es milyen csufosan
356 3231 1375 3294 lettünk öregek, ha mär az elsö szerelmünk is —
349 3289 767 3364 ötven esztendös.
1817 2122 2788 2242 1n Breslauer Morgen Zeitung,
1692 2191 1828 2250 vom:
1640 2212 2319 2290 enschosene  ic Aüfmerrfast.
1706 2267 2966 2376 Ein „Schnitzler=Medaillon“ veröffentlicht Georg Brandes in der
1629 2274 2929 2381 Nummer der onetreichischen Zeitschrift Der Merker. Der dänische
1630 2361 2921 2413 Kritiker schreibt über den Dichter: Als Arzt gewohnt, das Kranke
1636 2393 2924 2469 zu behandeln und mit dem Ge#anken an den Tod vertraut, hat er
1629 2437 2928 2482 wiel von der Gesichtsweite des Arztes in seinem psychologischen
1632 2471 2912 2547 Blick, auch etwas von der Unempfindlichkeit des Arztes in seiner
1634 2524 2926 2585 truhigen Haltung. Als Weltmann von der Ironie des Lebens
1631 2549 2916 2634 durchdrungen, beobachtet er mit überraschender Schärfe, ist witzig
1623 2604 2917 2643 zwie kein anderer in der Wiedergabe beobachteter Komik (Anatol,
1620 2644 2915 2719 [Gustl, Reigen). Als Dichter vermag er den ganzen Zauber und
1625 2662 2908 2752 die ganze Grausamkeit der Existenz darzustellen, den Zauber, der
1618 2718 2907 2778 uns entzückt, die Grausamkeit, die uns vernichtet, all das, was ein¬
1629 2751 2918 2833 mal doktrinär das Schöne und das Tragische hieß. Er sagt: Daß
1627 2782 2900 2859 die Frauen so lieblich sind und die Kunst so herrlich ist, macht das
1625 2828 2916 2880 Leben reich. Daß jegliches Glück so teuer erkauft und so flüchtig
1622 2863 2909 2938 ist, macht das Leben schwer. Daß uns das Unglück immer droht,
1622 2895 2934 2992 und daß der Tod so nahe ist, macht das Leben unsicher, unheimlich.
1623 2941 1873 2991 und kostbar.
