3248 4352
1781 112 2272 233 ——
1088 227 1550 331 box 39/1
232 233 948 340 5oth Birthdar
2133 869 2242 927 297
1020 851 1846 922 Alexander v. Weilen, Arthur Schnitzler.
582 994 2284 1077 zu achten, meldet sich hier zum Worte und Schnitzler selbst klagt für diese Un¬
584 1082 2282 1136 einheitlichkeit seines Fühlens, die ihn in seiner Jugend zur falschen Dramatik
592 1148 2279 1205 gleicher Berechtigungen geführt hat, seine Abkunft vom Judentum an. Aber
590 1201 2275 1267 die eigentliche Ursache ruht meines Erachtens in einem Mangel an Tem¬
586 1247 2279 1320 perament, das in ihm wohl aufflammen, aber nicht ruhig fortlodern kann.
597 1319 2284 1376 Selbst rasch ernüchtert wirkt er auch oft ernüchternd auf den Leser, der den
592 1370 2289 1424 plötzlichen Abfall wohl fühlt. So hat er auch sein Höchstes bis heute in
588 1411 2284 1477 kleinen novellistischen Skizzen, und auf der Szene mit einem virtuos dahin¬
592 1473 2292 1542 jagenden Momentbilde, dem „Grünen Kakadu“ gegeben, während alle größeren
583 1548 2293 1606 Arbeiten, selbst die „Liebelei“ im letzten Teile, ein Nachlassen der Kraft, ein
591 1607 2289 1666 Versagen der Phantasie verraten, die er geleg lich durch theatralische Ex¬
596 1659 2287 1726 plosionen, wie sie seinem innersten Wesen widersprechen, vergebens decken will.
693 1707 2293 1776 Dieses Jagen seiner Helden von Abenteuer zu Abenteuer ist bedingt durch
589 1771 2293 1835 ihr rasches Vergessen. Wie der schuldig gewordene Wergenthin sein Haupt in
599 1825 2292 1891 Annas Schoß birgt, ist ihm dieser Augenblick, den er gerade durchlebt, schon
590 1916 2292 1959 Vergangenheit. „Gegenwart? Was heißt das eigentlich?“ fragt Schnitzler.
599 1951 2288 2022 „Ist das Wort, das eben verklang, nicht schon Erinnerung?“ So wird in
602 2018 2291 2080 seinem Drama, noch mehr als bei Ibsen, die Vorgeschichte oft die eigentliche
601 2060 2288 2137 Handlung seines Schauspiels, der „Einsame Weg“ ist nichts als das Trauer¬
592 2117 2290 2190 spiel des Erinnerns und Johannas Wort, es sei die Bestimmung mancher
605 2174 2298 2250 Menschen, einander nichts zu bedeuten als Erinnerung, der Grundgedanke des
594 2233 2296 2308 ganzen Werkes. Aus dieser Vergegenwärtigung des Vergangenen entsprießt
600 2307 2293 2370 Schnitzlers Kunst, historische Bilder von seltener Kraft der Anschaulichkeit zu
596 2361 2293 2432 geben und Renaissance, französische Revolution, Alt=Wien in vollster Ver¬
602 2420 1429 2497 lebendigung auf die Szene zu stellen.
698 2476 2298 2546 In diesen inneren Stürmen bietet sich für Schnitzler ein Halt in dem
599 2524 2297 2591 Glauben an ein Schicksal. Je älter er wird, desto fester klammert er sich an
603 2585 2292 2657 die ihm zur Religion gewordene Überzeugung, es gebe keine Wahl und keinen
599 2639 2295 2713 Widerstand: der „Frau mit dem Dolche“ die dem Begehren des Jünglings
600 2703 2297 2769 widerstrebt, macht eine Vision klar, daß sie ihrer Bestimmung, in seinen Armen
602 2766 2304 2841 zu liegen, nicht entfliehen könne, für Georg Wergenthin ist sein ganzes Schicksal
597 2814 2293 2883 wie das Annas, ja auch der Tod des Kindes im Augenblicke, wo sie sich be¬
602 2884 2298 2955 gegneten, entschieden gewesen und er trennt sich von ihr mit dem Bewußtsein:
611 2932 2309 3019 „Was uns beiden gemeinsam bestimmt war, haben wir durchlebt.“ Und in einer
601 2991 2301 3071 seiner letzten Dichtungen steigt ein Jüngling, warnender Stimme zum Trotze,
603 3047 2301 3130 auf freie Bergeshöhe, was ihm die Gottheit prophezeite, er hat es gegen seinen
607 3107 2297 3183 Willen begangen, er beugt sich endlich der Macht, welche die Abergläubischen
599 3207 2305 3241 Bestimmung, die Toren Zufall, die Frommen Gott nennen, die aber den
610 3228 2302 3299 Weisen die ewig wirkende Kraft ist. Vergebens fragt er vor seinem Unter¬
610 3286 2312 3370 gange: Wenn alles so kommen mußte, wie es kam, warum ward ich gewarnt,
598 3342 2309 3407 warum? Ein Hohnlachen antwortet dem Stürzenden. Diese höhere Macht
607 3400 2313 3486 regiert über uns. Nicht der einzelne Mensch ist des anderen Schicksal. „Er ist
602 3472 2312 3537 nur das Mittel, dessen sich das Schicksal bedient.“ Und wir tanzen nur wie
611 3513 2310 3602 Puppen an den Fäden, die uns lenken, selbst die Geschöpfe der Phantasie,
606 3576 2308 3657 die ein Marionettenspiel vorführt, durchschneidet ein unbekannter Mäch¬
