3344 4384
1080 242 1523 340 box 39/1
211 251 945 363 SethBirthdar
1690 802 1920 866 Shnstiania
1175 826 1915 897 Londen, Maulia, Mailand, Minheapolis,
914 874 1912 966 Vork, Paris, Rom, San Francisco, Stockholm, St. Peterse
1214 928 1519 989 burg, Toronté.
923 973 2005 1061 Börsen  HOudlenam greieenteehen Duchhandel
821 1032 1600 1128 Ausschnitt aus: Leipzig
812 1110 1450 1197 vom:15 JUN ISiZ
1581 1161 1847 1258 BA
834 1191 877 1273 1
1131 1246 1600 1324 „Wiener Briefe
1322 1320 1425 1381 III.
1203 1368 1565 1443 (II siehe Nr. 69.)
760 1433 2030 1499 Arthur Echnitzlers fünfzigster Geburtstag. — Die Schulbücher=|c
768 1481 2035 1544 verlagsfirma F. Tempsky in Wien. — Die Schmutzliteratur ins
759 1529 1991 1575 demk. k. Tabaktrafiken. — Prozeß Carl Wilhelm Stern. — Das
919 1574 1852 1630 Jubiläum des Wiener Volksbildungs=Vereins.
843 1601 2001 1695 Die Dichter, die man die jungene nennt, kommen nun
759 1675 2012 1740 auch zu Jahren und feiern Jubiläen. Das laufende Jahr
759 1729 2010 1787 bringt den fünfzigsten Geburtstag Gerhart Hauptmanns, der
765 1784 1996 1836 für das Deutsche Reich, und Arthur Schnintens, der
766 1822 1992 1892 für Österreich=Ungarn repräsentalid ist. Am 15. Mai feierte
773 1860 2004 1942 Wien den fünfzigsten Geburtstag seines Lieblingspocten in
762 1940 1996 1988 jener Weise, in der man einem lebendig wirkenden Dichter ge¬
759 1978 2000 2017 recht wird, nicht durch Glückwunschadressen und Deputationen,
734 2011 2002 2088 die den in Brioni Weilenden nicht angetroffen hätten, sondern
759 2069 1996 2137 durch öffentliche Vorlesungen einiger Novellen und Szenen,
749 2123 1995 2167 namentlich aber durch Aufführungen seiner beliebtesten Dramen
751 2174 1985 2215 auf drei Bühnen: im Hofburgtheater wurde Der junge Me¬
764 2226 1983 2269 darduss und „Das weite Lands, im Volkstheater „Die Liebe¬
760 2269 1998 2323 leie und „Der grüne Kakadus, und im Josefstädtertheater
761 2325 1992 2374 „Das Vermächtniss aufgeführt. Kaum eine Zeitung gab es,
757 2370 2003 2415 die sich in diesen Tagen nicht bemüht hätte, in ausführlichen
762 2423 2003 2468 Artikeln Schnitzlers literarisches Charakterbild festzustellen
756 2477 2006 2535 und seiner Bedeutung gerecht zu werden. — Arthur Schnitzler
755 2518 2003 2586 studierte, välerlichem Wunsche nachgebend, Medizin — gleich
759 2558 1990 2624 seinem nicht minder berühmten, wenn auch wesentlich anders
754 2596 1994 2675 gearteten Dichterkollegen Schönherr — und übte nach erlangter
761 2651 2012 2723 Doktorwürde eine Zeitlang die ärztliche Praxis aus, bis er,#
751 2705 2003 2779 einer inneren Forderung folgend, sich ganz der Dichtkunst zu¬
757 2767 2004 2824 wandte. Die Bücherkataloge kennen ihn auch als medizinischens
761 2811 1990 2870 Schriftsteller: 1889 ist verzeichnet: Schnitzler, Dr. Arthur,
753 2862 2000 2906 Assistent, über functionelle Aphonie und deren Behandlung
760 2903 2015 2964 durch Hypnose und Suggestion (wobei zu erwähnen ist, daß
750 2953 2023 3012 das Thema Hypnose auch den Dichter Schnitzler in einem Akten
760 3002 2019 3081 seines Anatolzyklus beschäftigte); ferner im Jahre 1895:
762 3069 1982 3119 Schnitzler, 1r. Julius, Klinischer Atlas der Laryngologie, her¬
756 3087 1997 3182 ausgegeben unter Mitwirkung von Dr. M. Hajek und Dr. A.
753 3143 1566 3217 Schnitzler. Dieses A. bedeutet Arthur.
850 3181 2004 3266 Buchhäuslerisch soll noch bemerkt werden, daß Schnitzlers
754 3235 1995 3309 umfangreichstes Drama =Der junge Medarduss sich teilweise
757 3290 1994 3360 in einem Buchladen abspielt. Der Held des Stückes, Medardus
762 3351 1997 3411 Klähr, ist ein Wiener Buchhändlerssohn, der das Geschäft
762 3390 1999 3466 seines während der ersten französischen Belagerung von
750 3448 2000 3511 Wien gestorbenen Vaters verläßt, um als wehrhafter junger
749 3497 2005 3554 Mann seiner patriotischen Pflicht zu entsprechen. Franziska
750 3552 2003 3618 Klähr, die Buchhändlerswittwe, ihr Sohn Medardus, Etzelt,
753 3597 1986 3652 der Geschäftsführer der Buchhandlung — sie alle legen Mut,
758 3642 2006 3696 geraden Sinn Entschlossenheit, Aufopferungsfähigkeit an den
749 3691 1995 3753 Tag, und liefern somit dem historischen Drama die sym¬
758 3740 1196 3822 pathischsten Tiguren.
1707 3774 1905 3826 —
