3392 4320
221 151 1058 246 1. SothBirthdar
1205 139 1662 220 box 39/1
1018 1013 1409 1100 Aussennitt aus:
1505 1060 2153 1175 Trautenauer Mochenblatt
1228 1097 1516 1190 E S. 191:
1008 1123 1155 1183 vom:
1117 1227 2135 1290 Artur Schnitzlev.] der berühmte österreichische Dichter,
952 1252 1246 1314 vollendet a#
1470 1260 2131 1333 Lebensfahr. Diese Nachricht wird
943 1322 2129 1379 „vielen Leuten merkwürdig kömmen, denn man ist gewöhnt, den
959 1347 2107 1397 Dichter der „Liebelei nuch immer zu den Jungen zu zählen. —
967 1382 2141 1450 Schnitzler ist ein geboroner Wiener, der Sohn eines berühmten
958 1422 2125 1487 Arztes. Er selbst studierteebenfalls Medizin und war einige
948 1454 2142 1500 Jahre lang praktischer Arst. Aber schon im Jahre 1893 machten
947 1503 2130 1576 den Dreißigjährigen die geistvollen, dramatischen Szenen des
956 1551 2119 1597 „Anatol“=Zyklus berühmt. Es folgte seine Erzählung „Sterben,
951 1575 2129 1632 das köstliche Drama „Liebelei“, das über alle deutschen Bühnen
941 1621 2136 1678 gegangen ist und eine Anzahl anderer erzählender und dramatischer
1441 1962 1539 2040 4
1521 1990 1661 2083 20
1558 2091 1641 2172 2
1229 2354 1334 2416 —
1759 2562 1835 2610 —
1324 2644 1719 2714 Artur Schnitzler,
1215 2693 1845 2752 berühmter österreichischer Dichter.
1066 2737 1980 2812 Zur Vollendung seines 50. Lebens¬
1410 2778 1624 2840 jahres.
926 2843 2111 2914 Werke, die alle den Charm des Wienertums mit gedanklicher
920 2881 2111 2934 Tiefe und svielerischem Geist vereinigen. Besonderes Aufsehen
918 2923 2106 2984 erregten die freien Dialoge des „Reigens“ (1900) und die Novelle
918 2966 2111 3015 „Leutnant Gustl“, die dem Dichter sein Portepee als Militärarzt
947 2999 2108 3065 der Reserve kostete. Nach dieser Zeit setzte eine neue Periode in
944 3032 2103 3100 Schnitzlers Schaffen ein: seine neueren Werke, so die Schauspiele
919 3089 2115 3143 „Der Ruf des Lebens“, „Das weite Land , „Der junge Medardus,
920 3112 2112 3170 der Roman „Dex Weg ins Freie“ sind von einem tiefen Ernst
919 3142 2101 3209 beherrscht. Artur Schnitzler ist trotz der Erfolge Schönherrs ohne
915 3191 2106 3240 Zweifel der erste lebende Dramatiker Oesterreichs und einer der
923 3235 1828 3290 größten deutschen Dichter unserer Generation.
