3344 4256
1079 231 1516 321 box 39/1
219 243 928 355 SothBirthdar
777 453 926 501 achlienpngt
634 442 1589 582 Tagesoote aus Mähren und Schlesint
395 493 1198 622 Ausschnitt aus: 1
416 609 584 665 vom:
622 586 1534 706 25. MAl BAbendblatt ) —
422 805 1508 914 Ein fünfzigster Geburts= und ein
601 901 1345 997 fünfzigster Todestag.
367 978 1563 1045 ((Artur=Schnitzler=Feiern im Burg=, Volks= und Josefstädter Thea¬
357 1039 1562 1081 ter, Schnitzter=Lesenbende, sein neues Novellenbuch „Masken und
367 1078 1559 1136 Wunder“ und die Biographie Julius Kapps. — Die Nestroy=Feier
444 1134 1502 1183 des Deutschen Volkstheaters und die von Karl Kraus.)
578 1184 1394 1245 Wiener Brief von Wilhelm v. Wymetal.
437 1234 1572 1290 Der fünfzigste Geburtstag Artur Schnitzlers, der
370 1303 1567 1352 am 15. Mai gefeiert wurde, ist von den Wiener Theatern
366 1355 1563 1402 nicht so begangen worden, wie man es erwartet hätte,
355 1402 1561 1448 wie es angekündigt war und wie es dieser representative
356 1450 1569 1496 man unter den lebenden Dichtern Österreichs verdient
357 1490 1560 1555 hätte. Die Wiener Bühnen haben sich damit begnügt, ein
365 1538 1574 1602 Schnitzlersches Stück, das sie im Spielplan ganz oder halb
359 1589 1574 1648 „stehen“ hatten, am Festtag anzusetzen. So spielte das
373 1639 1562 1699 Burgtheater die Tragikomödie „Das weite Land“, des
371 1690 1571 1746 Autors letzte dramatische Arbeit und zugleich eines der
370 1734 1572 1800 erfolgreichsten Dramen des laufenden Burgtheaterjahres,
369 1791 1561 1841 und, um ein übrigens zu tun, gab man einige Tage vor
355 1836 1567 1888 dem 15. die dramatische Historie vom „Jungen Me¬
360 1892 1560 1942 dardus“, eine Vorstellung, die leider von ihrem anfäng¬
354 1936 1573 1991 lichen Glanz schon recht viel eingebüßt hat und beweist,
366 1985 1581 2033 daß Baron Berger nicht, wie der von ihm unterschätzte
370 2041 1572 2089 Laube, auch den abgespielten Werken die erforderliche Auf¬
365 2092 1563 2149 merksamkeit widmet. Für das Burgtheater hätte es übri¬
359 2156 1582 2197 gens nur eine Schnitzlerfeier geben dürfen, die Auffüh¬
372 2177 1575 2235 rung des einzigen in Wien noch nicht zum Bühnenleben
356 2239 1576 2287 gelangten Dramas des Dichters, der aus dem Jahre 1900
374 2278 1579 2337 stammenden Renaissancetragödie „Der Schleier der
370 2331 1572 2383 Beatrice" Die farbenglühende Vers= und Kostüm¬
360 2378 1574 2436 tragodie verlangt nach dem Burgtheater; sie war dort auch
364 2441 1574 2490 von Schlenther seinerzeit zur Aufführung angenommen,
367 2471 1569 2528 und die häßliche Weise, in der sich der vorige Burgtheater¬
375 2540 1582 2584 leiter dieser Verpflichtung entledigte, hätte für den jetzgen
376 2592 1581 2638 Direktor ein Ansporn sein können, diese alte Schuld abzu¬
369 2614 1578 2681 tragen. Hätte sein können! War es aber nicht! Obwohl
378 2674 1580 2729 Schnitzler nach seinen Erfahrungen, die er bei den Proben
370 2723 1571 2787 des Dramas in Deutschland gesammelt hat, gewiß das
386 2765 1589 2828 Übermaß der Reflexionen und die überfülle der Vers¬
375 2815 1580 2878 sprache so gekürzt hat, daß die Tragödie nicht mehr den
369 2877 1574 2929 Rahmen eines Theaterabends sprengt und auch von dem
371 2910 1581 2980 gewöhnlichen Publikum gut aufgenommen werden würde.
377 2964 1577 3027 Denn die Neigung, deren sich Schnitzler heute erfreut, ist
379 3017 1587 3086 so groß und allgemein, daß die anderen älteren Werke
366 3071 1574 3125 des Dichters, die einst bei ihrer Uraufführung harte Kämpfe
379 3110 1584 3175 zu bestehen hatten, wie „Märchen“, „Freiwild“, „Der ein¬
385 3168 1576 3230 same Weg“ und „Der Ruf des Lebens“, allesamt durch
374 3219 1574 3285 Aufführungen der jüngsten Zeit rehabilitiert wurden; bloß
380 3280 1577 3323 „Der Schleier der Beatrice“ harrt noch seines Erweckers,
386 3312 1581 3365 der nicht ausbleiben wird und für den ietzt eine schöne Ge¬
380 3369 1017 3433 legenheit verpaßt wurde ...
459 3400 1578 3483 Die zwei Wiener Privattheater, die sich Schnitzlers
384 3474 1589 3523 erinnerten, das Deutsche Volkstheater und das Josefstädter
376 3511 1587 3575 Theater, boten Werke, die einstmals, als des Dichters Novi¬
389 3555 1577 3621 täten noch regelmäßig zuerst im Burgtheater erschienen,
389 3605 1577 3670 Glanzvorstellungen der Burg waren: die „Liebelei“,
391 3658 1574 3720 den „Grünen Kakadu“ und „Das Vermächtnis“.
380 3707 1587 3781 Für die „Liebelei“ hat das Volkstheater zwei vollkommene
392 3762 1585 3820 Interpreten: das schnippische Fräulein Waldow als
397 3824 1589 3869 Mizzi Schlager und Kutschera als Vater Weiring, der
393 3856 1582 3922 in dieser Rolle einen Vergleich mit Sonnenthal nicht zu
393 3906 1589 3972 scheuen braucht; dagegen kann sich Fräulein Ehren, die
389 3973 1586 4024 neueste Christine, mit ihrer schmerzlich vermißten Vor¬
395 4013 1591 4067 gängerin Berta Hannemann nicht messen, noch nicht
397 4054 1597 4122 messen. Weniger als die bürgerliche Wiener Liebesgeschichte
406 4103 1599 4155 liegt dem Volkstheaterensemble nach seiner aegenwärtigen
2027 635 2329 730 —— —
1573 787 2764 850 Menschen der guten Gesellschaft gegenüberstellt. Neben ihr
1586 836 2760 898 zeichnet Lessen scharf den Hauptgegenspieler, den Moral¬
1590 887 2755 946 fatzke, der nicht ruht noch rastet, bis er die unglückliche
1588 937 2757 995 illegitime Witwe aus dem Elternhaus des jäh verstorbenen
1584 983 2761 1040 Geliebten, wo sie eine Zuflucht gefunden zu haben hoffte,
1576 1046 2756 1092 wieder hinausgebissen hat, und Maran gibt dem pfeudo¬
1588 1092 2767 1152 liberalen, selbstgefälligen Schwätzer Professor Losatti deut¬
1589 1143 2773 1195 liche Umrisse. Es ist üblich, „Märchen“, „Freiwild“ und
1581 1192 2775 1242 „Vermächtnis“ als mißratene „Tendenzdramen“ einer
1581 1237 2760 1291 übergangszeit Schnitzlers von oben herab zu behandeln.
1587 1278 2766 1339 Ich bin nicht dieser sehr verbreiteten Meinung, sondern
1584 1330 2767 1395 halte das „Vermächtnis“ nicht nur für eines der gelun¬
1587 1375 2766 1444 gensten Dramen des Dichters, sondern überhaupt für ein
1582 1429 2766 1482 deutsches Schauspiel, das ob seiner reinen Menschlichkeit
1592 1474 2771 1536 dauern wird . . . Die Hofoper hat sich die Gelegenheit zu
1583 1539 2770 1589 einem ganz originellen Schnitzler=Abend entgehen lassen.
1594 1580 2777 1636 Daß der gewiegte Geschäftsmann Gregor nicht auf die
1589 1637 2770 1682 Idee kam, dem Ehrentag Schnitzlers und dem liebevollen
1587 1682 2767 1735 Anteil Wiens an diesem Tag — es dürfte wenige aner¬
1587 1730 2772 1781 kannte österreichische Poeten geben, die so wenig Feinde
1590 1793 2767 1833 und Neider haben, wie Schnitzler! — Rechnung zu tragen,
1579 1817 2769 1875 wundert einen eigentlich, Gregor hätte für eine Schnitzler¬
1593 1870 2774 1933 Feier zwei just den Abend füllende Musikwerke nach Texten
1585 1925 2777 1988 unseres Dichters zur Verfügung gehabt: Ernst v. Dohna¬
1581 1967 2769 2028 nyis Pantomime „Der Schleierder Pierrette“ und
1579 2015 2770 2069 Oskar Strausens „Tapferen Kassian“. „Der Schleier
1585 2078 2776 2133 der Pierrette“ ist seinerzeit nur der unglückseligen Zu¬
1600 2122 2779 2186 sammenspannung mit einem Gastspiel Carusos zum Opfer
1592 2165 2769 2233 gefallen. Seither ruht die wertvolle Ausstattung ungenutzt
1599 2221 2779 2275 im Magazin. Daß die Pantomime lebensfähig ist, hat
1591 2263 2779 2319 vor kurzem eine zu wohltätigem Zweck veranstaltete ein¬
1587 2311 2777 2375 malige Aufführung in der Urania gezeigt, die Dohnanyi
1594 2353 2779 2421 selbst mit lebendigem Feuer dirigierte. Das Tonkünstler¬
1590 2410 2784 2463 orchester folgte ihm auf den leisesten Wink. Auf der Bühne
1597 2470 2774 2522 agierte Elsa Galafres die Pierrette, Ferdinand Onno
1590 2515 2783 2572 den Pierrot, beide im Schauspielerischen prägnanter, im
1591 2567 2776 2620 Tänzerischen schwächer als die Darsteller der Hofoper.
1593 2608 2779 2662 Die völlige Nichteignung der winzigen, aller technischen
1592 2656 2783 2711 Behelfe entbehrenden Bühne der Urania für so prunkvoll
1591 2706 2790 2774 gedachte Bilder, wie das des Hochzeitsfestes im Altwiener,
1600 2760 2786 2821 Hause, erweckte eine fast brennende Sehnsucht, das eigen¬
1604 2816 2785 2868 artige Opus noch einmal in der großen Oper zu genießen.
1596 2854 2798 2905 Den „Tapferen Kassian“ aber hat die Hofoper (ihr Or¬
1606 2898 2797 2981 chester, ihr Dirigent Schalk, ihr Oberregisseur Wymetal,
1594 2955 2791 3019 dann Hofbauer, Maikl und Fräulein Francillo=Kaufmann)
1598 3003 2791 3057 vor wenigen Wochen für zwei Concordia-Matineen fix
1603 3056 2815 3113 und fertig einstudiert. Gregor tat zweifellos recht daran,
1604 3105 2798 3163 einem Oskar Straus daraufhin gleichwohl nicht sofort die
1604 3149 2793 3210 Pforten der Hofoper zu öffnen. Aber bei einer Schnitzler¬
1597 3198 2797 3269 Feier hätte man ihm das nicht nur verziehen, sondern so¬
1594 3232 2791 3321 gar gedankt, er hätte dem Dichter, den zwei Komponisten,
1603 3298 2792 3375 der Presse und dem Publikum Freude bereitet und sich
1595 3366 2797 3413 wahrscheinlich noch dazu ein gutes Geschäft verschafft ...
1604 3393 2804 3447 Auch durch Leseabende ist Schnitzler — nicht eben sonder¬
1600 3446 2792 3495 lich glücklich — gefeiert worden; einen veranstaltete die auf¬
1597 3497 2795 3545 strebende Zeitschrift „Der Merker“ unter Mitwirkung
1599 3544 2795 3609 Saltens, Korffs sowie der Damen Galafrés und Marberg,
1606 3594 2798 3645 einen zweiten gab der Akademische Verband für
1611 3643 2784 3708 Literatur und Musik seinen Mitgliedern und Freun¬
1611 3691 2787 3763 den, denen Onno den „Schleier der Beatrice“ vorlas. Beim
1601 3740 2786 3800 ersteren Abend war die Auswahl der vorgetragenen No¬
1602 3784 2791 3850 vellen — warum wurde nicht die wirksame Skizze „Die
1605 3840 2790 3897 Toten schweigen; gelesen? — unglücklich, an letzterem Abend
1604 3889 2799 3960 jedoch zeigte sich wieder einmal, wie schwer und gefährlich
1614 3944 2806 4000 es für einen Schauspieler ist, auch wenn ihm Intelligenz
1605 3988 2793 4064 und Begabung eignen, ein fünfaktiges, personenreiches
1603 4044 2204 4104 Drama plastisch vorzutragen.
2437 4096 2588 4149 einon
2242 4104 2419 4152 hat — 1n
1687 4107 2233 4153 Dje schänfte Schnitzlorfoior
2775 766 3301 856 Träumerei „Das Tagebug
2784 831 3296 898 der „Süddeutschen Mon¬
2779 884 3272 947 dreifache Warnung“ im
2775 934 3292 996 lesen; auch die kleine Bos
2783 978 3292 1034 und die Novelette „Der
2776 1029 3279 1095 gelesen zu haben. In fi
2788 1085 3296 1152 am Schlusse der Tod, und
2793 1125 3301 1189 flöte“, ist das Ende ein¬
2790 1172 3296 1230 Versinken, das dem Tode
2777 1221 3287 1284 daß das Problem des
2785 1274 3269 1334 Todes, die Schnitzlern
2781 1328 3278 1390 menden Jahren immer st
2784 1369 3277 1435 Dabei werden ihm Stil
2789 1417 3291 1487 tender, durchsichtiger, sch
2783 1468 3279 1538 gut gemeint war wohl
2786 1511 3281 1582 Dr. Julius Kapp (ei
2789 1561 3285 1633 zu Leipzig, 1912). Es i
2793 1610 3297 1686 graphie über den Dichter
2794 1663 3295 1740 zwei Broschüren, eine v#
2787 1712 3295 1783 von A. Salkind, übe
2788 1757 3297 1830 den — herzlich schlecht al
2782 1810 3298 1879 weiliger Feuilletons mit
2786 1866 3282 1929 ohne tiefer eindringende
2790 1891 3301 1983 lobt Kapp das eine, tabe
2783 1957 3302 2025 ohne das geistige Band v#
2793 2002 3301 2084 greulich ist, was er auf de
2787 2059 3295 2124 das „Literarische Jung
2788 2099 3301 2175 hält Beethoven für einen
2793 2157 3309 2219 derholt die längst wide
2797 2207 3298 2274 „Eroica“ sei „dem Hunge
2793 2255 3297 2317 Behandlung der deutsch
2793 2300 3302 2370 Fünfer! (Er verbindet de
2786 2344 3305 2419 „als“ er stellt in einel
2791 2385 3305 2462 „nicht“ hinein, und was
2799 2448 3304 2517 ders komisch bei einem 1
2800 2495 3305 2559 und Sprache eines Schni
2796 2544 3297 2607 Es ist schade, daß sich ke
2794 2594 3312 2657 längst fälligen Schnitzle
2804 2648 3305 2717 so Ferem Geschwätze kann
2798 2688 3199 2760 nich geschabet sein.
3101 2706 3308 2797 foprovisier
2854 2735 3072 2812 Biemlch
