3392 4256
168 165 908 283 4.3. Denksteine
403 158 1448 288 zehnsteine box 7/6
2486 1177 3283 1268 —H-zaruckfährt, die sich nicht d
374 1237 3301 1311 ihre wahren wilthschaftlichen Interessen schärfen undsgen füt seine Industrie eingeheimst und diejenigen Koncessio=Prührt sich bei uns keine Hand#
1536 1296 3282 1355 nen, welche es für unsere Industrie bei der Ausfuhr nach thut sich zusammen, um die #
360 1303 1531 1368 Deutschland bewahren helfen von den unabsehbaren Folgen,
357 1346 440 1414 4920
1500 1212 3282 1444 Snten ete enetentenstnteneen
2672 1417 3269 1504 Das gilt nicht blos von
1490 1439 1702 1515 langen.
304 1427 1331 1560 Aenikleion.
2682 1472 3279 1547 Ausdruck ist verändert. Die
1633 1460 2684 1545 Um Musset's „Caprice“ haben sich alle Parsteller
2681 1523 3289 1595 mißtraut dem Gefühle, und w
1523 1536 2690 1602 (Fel. Guth, Herr und Frl. Täborsky) viel Mühe gegeben,
390 1541 1517 1621 Cyklus zum Benesiz des „Maj“ im
1517 1576 3273 1646 und es ist doch der Blüthenstaub von dem zarten Ding, will, so sthut sie dies in
2678 1629 3300 1683 cynischen Weise. Dadurch unt
1516 1631 2698 1690 diesem reizenden Nichts, abgestreift worden; hier ist Konver¬
634 1626 1296 1696 Smichover Theater.
1523 1673 3291 1739 sation und wieder Konversation, hier werden Nuancen in der Jugend des vorigen Jah
444 1682 1473 1779 Siebenter Abend. — Vier Einakter.
1529 1716 3268 1789 Benehmen, Zärtlichkeit und Ton verlangt, für die unsern derben, rauhen Zeiten, in d
464 1764 3293 1828 Theaterreferate in einem Tageblatte sind ein sehr Darstellern keine Gesellschaft als Modell zur Verf gung Contrebande war, sie erlebten
356 1800 3301 1874 ephemeres Ding und im Allgemeinen muß der Verfasser steht. Was sich mit den vorhandenen Mitteln thun ließ, freuten sich dessen; wir komme
369 1861 3293 1928 Alles, womit sich der Setzer für seine flüchtige Schrift rächt, ist reichlich geschehen. Auf eine interessante Aufgabe für das doch nicht seelenguten Zeiten u
363 1913 3283 1967 als Strafe seiner Sünden geduldig auf sich nehmen und mythische intime Schauspielhaus ist damit hingewiesen tragenen Herzen, dem Gefühle
367 1961 1546 2031 tragen. Nur ausnahmsweise sei es mir daher gestattet, un¬
1537 1959 1723 2032 worden.
2670 1953 3270 2016 bräuchlich zur Schau gestellt i
366 2009 1541 2061 bescheiden zu sein und zwei Druckfehler, die wirklich sinn¬
1625 1997 3291 2068 Ganz anders lag den Darstellern Masek's Stimmungs= damals mit innerem Behagen
360 2047 3291 2113 störend waren, in den Referaten über Herrn Zelazowski zu bild „Studenti“. Bei der Wichtigkeit der Studentenschaft und literarisch festhielt, deren
364 2102 3160 2160 verbessern. Ich habe also seinem Franz Moor keineswegs in unserem nationalen Leben in der Gegenwart und beson=sucht sie zu verbergen.
2784 2122 3294 2207 Masek's Stück enthälte
370 2144 2704 2202 den Vorwurf gemacht, daß er „nur mehr Kraftmittel aufeiders in der Vergangenheit ist es zerabezu auffallend, daß
366 2194 3282 2258 biete als nöthig“, im Gegentheil, ich habe ihn gerühmt, daß wir den böhmischen Studenten in der Literatur nicht intypen, den durch vorzeitigen
366 2238 3294 2284 er nie mehr Kraftmittel 2c. Und ebensowenig habe ich weit stärkerem Maße vertreten sehen, als es der Fall ist. abgelenkten unzufriedenen jun
374 2287 3301 2343 in einem Athem die Schlichtheit seiner Erzählung vor dem Die dänische Literatur stand eine Zeit lang ganz im Zeichen Haupt, den für das Gemeinw#
362 2328 3293 2405 Senat gerühmt und sie für diesen Othello unnatürlich ge=des Studenten, es war in der Zeit der letzten Kämpfe gegen wirksamen Bummler, den nai#
1530 2381 3271 2443 den Absolutismus in den Vierziger Jahren. Die Commers=der nur zu studiren scheint,
364 2379 1549 2446 funden, sondern ich habe seinen ethnographisch getreuen
360 2407 3298 2483 Othello mit dem anerkennenswerthen Mohren des Herra lieder jener Zeit gehören der Literaturgeschichte an, und von Doktor und nicht an einem b##
367 2469 790 2543 Zelensky verglichen.
1532 2471 3296 2531 den Stücken, die die Ueberlegenheit des „Regenstaners“, des ben. Einige der auftretenden
870 2466 1536 2532 Kleinere Versehen bitte ich den
2688 2509 3299 2581 unstudentisch still und wortarn
369 2516 2708 2572 werthen Leser auch fernerhin selbst richtig zu stellen oder un= Insassen des berühmten Stiftungshauses, über den Philister!
357 2565 779 2646 berichtigt zu lassen.
1525 2557 3296 2626 darstellten, werden Hostrup's „Gjenboere“ („Gegenüber“) vlansky — der Autor ist nich
2686 2625 3294 2688 gieren. — Von den Darsteller
482 2605 2693 2689 Der „Mäj“-Cyklus zerflattert und scheint seinen noch heute gespielt, ja zu den bedeutendsten Werken der
2686 2659 3278 2725 die kräftigen leeren Phrasen
367 2652 1545 2721 Gipfelpunkt überschritten zu haben. Wie es immer mit kühnen
1532 2660 2070 2733 älteren Literatur gerechnet.
1634 2713 3285 2775 Eine solche Periode in unserer Literatur besitzen wir die uns überzeugte, daß es ih
363 2713 1548 2775 Plänen zu gehen pflegt, muß man sich auch hier in gewissem
1535 2743 3291 2823 nicht, und auch Masek's „Studenten“ werden sie nicht ein= als kranker Student bot eine
370 2765 1555 2826 Sinne damit begnügen; Großes gewollt zu haben, gerade
360 2792 3299 2865 bei den Skandinaviern, auf die man besonders gespannt seinkleiten, sie treten dazu viel zu anspruchslos, als bloße Mutter der Frau Marek war
2787 2842 3296 2914 Anatol der „Vielgelie#
370 2851 2716 2920 dürfte, hat man sich mit einem couragirten Anlauf begnügt Augenblicksbilder, als Gespräche junger Leute auf. Und auch
380 2896 3304 2962 und kehrt vom Sprungbrett um — an ihrer Stelle erhalten da ist wiederum nicht etwa an eine phonographische Wieder=sich uns in einer der kleinen
376 2933 3285 3023 wir Kleinigkeiten, ja sogar Dinge, die mit der Moderne gabe gedacht, wie sie beispielsweise Arno Holz und Jos.genannt, weniger komisch, als
2357 2976 3296 3055 geliefert haben. Idee des kleinen Stückchen#
371 2991 2269 3064 in der Literatur wie auf der Bühne keinen deutlichen Zu= Schlaf in „Krumme Windgasse Nr.
2301 3002 2375 3060 4
366 3040 3289 3102 sammenhang haben, — darauf hetten wir eigentlich gefaßt Nur stellenweise läßt sich der Autor einen der Wirklichkeit verzeihen kann, wenn er sich g
364 3101 3291 3159 sein sollen, und wollen von einem nächsten Versuche noch abgelauschten Satz entschlüpfen, im Allgemeinen ist das hare freundliche Erinnerung a#
