3392 4256
747 103 1071 172 TTTe
330 141 1775 218 Vertretungen in Berlin, Chicago, Genf, London, Newyork, Paris, Rom, Stockholm.
325 286 854 368 Ausschnitt aus:
342 426 583 535 vom
647 466 1047 585 141 100
824 593 1279 690 Theaterzeitung.
545 586 657 716 2
672 665 1406 761 Woseph Kainz als Vorleser.
639 738 1541 807 Wir haben über einen genußreichen Abend zu
516 783 1535 845 berichten. Joseph Kainz hat gestern Wiener
535 821 1546 871 Autoren gelesen. Ein elegantes Publicum füllte
534 857 1541 930 den großen Musikvereinssaal; die Schauspielerwelt
529 904 1544 964 war zahlreich vertreten, im Parquet und von den
538 934 1542 1005 Galerien grüßten viele schöne Frouen und Mädchen
541 972 991 1027 den Meister. Man
1015 978 1269 1039 kennt die
1294 978 1538 1041 Art, wie
534 1014 1533 1074 Kainz recitirt. Es hebt aus jedem Werke
533 1051 1531 1123 die Gedanken heraus, er macht die Gestalten der
525 1089 1548 1155 Dichterphantasie lebendig, er zanbert Welten hervor
535 1123 1534 1192 und bezaubert. Interessant ist zu beobachten, w ei
529 1153 1534 1218 ihm das Wort sich jeder Regung des Gemüths, jeder
532 1197 1533 1270 Wendung des Verstandes auschmiegt, wie er klug
523 1227 1529 1306 hinter dem Autor sich verbirgt, um bei passender
1562 1236 1758 1310 inclusive
396 1248 502 1314 Für
533 1265 785 1323 Gelegenheit
780 1278 1530 1329 in seiner eigenen, wahren Gestalt
1589 1294 1744 1341 Porto.
521 1299 1530 1374 hervorzutreten. Das Programm von gestern bestand
1572 1330 1760 1381 Zahlbar
481 1332 530 1380 20
531 1356 1525 1406 aus zwei Abtheilungen: Ernstes und Heiteres.
1554 1367 1784 1434 im Voraus.
523 1390 1529 1458 Im Anfange stand Dr. Max Burckhard. Aus
423 1421 1810 1493 100 dem „Lied von Tannhäuser“ wurde ein von sinn= mnitt: ist das
491 1461 1816 1551 licher Glut erfülltes Bruchstück geboten, des Ritters , stelt #s den
375 1496 1655 1580 Abonne Einfahrt zum Venusberg. Man hörte den Wald= dern.
373 1551 1535 1624 Abonne suk klingen und jauchzen, man vernahm den
1358 1595 1407 1631 —
516 1588 1848 1681 wirksam gesteigerten Ruf der Liebesgöttin, die enthaltend die
498 1634 1815 1719 klockt, in ihren Armen auszuruhen. Von Hugoer Norgen¬
382 1678 1819 1758 Inhaltsv. Hofmannsthal brachte Kainz zwei Gedichte. Viener Zeitung“)
374 1723 1811 1795 blütt Eines ist „Weltgeheimniß“ betitelt — sein Sinn ist chaftliche Lete
379 1770 1823 1830 vollurel dem Zuhörer ein Geheimniß geblieben. Besser gefielise Mittheilungen
380 1804 1519 1867 des In „Die Beiden“ eine schillernde Nipze. Delicatesse für
383 1817 1508 1908 werden einen Jour. Mächtigen Eindruck übte der Vorleser
516 1862 1516 1943 mit delle Grazie's „Czarenmahl“. Tiefe Stille
504 1903 779 1959 herrschte im
775 1924 1516 1983 Saale, als von dem Fürsten erzählt
508 1943 767 1994 wurde, der
787 1952 1518 2021 auf Goldtellern speist. Aus den
502 1987 1265 2047 Prunkgefäßen beginnt es zu raunen:
1272 2003 1527 2061 das Metall
509 2027 1528 2097 wird von unschuldigen Verbannten aus den
505 2050 1042 2113 furchtharen Bergwerken
1043 2070 1515 2133 herausgeschafft. Der
501 2108 1508 2171 Czar greift nach einer Serviette, da fällt aus dem
500 2142 1519 2208 Tuche ein Brief mit der Botschaft, daß alle Ketten
505 2172 1515 2244 brechen werden. Mit diesem Gedicht packte Kainz das
503 2211 1514 2289 Publicum, stürmischer Beifall löste die Ergriffenheit
511 2259 1517 2309 ab. Auch J. J. David's gedankerreiches „Dies ist
505 2276 1511 2359 Gehenna“ traf auf die volle Empfänglichkeit der
529 2320 1508 2392 Zuhörer. Kainz trieb eine Blutwelle durch die
501 2368 1518 2425 Reflerionen. Arthur Schnitzler's „Denksteine“ ist
499 2392 1512 2477 eine Duoscene zwischen Anatol und einem verlorenen
499 2439 1450 2502 Mädchen. Eine geistreiche, kecke Geschichte, die
488 2475 1519 2543 wenigen Minuten vorübergaukelt. Mit feinen Fingern
490 2509 1494 2583 wies der Interpret auf die Absichten des Poeten hin.
602 2557 1507 2610 Damit war die erste Abtheilung zu Ende.
490 2584 1490 2666 Der zweite Abschnitt brachte „Heiteres“ mit Aus¬
491 2628 1500 2682 nahme einer Programmnummer durchaus Wiene¬
491 2669 1503 2723 risches. Stark belacht wurde Hermann Bahr's lustig¬
483 2703 1501 2767 sinniges „Das Käferl“. Die Erzählung könnte auch
489 2743 1500 2812 „Der letzte Ausgang von Fräulein Jeannette“ heißen.
487 2775 1508 2851 Kein treffendes Wort, keine geistreiche Wendung siel
485 2819 1505 2884 zu Boden. Es geht den Menschen, wie dem Käferl:
475 2849 1503 2933 Jeder wälzt seine Kugel, die Hauptsach' ist, daß
477 2894 1491 2970 man sich gut dabei benimmt. Die angekündigten
480 2918 1489 2988 Gedichte von Kory Towska, einer wegen ihrer
470 2964 1490 3047 feinsinnigen Darbietungen in der Münchener
472 3007 1491 3079 „Jugend sehr geschätzten Schriftstellerin, wurden
1403 3061 1474 3093 741
476 3047 1498 3103 durch eine Piece von Heinrich Glücksmann ersetzt.
480 3076 1486 3146 Von dem armen, frühverblichenen Karlweis hörten
475 3116 1487 3180 wir die drolligen Lebensschicksale eines halben Menschen.
466 3150 1499 3228 der immer „der Wurstel“ geheißen wird. Es steckt viel
475 3194 1479 3260 Humor und Lebensweisheit in dem kleinen Kunst¬
473 3235 1482 3301 werk. Und wie entzückend verstand Kainz alle Pointen
466 3280 1491 3344 zuzuschleifen. Hier und in Pötzl's köstlicher „Tramway¬
470 3314 1481 3379 hochzeit“ wurde mit angenehmster Behaglichkeit auf
476 3340 1481 3424 jedem Detail verweilt. Man sah förmlich den Weichen¬
471 3395 1480 3463 steller bei der Aspernbrücke und den Conducteur, der
471 3422 1490 3499 auf der Fahrt vom Praterstern nach Dornbach heiratet.
464 3460 1476 3522 Vincenz Chiavacci, der prächtige Wirklichkeits¬
470 3497 1492 3549 schilderer, kam zum Schlusse: „Auf'm Bankl“ und
467 3539 1480 3606 „Die Kramuri“ waren die letzten Schlager. Der alte
460 3587 1474 3639 Wiener, der seinem Banknachbar erzählt, mar
465 3606 1470 3689 könne bei uns Alles umsonst haben, und der
456 3652 1470 3718 jüdische Hausirer, der um die alten Kleider
459 3686 1472 3763 feilscht — standen im Tonfall, in der charakteristischer
465 3714 1469 3793 Geberde fertig, bis auf den letzten Strich vollende
462 3763 1476 3839 da. Obwohl Kainz von ¾8 bis nach 10 Uhr
454 3793 1466 3871 gelesen hatte, mußte man seine quellende Lanne be¬
455 3841 1471 3924 wundern. Man rief den Meister unzählige Male und
460 3875 1096 3938 dankte ihm für diesen Festabend.
1321 3898 1440 3963 sch.
2776 198 3205 288 box 7/6
1944 207 2665 298 4.3. Denksteine
2176 236 2711 316 K      e e een e e
2922 1524 3218 1591 Nachdruck verboten.
3232 1521 3347 1597 das
2080 1467 2345 1652 84
3232 1580 3341 1653 Erf
2293 1589 2966 1678 Widfener Auforen.
3239 1631 3347 1688 min
3250 1677 3347 1740 kan
2150 1665 3233 1738 Ein seltsames Vorkommnis. Einer der berühmtesten
3241 1725 3339 1786 geb
2065 1727 3231 1795 deutschen Schauspieler, der am Vorlesetische Triumphe
3250 1773 3347 1838 Rai
2066 1775 3245 1830 gefeiert und die versammelte Damenwelt in Verzückung,
3241 1816 3350 1886 war
2065 1829 3248 1893 tausende von weißbehandschuhten Händchen in Bewegung
3241 1871 3344 1934 schal
2068 1883 3237 1939 gesetzt hat, liest, jubelnd begrüßt, wieder vor einem fast
3253 1913 3354 1983 rück
2066 1919 3232 1971 durchaus weiblichen, erwartungsvollen Auditorium, das
3252 1967 3337 2028 leug
2070 1967 3237 2027 nur darauf harrt, in Ekstase versetzt zu werden und die
3235 2009 3347 2077 Hoc
2067 2010 3230 2079 Wirkung bleibt aus. Er liest das erste Stück, eine Mond¬
3237 2065 3348 2125 befa
2069 2060 3240 2130 scheinphantasie; man sieht sich an, applaudiert ein wenig
3242 2112 3345 2170 hat
2068 2110 3233 2173 zum Schein und wartet. Es folgen Gedichte; der Applaus
3244 2161 3336 2221 die
2067 2164 3245 2228 ist schon schwächer. Ein Dramolet — es wird nicht besser.
2063 2212 3239 2269 Aber einige applaudieren justament. Jetzt kommt eine
2079 2258 3243 2315 Erzählung; man langweilt sich und lächelt müde, macht
2075 2311 3246 2370 schwache Versuche, sich Stimmung zu suggerieren. Um¬
2065 2358 3237 2412 sonst. Ein Feuilleton, das die Pointe in den ersten zehn
2077 2391 3249 2465 Sätzen bringt und dann noch eine Viertelstunde weiter
2061 2450 3233 2505 dauert, gibt der stark geprüften Geduld den letzten Rest.
3238 2500 3346 2576 mü
2061 2497 3246 2552 Die ersten Flüchtlinge brechen aus den Bankreihen. Sie
3243 2551 3351 2619 ord
2062 2541 3243 2596 warten die Fortsetzung dieses Humors nicht ab. Und
3246 2601 3336 2653 mat
2071 2593 3249 2654 nach der nächsten humoristischen Erzählung die feier¬
3246 2644 3345 2716 end
2075 2632 3249 2710 lich ernsten Gesichtern begegnet, ranzionieren sich halbe
2075 2696 3247 2750 Bankreihen. Man hofft nichts mehr. Und beim letzten
3241 2712 3284 2755 9
2077 2740 3249 2804 Stück ist der große Musikvereinssaal halbleer; nur die
2081 2788 3243 2840 Allergetreuesten sind geblieben und applaudieren mit
2077 2834 3241 2905 Todesverachtung. Das war der „Wiener Autorenabend“
2072 2887 2452 2959 des Herrn Kainz.
2166 2923 3238 2990 Die „Wiener Antoren“! Man liest jetzt viel von
2081 2981 3237 3039 ihnen, von dem „specifisch Wienerischen“ in ihrer Lite¬
2075 3028 3249 3106 ratur, von der „persönlichen Note“, die sie ihren Werken
2086 3076 3247 3151 ausprägen. Sie verwenden sehr häufig, mitunter sogar
2073 3129 3249 3194 an richtiger Stelle, das süddeutsche Adverbium „halt“,
2071 3171 3286 3253 was den Berlinern sehr imponiert, ergehen sich in Loca¬ d
2073 3236 3343 3310 lismen, schwelgen in Diminutiven auf —erl und haben Hin
