3392 4256
450 160 955 239 Denksteine
219 144 1493 270 4.3. Leaneteane box 7/6
461 1466 3177 1542 Nachdruck verboten. das Wiener „süße Mädel“ erfunden. Mit dieser letzteren mit der großen Familie Wiens, die in seltener Zähig¬
806 1529 3178 1577 Erfindung haben sie überall Aufsehen erregt, nicht zum keit an ihren Traditionen festhält, nichts gemein. Die
183 1528 532 1631 Auforen.“
1986 1577 3184 1638 Bilder, die sie von unseren Burschen und Mädchen, von
806 1569 2000 1641 mindesten in Wien selbst, wo man das Ding gar nicht
1983 1620 3173 1688 unserem Hassen und Lieben geben, sind oberflächliche An¬
803 1614 1996 1682 kannte. Sonderbar! Wien hatte doch Poeten hervor¬
118 1600 812 1691 mmnis. Einer der berühmtesten
796 1671 1982 1728 gebracht, die alle Typen seines Lebens verherrlichen:
1981 1674 3178 1735 schauungsproducte, nicht mehr; unseren Seelen nachzu¬
122 1675 808 1741 der am Vorlesetische Triumphe
800 1719 1989 1784 Raimund, Anzengruber 2c. Aber auf das „süße Mädel“.
1984 1716 3177 1784 empfinden vermögen sie, fremden Stammes und Sinnes,
118 1713 811 1781 nelte Damenwelt in Verzückung,
1974 1762 3179 1830 nicht. Sie stehen den Empfindungen der Wiener Volks¬
800 1769 1993 1828 war niemand verfallen und Grillparzer, der im „Mat¬
133 1765 807 1834 schuhten Händchen in Bewegung
1983 1817 3173 1870 seele als suchende, aufmerksame Beobachter gegenüber,
806 1808 1992 1876 schakerhof“ den urwüchsigsten Wiener Dialect sprach, war
129 1804 819 1871 begrüßt, wieder ver einem fast
1980 1867 3182 1935 nicht als Mitfühlende. Denn was ihnen wertvoll
809 1862 1999 1931 rückständig genug, sich in seinen Dramen selber zu ver¬
117 1868 815 1937 bartungsvollen Anditorium, das
1980 1914 3173 1967 erscheint, deckt sich nicht mit dem, was wir sehnen, was
806 1896 1996 1974 leugnen und stelzige Jamben oder Trochäen in steifem
115 1909 820 1974 ase versetzt zu werden und — die
1982 1944 3180 2024 uns verabscheuenswert ist, regt sie nicht sonderlich auf.
795 1956 1992 2028 Hochdeutsch zu verfassen. Auch Bauernfeld that das oder
133 1955 807 2031 liest das erste Stück, eine Mond¬
797 2010 1995 2075 befasste sich mit zimperlichen Philistrositäten; und der
1993 2015 3171 2087 Immerhin mag es ihnen oft gelingen, Aeußerliches gut
126 2015 808 2080 ht sich an, applaudiert ein wenig
804 2061 1990 2118 hat's doch wirklich nicht nöthig gehabt. Da haben nun
1991 2040 3169 2120 zu erfassen und lebendig wiederzugeben, so dass der
126 2059 804 2129 Es folgen Gedichte; der Applaus
799 2100 1992 2168 die „Wiener Autoren“ gründlich Wandel geschaffen. Eine
1985 2107 3179 2179 Schein entsteht, als wären die Dinge echt. Allein sie
115 2108 812 2179 ramolet — es wird nicht besser.
805 2155 1995 2227 rechte Wienerin redei nicht etwa wie die Frauen und
1985 2160 3187 2221 sind es nicht. Die ganze „Wiener Literatur“ der Bahr¬
125 2160 811 2213 n justament. Jetzt kommt eine
1996 2201 3182 2272 Gemeinde ist eine großangelegte — ich will nicht sagen
809 2207 1987 2261 Mädchen bei Kaiser, nein, Arthur Schnitzler erst hat
125 2209 819 2273 kilt sich und lächelt müde, macht
1987 2241 3173 2309 bewusste, aber jedenfalls unleugbare — Fälschung. Und
801 2242 1995 2328 gezeigt, wie sie eigentlich ist, in seinem Anatoleyclus
127 2258 802 2325 Stimmung zu suggerieren. Um¬
1980 2284 3174 2371 unter dieser Fälschung hat niemand mehr zu leiden als
794 2295 1992 2356 uno seiner „Liebelei“ u. s. f. Und die anderen ha#en das
107 2293 807 2380 as die Pointe in den ersten zehn
1994 2347 3180 2412 unser gutes Wien selbst, das es sich nicht nur gefallen
805 2345 1987 2397 Theita ausgenommen und fabulieren lustig darauf los.
138 2352 816 2416 t noch eine Viertelstunde weiter
1992 2395 3174 2452 lassen muss, wenn im Auslande fortwährend falsche Vor¬
804 2395 2002 2464 Draußen stannt man, welch eigenthümliche Stadt das sein
114 2402 804 2474 prüften Geduld den letzten Rest.
1989 2440 3187 2504 stellungen von seinem Wesen hervorgerufen werden, son¬
802 2455 1999 2510 müsse, in der solch lasterhafte, thörichte, herzlose und
123 2437 820 2524 brechen aus den Bankreihen. Sie
1982 2484 3187 2547 dern sogar Gefahr läuft, durch die Ueberschwemmung
803 2488 1997 2556 ordinäre Creaturen „süße Mädel“ genannt werden. Und
128 2492 822 2570 dieses Humors nicht ab. Und
1991 2531 3177 2599 seiner Bühnen und seiner Zeitungen mit dieser After¬
807 2533 1997 2611 man schüttelt den Kopf. Aber es ist doch gut, dass man es
111 2539 812 2612 oristischen Erzählung die feier¬
811 2575 2004 2659 endlich weiß ....... Und die „Wiener Autoren“ sind
1983 2591 3180 2655 literatur allmählich um das gesunde Verständnis für die
124 2583 813 2675 begegnet, ranzionieren sich halbe
1995 2636 3174 2697 eigene Art gebracht zu werden und am Ende selber das
800 2626 1990 2716 ganze Kerle, dass sie das so ungeniert auf ihren Bühnen,
138 2637 813 2709 nichts mehr. Und beim letzten
1995 2684 3185 2756 Unechte für echt zu halten. Bei dieser traurigen Etappe
807 2687 1993 2751 in ihren Büchern discutieren. Zwar sehr patriotisch ist
104 2689 813 2754 usikvereinssaal halbleer; nur die
1980 2727 3181 2787 sind wir gegenwärtig angelangt und es wird, selbst wenn
810 2709 1992 2797 es nicht, aber es beweist Beobachtung, strenge Controle
111 2736 812 2793 blieben und applaudieren mit
1987 2769 3177 2848 der eherne Camorraring der bekannten Wiener Literaten¬
801 2771 1999 2844 des eigenen Miliens. Und die Wahrheit, künstlerisch ver¬
123 2782 813 2864 var der „Wiener Autorenabend“.
1990 2826 3188 2913 clique durchbrochen ist, noch Jahre der Arbeit und Förde¬
812 2825 1994 2897 klärt und ihrer Streige entkleidet, geht schließlich doch
808 2890 1994 2940 über alle kleinlichen Rücksichten. An der aber ist bei den
1995 2885 3181 2940 rung bedürfen, ehe die Pseudo=Wiener Autoren von den
120 2861 817 2956 hren“! Man liest jetzt viel von
802 2918 1996 3002 „Wiener Autoren“ nicht zu zweifeln; sie müssen es ja
1985 2926 3114 3002 richtigen ersetzt werden können. Denn es gibt solche —
123 2928 809 2996 isch Wienerischen“ in ihrer Lite¬
816 2959 1995 3038 wissen, wie es aussieht in dem Volke, dem sie angehören,
1985 2973 2917 3056 genug, aber: man weiß nichts von ihnen.
116 2987 813 3056 lichen Note“ die sie ihren Werken
2085 3011 3184 3098 Und jetzt sind wir wieder beim Eingangsthema. Auf
814 3021 1788 3094 in der großen Familie, der sie entsprossen sind.
119 3013 812 3093 den sehr häusig, mitunter sogar
900 3071 1999 3137 Volk? Familie? Einen Augenblick! Hier beginnen
1983 3070 3180 3143 der Vortragsordnung des Kainz'schen Wiener Autoren¬
148 3071 819 3142 süddeutsche Adverbium „halt“
1990 3121 3187 3190 abends standen: Dr. Max Burckhard, Hugo v. Hofmanns=,
125 3128 2000 3185 imponiert, ergehen sich in Loca= die schweren Missverständnisse. Die Herren Schnitzler,
125 3152 3194 3251 iminuriven auf —erl und haben! Hirschfeld, Léon. Dörmann haben mit unserem Volke, thal, Maria Eugenia delle Grazie, J. J. David, Arthur
