3392 4320
186 220 1375 343 1. PanphletsOfforints
1536 240 1989 335 box 36/8
979 854 2483 922 Fr. Thieberger, Grundzüge des jüngstverflossenen Literaturabschnittes. 167
814 1012 2528 1084 von Holz eine neue naturalistische Lyrik heraufzuführen; gerade im Jahre 1895
829 1065 2517 1139 gab er seinen historisch bedeutsamen „Frühling“ heraus. Aber man fühlte
824 1135 2526 1203 gleich damals das manieriert Extreme seiner Prosaverse und sah in ihnen das
836 1184 2516 1244 Ende einer Richtung und nicht den Anfang. Das Jahr darauf ließ zum ersten¬
828 1243 2533 1309 mal den Verzweiflungsruf Arno Holz' vernehmen, der in bittere Not geraten
830 1306 2530 1364 war und den Mut zu einem freien dichterischen Schaffen gebrochen fühlte.
833 1358 2527 1416 Das ist seit je ein Merkmal für den Ausgang einer Epoche, wenn über ihre
826 1419 2529 1477 Pioniere das Geschlecht hinwegschreitet. Aber auch die großen Erfolge des
823 1469 2532 1541 Jahres 1896 — Hauptmanns „Versunkene Glocke“ in Berlin, Schnitzlers
825 1565 2530 1614 „Liebelei“ in Wien — bringen uns den Gedanken nahe, daß der Höhepunkt
821 1603 2530 1647 der neuen Kunst, die in einem engeren oder weiteren Sinne mit dem Naturalis¬
822 1660 2527 1718 mus zusammenhing, bereits überschritten war. Denn das deutsche Volk fühlte
822 1721 2525 1777 sich im festen Besitz dieser neuen, im Kampfe geklärten Kunst und mußte nicht
821 1796 2534 1853 erst durch überraschende Erschütterungen in ein Neuland geführt werden. Es
828 1834 2522 1904 begann nach den Jahren des Vorwärtsstürmens die Zeit des ruhigen Sammelns
830 1896 2536 1951 und mußevollen Betrachtens. Schon 1896 konnte Lilieneron eine Auswahl
822 1963 2531 2020 aus seinen früheren Gedichtbänden veranstalten und Altenbergs Randbemerkungen
820 2016 2533 2077 zu den selbstverständlichen Seltsamkeiten des Lebens fanden im gleichen Jahre
821 2092 2526 2160 eine willige Zuhörerschaft. Nun war auch die Zeit gekommen, der errungenen
825 2146 2520 2207 Kunst ein ständiges Sammelbecken zu bereiten. Die einstige „Freie Bühne“.
818 2191 2531 2253 die den Kampfesruf auf der Stirne geführt hatte, konnte sich nach 1894
828 2252 2526 2306 ruhiger und selbstsicher „Neue deutsche Rundschau“ nennen; denn sie war jetzt
830 2319 2530 2388 mehr als der programmatische Ausdruck einer kleinen Schar, die nach außen
823 2368 2517 2434 Einfluß gewinnen wollte. Höchst lebenskräftig setzte in einem ähnlichen Sinne
829 2434 2530 2504 1895 die Münchner „Jugend“ ein, ein Spiegel der reichen Kräfte, die durch
831 2497 2521 2561 die Entwicklung der ersten Neunzigerjahre (auch auf dem Gebiete der
832 2548 2530 2634 Malerei) Bedeutung erlangt hatten. Der satirisch=humoristische Zug, den jeder
826 2609 2512 2668 neue, geistig reife Besitz hervorspielen läßt, durfte sich seit 1896 im „Simplizissimus“
828 2669 2522 2728 ausleben. In diesem Zusammenhang muß auch der 1895 begründeten Zeit¬
833 2724 2518 2793 schrift „Pan“ gedacht werden, wenngleich sie der Poesie des kostbaren Wortes
819 2787 2532 2868 besonders zuneigte, die bis dahin von einer ästhetisch interessierten Minorität
825 2840 1801 2933 getragen immer weitere Kreise ziehen sollte.
926 2895 2521 2963 Mit gutem Rechte haben wir sonach um die Mitte der Neunzigerjahre
820 2964 2516 3044 einen neuen Abschnitt der literarischen Entwicklung angesetzt, der höchst be¬
829 3010 2525 3078 zeichnenderweise nicht mit einer neuen geistigen Bewegung anhebt, sondern
833 3079 2519 3144 nur aus dem „Überreif=werden“ einer älteren Epoche sich ergibt. Schon das
826 3152 2533 3213 allein deutet auf eine unselbständige, von keinem einheitlichen Geist erfaßte
823 3203 2532 3284 Zeit, der man schwer mit einer einzelnen Formel gerecht werden kann. Denn
823 3260 2524 3312 es handelt sich hier nicht um ein abwägendes Werturteil über die Zeit, sondern
829 3322 2521 3376 um die Erkenntnis ihrer zentralen Quellen. Das Bedeutendste, das in den
826 3389 2535 3453 letzten zwanzig Jahren geistig geleistet wurde, liegt eben auf einem anderen
836 3438 2473 3503 Gebiete als dem der Literatur. Immerhin möchte ich — heute mehr als je —
828 3496 2533 3555 das Vorherrschen des kritischen Urteils in Dingen der künstlerischen Technik
838 3558 1806 3637 als den Grundcharakter der Zeit bezeichnen.
931 3616 2538 3699 Es liegt im Selbsterhaltungstrieb eines jeden Geschlechtes begründet, daß
