3392 4320
194 207 267 300 1
306 212 1389 337 PanhletOfTarints
1525 227 1992 315 box 36/8
1027 868 2523 938 166 Fr. Thieberger, Grundzüge des jüngstverflossenen Literaturabschnittes.
983 1002 2688 1069 rechtes durchlaufen und selbst in den brachgelegenen deutschen Gebieten neue
991 1082 2685 1136 Kräfte in Tätigkeit gesetzt; mir liegt der Hinweis auf das literarische Erwachen
989 1127 2686 1194 meiner engeren Heimat Böhmen nahe, das nach jahrzehntelangem Schlafe eine
997 1189 2704 1280 so männlich aufrechte Gestalt wie Friedrich Adler in die Reihen der neuen
989 1246 1316 1320 Dichter stellte.
1097 1283 2694 1385 Bis 1890 war die Bewegung gewalttätig revolutionär. Ihre Arbeit
987 1376 2685 1446 bestand darin, das poetische Fühlen umzuackern, ihre Mittel waren neue und
991 1440 2685 1498 noch von keinem Genie geheiligte Stoffe und eine Form, die allem bis dahin
996 1504 2693 1576 als Form bezeichneten widersprach. Aber die zweite Hälfte des Jahrzehnts
1062 1558 2686 1634 bis 1895 — bedeutete einen Rückgang des äußern Naturalismus. Man
992 1613 2695 1669 hatte es nicht mehr nötig, dem traditionellen Rhythmus in allen poetischen
995 1673 2694 1740 Dingen auszuweichen, man brauchte nur auf dem neugewonnenen Boden mit
991 1731 2694 1795 neuen Augen zu schauen und zu gestalten. Das Symptom des Kampfes gegen
984 1785 2680 1850 die Tradition hörte auf. Alle dichterischen Persönlichkeiten, die seit 1890 auf¬
989 1851 2684 1928 traten, zeigen selbst dann, wenn sie sich in Gegensatz zum Frühnaturalismus
980 1908 2685 1985 stellten, jene Selbstverständlichkeit des Voraussetzungslosen, jenen Mut zum
992 1970 2685 2039 Wunderbar=Gewöhnlichen, jene Frische des ungeglätteten Wirklichkeitssinnes,
987 2011 2679 2079 die schließlich auch Zeichen des radikalen Naturalismus waren. Von diesem
985 2080 2686 2161 Gesichtspunkte aus erscheinen uns ihrer Weltanschauung nach sonst verschiedene
991 2152 2679 2209 Dichter, wie der damals entdeckte Lilieneron und Dehmel, wie Wedekind und
993 2204 2696 2282 Schnitzler als einheitlicher Ausdruck der jungen Dichterschichte zwischen 1890
982 2282 2683 2341 und 1895. Bei Schnitzler macht sich freilich schon der Einfluß einer neuen
990 2317 2691 2401 Unterströmung fühlbar, die 1892 in den Blättern für die Kunst den ersten
988 2372 2687 2446 greifbaren Ausdruck fand: die Poesie der kostbaren Worte. Niemals wären
985 2439 2677 2519 diese Dichter der aristokratischen Distanz vom Leben, die George, Hofmanns¬
997 2503 2681 2557 thal, auch Rilke gehört in die Linie dieser Entwicklung, so interessant und ver¬
991 2560 2694 2618 lockend sie erscheinen mochten, gegenüber dem gewaltigen Durchbruch des
987 2622 2688 2678 gesunden Naturalismus als gleichwertige Reaktion aufgefaßt worden, wenn
992 2684 2691 2745 das Geschlecht noch 1895 nicht eine günstige Resonanz gerade für diese Art
992 2740 2688 2794 der Poesie dargestellt hätte. Jedenfalls ist der Umstand literarhistorisch fest¬
993 2798 2693 2856 zuhalten, daß alle führenden Dichter auch dieser Nebenströmung bis 1895 in
990 2860 2686 2933 die Literatur eingetreten waren. Ja, es bleibt charakteristisch für die zwei Jahr¬
989 2919 2688 2985 zehnte von 1895 bis 1915, daß kaum ein neuer Dichter seine Stimme erhob,
981 2971 2692 3030 die alle Zeitgenossen im Innersten gepackt hätte, um sie mit dem Schauer der
984 3034 2680 3106 Seelen=deutenden und Seelen=befreienden Kunst zu erfüllen. Man zehrte
1059 3090 2690 3142 wenn man moderner Literatur sich hingab — nur von dem künstlerischen
993 3165 2696 3224 und theoretischen Ertrag, den die Dichter aus den Jahren 1890 bis 1895 etwa
981 3209 2692 3279 boten. Als vor Jahr und Tag die „Fünfzigjährigen“ gefeiert wurden, ehrte
995 3272 2694 3345 man sie nicht als verdienstvolle Persönlichkeiten einer abgetanen Zeit, sondern
990 3336 2691 3399 als leitende Poeten unserer Epoche. Und trotzdem haben sich ihre literarischen
990 3383 2687 3449 Physiognomien, die sie vor 1895 zeigten, kaum geändert. In dem letztverflossenen
991 3442 2692 3490 Literaturabschnitt haben sie sich nur völlig entfaltet, entwickelt aber haben sie
984 3500 2693 3563 sich in dem Boden von damals, aus dem sie noch heute ihre besten Kräfte ziehen.
1092 3562 2691 3621 Nach 1895 mehren sich die Zeichen für ein Stagnieren der ganzen Bewegung.
992 3623 2701 3684 Die alten Kreise hatten sich aufgelöst. Joh. Schlaf suchte nach dem Scheiden
