3344 4256
1487 314 1952 416 box 36/8
148 313 1332 427 1. Pamphlets, offorints
807 935 2352 1007 Fr. Thieberger, Grundzüge des jüngstverflossenen Literaturabschnittes. 171
666 1099 2378 1180 dieser Hinsicht war der Zeit ein mächtiges Vorbild in Nietzsche — nicht dem
667 1173 2086 1240 Philosophen, sondern dem Gedankenlyriker in Prosa erstanden.
767 1221 2369 1289 So mußte denn die Zeit der letzten zwanzig Jahre ein günstiger Nähr¬
669 1263 2371 1339 boden für die Bestrebungen jener Minorität sein, die nach 1892 gegen den
675 1318 2385 1405 Naturalismus, im weitesten Sinne des Wortes, sich wandte und die ich als
678 1378 2380 1469 die Poeten des großen Wortes bezeichnete, die George und Hofmannsthal.
671 1435 2379 1525 Über sie hinaus ging in der gleichen Richtung Rilke. Auch bei diesen handelt
671 1494 2376 1588 es sich vornehmlich um eine eigenartige „Wortkultur“ um die Wahl feierlich
669 1573 2387 1647 getragener, einer ätherischen Herkunft sich bewußter Worte, über denen ein
681 1614 2393 1717 mystisch=symbolischer Dämmerglanz schwebt. Den es steht durchaus nicht im
676 1682 2384 1760 Widerspruch zu dem, was wir vom verstandesmäßigen, kritischen Zeitalter
693 1734 2382 1844 sagten, daß die eminente Sprachelastizi. leicht die assoziative Brücke zu
684 1789 2394 1886 Wortbildern schlug, in die ein Sinn nachträglich hineingedeutet wurde. Purzel¬
695 1851 2380 1956 bäume der Sprachakrobatik, wie sie die überwuchernden Nachahmer Hof¬
684 1911 2401 2003 mannsthals und Rilkes mit „bedeutender Gebärde“ ausführten, suchten gern
698 1964 2389 2073 hinter dem Schleier ahnungsvollen Klanges sich zu verbergen. Denn diese
697 2025 2391 2120 jüngste Art der Symbolik und Mystik war durchaus nicht der Ausdruck einer
697 2095 2402 2182 innerlich verhaltenen Empfindungsglut — wie ganz anders wirken die „Er¬
683 2153 2402 2228 lebnisse" Hofmannsthals und die Visionen in Hauptmanns „Hannele“! sondern
702 2197 2398 2304 nur eine verstandesgekühlte Freude am geheimnisvollen Tone der Worte. Als
703 2278 2414 2345 Motto für die formale und inhaltliche Art dieser Poesie lassen sich die be¬
710 2353 1623 2436 kannten Verse Hofmannsthals anführen:
1129 2385 1992 2476 „Und dennoch sagt der viel, der „Abend' sagt.
1119 2446 2000 2517 Ein Wort, daraus Tiefsinn und Trauer rinnt,
1119 2500 2002 2598 Wie schwerer Honig aus den hohlen Waben.“
806 2570 2410 2645 Tiessinnig traurig war diese ganze Art des Dichtens, auch wo sie zu
707 2617 2420 2713 jauchzen schien, wie z. B. bei Mombert. Heute erscheint uns die ungesunde
708 2669 2408 2751 Grundlage der Poesie des kostbaren Wortes vielleicht deutlicher als jemals.
712 2731 2424 2835 Krankhafte Geister einer überreizten Kultur des Auslandes waren ihre ersten
727 2791 2414 2889 Apostel: Der französierende Belgier Maeterlinck, der Italiener d'Annunzio,
710 2859 2418 2937 lange vorher die „Vers=Libristen“ Frankreichs, etwas später der Engländer
726 2910 2412 3012 Wilde. Wir wollen das Eigenartige und Interessante, ja selbst das Wertvolle
722 2981 2410 3077 solcher Persönlichkeiten nicht verkennen; daß sie nicht die lebensvoll=gesunde
723 3036 2416 3120 Seite, die allgemein erstrebenswerte der Poesie, als Ausdruckes des Volks¬
729 3084 2427 3179 geistes darstellen, bleibt uns hoffentlich dauernde Gewißheit. Der Unterschied
722 3144 2426 3236 dieser Poesie vom Naturalismus liegt auf der Hand. Diese war die demo¬
735 3204 2424 3299 kratische, jene die luxuriöse, die eine die Poesie des machtvoll sich selbst
737 3265 2433 3370 suchenden Volkes, die andere die Poesie der bewußten Kultur der Satten und
737 3319 2426 3431 Übersättigten, kraß ausgedrückt, die eine die Poesie der äußern und innern
735 3404 2422 3489 Not, die andere die Poesie des Goldes und Besitzes. Das Pathos des Natu¬
738 3436 2429 3548 ralismus war die Anklage und der Stolz der Selbstbefreiung, das Pathos der
740 3498 2434 3604 Poesie des großen Wortes, eine aufgelöste Resignation und das Auskosten
741 3558 2443 3652 von Klangwerten, die ein in der Ferne verrauschendes Leben geschaffen hat.
737 3614 2449 3717 Wenn Hauptmann seine Verse vorliest, so meißelt er sie mit gesunder Bäuer¬
738 3678 2451 3780 lichkeit und schlichter Inbrunst vor dem Hörer heraus; wenn Rilke liest, dann
