3228 4164
293 236 908 317 4. Der Witver
1086 253 1432 334 box 1/3
728 307 915 358 „
708 793 1812 852 schreiben pflegte, die kleinen Gouverts mit ihrem Mono¬
716 841 1811 895 gramm, die schmalen langen Visitkarten mit ihrem Namen.
706 881 1805 922 Dann greift er mechanisch an die kleine Seitenlade, die ver¬
712 919 1806 969 sperrt ist. Er merkt es anfangs gar nicht, zieht nur immer
707 962 1803 1007 wieder, ohne zu denken. Allmälig aber wird das gedanken¬
707 1002 1816 1057 lose Rütteln ihm bewußt, und er müht sich, und will
711 1048 1800 1100 endlich öffnen, und nimmt die kleinen Schlüssel zur Hand
708 1085 1814 1134 die auf dem Schreibtisch liegen. Gleich der erste, den er ver¬
710 1128 1814 1177 sucht, paßt auch; die Lade ist offen. Und nun sieht er, von
712 1175 1813 1232 blauen Bändern sorgfältig zusammengehalten, die Briefe
708 1213 1819 1263 liegen, die er selbst an sie geschrieben. Gleich den, der oben
702 1257 1812 1314 liegt, erkennt er wieder. Es ist sein erster Brief an sie, noch
706 1299 1807 1346 aus der Zeit der Brautschaft. Und wie er die zärtliche Auf¬
713 1337 1817 1394 schrift liest, Worte, die wieder ein trügerisches Leben in das
714 1386 1817 1432 verödete Gemach zaubern, da athmet er schwer auf und spricht
706 1423 1807 1483 dann leise vor sich hin, immer wieder dasselbe: ein wirres,
707 1469 1442 1519 entsetztes: Nein ... nein ... nein
786 1519 1810 1572 Und er löst das Seidenband und läßt die Briefe zwischen
703 1558 1809 1618 den Fingern gleiten. Abgerissene Worte fliegen vor ihm vorüber,
712 1606 1807 1654 kaum hat er den Muth, einen der Briefe ganz zu lesen. Nur
709 1647 1810 1698 den letzten, der ein paar kurze Sätze enthält — daß er
708 1688 1750 1738 erst spät Abends aus der Stadt herauskommen werde
711 1729 1809 1783 daß er sich unsäglich freue, das liebe, süße Gesicht wieder¬
1665 1776 1808 1829 — und
711 1776 1651 1835 zusehen — den liest er sorgsam, Silbe für Silbe
718 1812 1808 1872 wundert sich sehr; denn ihm ist, als hätte er diese zärtlichen
705 1861 1809 1915 Worte vor vielen Jahren geschrieben — nicht vor einer
712 1899 1450 1961 Woche, und es ist doch nicht länger her.
805 1945 1807 2008 Er zieht die Lade weiter heraus, zu sehen, ob er noch
712 1977 910 2049 was fände.
799 2023 1806 2075 Noch einige Päckchen liegen da, alle mit blauen Seiden¬
706 2064 1808 2116 bändern umwunden, und unwillkürlich lächelt er traurig. Da
720 2108 1801 2160 sind Briefe von ihrer Schwester, die in Paris lebt — er hat
720 2145 1804 2204 sic immer gleich mit ihr lesen müssen; da sind auch Briefe
709 2197 1806 2254 ihrer Mutter mit dieser eigenthümlich männlichen Schrift,
708 2232 1802 2284 über die er sich stets gewundert hat. Auch Briefe mit Schrift¬
717 2277 1809 2326 zügen liegen da, die er nicht gleich erkennt; er löst das
714 2324 1512 2370 Seidenband und sieht nach der Unterschrift
1511 2317 1811 2381 — sie kommen
711 2366 1799 2409 von einer ihrer Freundinen, einer, die heute auch da
714 2405 1806 2462 gewesen ist, sehr blaß und verweint. — Und ganz hinten
718 2452 1810 2503 liegt noch ein Päckchen, das er herausnimmt wie die anderen
712 2483 1802 2532 und betrachtet. — Was für eine Schrift? Eine unbekannte.
717 2536 770 2576 —
768 2528 1801 2586 Nein, keine unbekannte .. .. Es ist Hugo's Schrift. Und
709 2566 1804 2622 das erste Wort, das Richard liest, noch bevor das blaue
720 2612 1806 2661 Seidenband herabgerissen ist, macht ihn für einen Augenblick
711 2658 1808 2704 erstarren .... Mit großen Augen schaut er um sich, ob
717 2696 1804 2757 denn im Zimmer noch alles ist, wie es gewesen, und schaut
719 2739 1807 2793 dann auf die Decke hinauf und dann wieder auf die Briefe,
717 2779 1800 2831 die stumm vor ihm liegen und ihm doch in der nächsten Minute
719 2822 1616 2871 Alles sagen sollen, was das erste Wort ahnen ließ
1617 2838 1727 2883 * * *
710 2866 1806 2925 will das Band entfernen — es ist ihm, als wehrte es sich,
712 2906 1802 2960 die Hände zittern ihm und er reißt es endlich gewaltsam
710 2952 1808 2997 ausemander. Dann steht er auf. Er nimmt das Päckchen in
716 2990 1806 3045 beide Hände und geht zum Clavier hin, auf dessen glänzend
715 3032 1804 3086 schwarzen Deckel das Licht von den sieben Kerzen des Arm¬
719 3076 1801 3134 leuchters fällt. Und, mit beiden Händen auf das Clavier ge¬
715 3116 1801 3170 stützt, liest er sie, die vielen kurzen Briefe mit der kleinen ver¬
724 3166 1808 3221 schnörkelten Schrift, einen nach dem andern, nach jedem von
710 3209 1803 3261 neuem begierig, als wenn er der erste wäre. Und alle liest er
722 3240 1804 3302 sie, bis zum letzten, der aus jenem Orte an der Nordsee ge¬
719 3287 1808 3348 kommen ist — vor ein paar Tagen. Er wirst ihn zu den
715 3325 1806 3382 übrigen und wühlt unter ihnen allen, als suche er noch
712 3369 1809 3428 etwas, als könne irgend was zwischen diesen Blättern auf¬
718 3409 1808 3464 flattern, das er noch nicht entdeckt, irgend etwas, das den
1846 780 2950 842 Verrathen es nicht manch scheuen Worte dieser glühenden und
2910 841 2953 885 er
1861 829 2887 890 zitternden Briefe, daß er anfangs mit sich gekämpft, daß
2893 885 2948 927 an¬
1856 882 2871 928 versucht hat, sich loszureißen, daß er endlich dieses Weib
1862 914 2953 978 gebetet und daß er gelitten hat? ... Unheimlich ist es ihm
2897 962 2952 1014 ein
1857 957 2895 1008 beinahe, wie ihm Alles das so klar wird, als stünde
1856 999 2896 1056 Fremder da, ihm's zu erzählen. Und er kann nicht rasen,
2893 1002 2958 1056 so
1867 1052 2961 1099 ehr er sich darnach sehnt; er versteht es einfach, wie er
1857 1088 2950 1138 es eben immer bei Anderen verstanden hat. Und wie er nun
1858 1134 2952 1182 daran denkt, daß seine Frau da draußen liegt, auf dem stillen
1853 1173 2948 1229 Friedhof, da weiß er auch, daß er sie nie wird hassen können,
1862 1224 2951 1268 und daß aller kindische Zorn, selbst wenn er noch über die
1860 1246 2950 1302 weißen Mauern hinüberflattern könnte, doch auf dem Grabe
1866 1302 2953 1351 elbst mit lahmen Flügern hinsinken würde. Und er erkennt,
1858 1341 2955 1390 wie manches Wort, das sich kümmerlich als Phrase fristet,
1862 1385 2951 1432 in einem grellen Augenblicke seine ewige Wahrheit zu er¬
1861 1420 2953 1475 kennen gibt, denn plötzlich geht ihm der tiefe Sinn eines
1859 1465 2951 1515 Wortes auf, das ihm früher schal geklungen: Der Tod ver¬
1861 1509 2945 1560 söhnt. Und er weiß es: wenn er jetzt mit einemmale jenem
1856 1553 2949 1606 Anderen gegenüberstände, er würde nicht nach gewaltigen und
1864 1591 2957 1646 strafenden Worten suchen, die ihm wie eine lächerliche
1862 1639 2944 1688 Wichtigthuerei irdischer Kleinlichkeit der Hoheit des Todes
1856 1684 2947 1751 gegenüber erschienen — nein, er würde ihm ruhig sagen:
1857 1726 2320 1787 Geh', ich hasse Dich nicht.
1936 1754 2954 1837 Er kann ihn nicht hassen, er sieht zu klar. So tief
1852 1818 2946 1861 kann er in andere Seelen schauen, daß es ihn beinahe be¬
1852 1860 2944 1922 fremdet. Es ist, als wäre es gar nicht mehr sein Erlebniß
1915 1897 2955 1956 er fühlt es als einen zufälligen Umstand, daß diese
1851 1942 2945 1997 Geschichte gerade ihm begegnet ist. Er kann eigentlich nur
1856 1985 2946 2036 eines nicht verstehen: daß er es nicht immer, nicht gleich von
1858 2030 2943 2079 Anfang an gewußt und — begriffen hat. Es war Alles so
1857 2070 2946 2115 einfach, so selbstverständlich, und aus denselben Gründen
1845 2112 2944 2165 kommend wie in tausend anderen Fällen. Er erinnert sich
1858 2156 2940 2200 seiner Frau, wie er sie im ersten, zweiten Jahre seiner
1846 2194 2937 2252 Ehe gekannt, dieses zärtlichen, beinahe wilden Geschöpfes,
1847 2241 2938 2287 das ihm damals mehr eine Geliebte gewesen ist, als eine
1852 2282 2938 2336 Gattin. Und hat er denn wirklich geglaubt, daß dieses
1848 2314 2933 2371 blühende und verlangende Wesen, weil über ihn die ge¬
1854 2365 2946 2416 dankenlose Müdigkeit der Ehe kam — eine andere geworden
1851 2407 2934 2459 ist? Hat er diese Flammen für vlötzlich erloschen gehalten,
1850 2451 2933 2503 weil er sich nicht mehr nach ihnen sehnte? Und daß es
1854 2491 1970 2546 gerade
1969 2504 2936 2549 — Jener war, der ihr gefiel, war das etwa
1856 2542 2935 2585 verwunderlich? Wie oft, wenn er seinem jüngeren Freunde
1857 2578 2945 2630 gegenübersaß, der trotz seiner dreißig Jahre noch die Frische
1857 2621 2934 2665 und Weichheit des Jünglings in den Zügen und in der
1851 2656 2935 2724 Stimme hatte — wie oft ist es ihm da durch den Sinn
1858 2697 2931 2752 gefahren: Der muß den Weibern wohl gefallen können. ...
1853 2744 2935 2799 Und nun erinnert er sich auch, wie im vorigen Jahre,
1856 2790 2936 2843 gerade damals, als ... es begonnen haben mußte, wie
1854 2831 2938 2877 Hugo damals eine ganze Zeit hindurch ihn seltener besuchen
1852 2876 2935 2923 kam als sonst. . .. Und er, der richtige Ehemann, hat es
1856 2915 2937 2969 ihm damals gesagt: Warum kommst Du denn nicht mehr zu
1846 2951 2929 3012 uns? Und hat ihn selbst manchmal aus dem Bureau abge¬
1848 2997 2932 3053 holt, hat ihn mit herausgenommen auf's Land, und, wenn
1858 3040 2923 3086 er fortwollte, het er selbst ihn zurückgehalten mit freund¬
1853 3082 2930 3134 schaftlich scheltenden Worten. Und niemals hat er was be¬
1852 3132 2928 3179 merkt, nie das geringste geahnt. Hat er denn die Blicke der
1848 3166 2930 3217 Beiden nicht gesehen, die sich feucht und heiß begegneten?
1843 3208 2934 3267 Hat er das Beben ihrer Stimmen nicht belauscht, wenn sie
1855 3260 2937 3311 zu einander redeten? Hat er das bange Schweigen nicht zu
1846 3296 2931 3348 deuten gewußt, das zuweilen über ihnen war, wenn sie in den
1848 3335 2923 3378 Alleen des Gartens hin= und herspazierten? Und hat er
1856 3383 2926 3430 denn nicht bemerkt, wie Hugo so oft zerstreut, lannisch und
1847 3398 2962 3482 traurig gewesen ist — seit jenen Sommertagen des vorigcn!
2989 766 3203 849 Ich wollte
3002 833 3194 888 Telegramm
3085 876 3225 930 Ich de
3000 911 3182 966 selbst, wie
3183 916 3231 960 I0
2999 956 3189 1009 tief in die
2999 995 3231 1051 auf dem Clo
2992 1037 3232 1094 zustehen, ein
2997 1080 3234 1136 und weiß A
2999 1124 3175 1174 Freundes
3002 1162 3202 1228 Entdeckung
3084 1216 3233 1273 Und wi
2997 1301 3206 1359 auszusprech¬
2999 1346 3153 1398 Sterben.
3150 1347 3225 1396 U
2998 1388 3199 1443 daß er das
2993 1431 3207 1489 Worte für
2998 1475 3224 1530 und zu streif
2991 1517 3060 1582 mit
3078 1515 3215 1570 zuckende
3075 1560 3223 1623 Wie Rie
2993 1592 3198 1666 als hätte er
3001 1652 3141 1707 agt er:
2988 1689 3224 1748 können. Das
3076 1730 3159 1793 Rich
3076 1782 3156 1829 Ger
3073 1823 3139 1876 auf
3075 1909 3114 1953 E
2981 1984 3147 2054 entsetzlich
3072 2076 3141 2128 Du
2989 2100 3082 2187 wahr
3066 2155 3130 2207 Ric
2979 2276 3052 2342 jetzt
2978 2326 3130 2384 wieder
2982 2411 3126 2479 fährst m
3059 2581 3099 2627 3
3068 2664 3133 2721 Ja,
2981 2694 3063 2760 Dich
3056 2790 3094 2861 8
3054 2835 3094 2880 J
3062 2960 3139 3007 Du
3054 3001 3142 3056 Hug
2972 3025 3062 3110 mitth
3065 3042 3142 3088 eilen
3055 3126 3140 3185 Das
2968 3148 3144 3232 verlobt ..
3054 3251 3147 3309 Daru
2972 3289 3142 3346 wieder an
3022 3334 3142 3389 Ja?
3049 3419 3126 3485 Wie
3109 2847 3144 2923 13
