3228 4164
328 244 939 332 4. Der Witver
1120 242 1474 342 box 1/3
466 299 937 357 „
481 1097 1591 1165 errathen es nicht manch scheuen Worte dieser glühenden und
167 1107 439 1174 Drem Mond¬
169 1159 438 1212 hrem Namen.
486 1156 1581 1214 zitternden Briefe, daß er anfangs mit sich g kämpft, daß er
152 1195 447 1251 mlade, die ver¬
488 1196 1585 1251 versucht hat, sich loszureißen, daß er endlich dieses Weib an¬
138 1235 448 1293 ieht nur immer
487 1233 1586 1291 gebetet und daß er gelitten hat?... Unheimlich ist es ihm
176 1277 444 1339 das gedanken¬
490 1279 1588 1332 beinahe, wie ihm Alles das so klar wird, als stünde ein
224 1319 448 1379 und will
488 1323 1585 1382 Fremder da, ihm's zu erzählen. Und er kann nicht rasen, so
230 1363 436 1421 zur Hand,
498 1368 1580 1414 sehr er sich darnach sehnt; er versteht es einfach, wie er
182 1410 226 1456 e,
228 1403 432 1461 den er ver¬
496 1409 1588 1461 es eben immer bei Anderen verstanden hat. Und wie er nun
158 1442 449 1507 n sieht er, von
486 1450 1584 1498 daran denkt, daß seine Frau da draußen liegt, auf dem stillen
232 1487 446 1548 die Briefe
488 1494 1576 1548 Friedhof, da weiß er auch, daß er sie nie wird hassen können,
156 1530 440 1588 den, der oben
490 1533 1584 1594 und daß aller kindische Zorn, selbst wenn er noch über die
162 1573 441 1631 ef an sie, noch
496 1579 1586 1632 weißen Mauern hinüberflattern könnte, doch auf dem Grabe
178 1611 444 1675 zärtliche Auf¬
485 1620 1578 1677 selbst mit lahmen Flügeln hinsinken würde. Und er erkennt,
192 1657 448 1713 Leben in das
492 1672 1575 1729 wie manches Wort, das sich kümmerlich als Phrase fristet,
158 1701 442 1758 auf und spricht
489 1706 1582 1763 in einem grellen Augenblicke seine ewige Wahrheit zu er¬
170 1752 213 1803 e:
235 1746 439 1805 ein wirres,
492 1748 1571 1801 kennen gibt, denn plötzlich geht ihm der tiefe Sinn eines
496 1790 1583 1846 Wortes auf, das ihm früher schul geklungen: Der Tod ver¬
499 1833 1576 1893 söhnt. Und er weiß es: wenn er jetzt mit einemmale jenem
166 1822 449 1897 Briefe zwischen
495 1875 1573 1926 Anderen gegenüberstände, er würde nicht nach gewaltigen und
208 1881 440 1938 ihm vorüber,
492 1917 1583 1969 strafenden Worten suchen, die ihm wie eine lächerliche
188 1918 446 1992 zu lesen. Nur
485 1961 1582 2020 Wichtigthuerei irdischer Kleinlichkeit der Hoheit des Todes
246 1967 447 2026 — daß er
483 2007 1576 2065 gegenüber erschienen — nein, er würde ihm ruhig sagen:
149 2000 255 2056 hmen
253 2004 391 2064 werde
489 2049 957 2111 Geh', ich hasse Dich nicht.
157 2048 438 2110 Gesicht wieder¬
295 2099 353 2145 —
173 2093 290 2147 Silbe
363 2096 437 2150 und
570 2082 1575 2154 Er kann ihn nicht hassen, er sieht zu klar. So tief
168 2128 436 2193 diese zärtlichen
489 2136 1573 2199 kann er in andere Seelen schauen, daß es ihn beinahe be¬
160 2169 437 2247 icht vor einer
490 2182 1572 2240 fremdet. Es ist, als wäre es gar nicht mehr sein Erlebniß
547 2229 1581 2277 er fühlt es als einen zufälligen Umstand, daß diese
140 2260 445 2333 en, ob er noch
483 2266 1580 2322 Geschichte gerade ihm begegnet ist. Er kann eigentlich nur
482 2303 1576 2365 eines nicht verstehen: daß er es nicht immer, nicht gleich von
127 2333 439 2403 blauen Seiden¬
485 2351 1569 2403 Anfang an gewußt und — begriffen hat. Es war Alles so
169 2387 440 2447 er traurig. Da
491 2389 1573 2440 einfach, so selbstversändlich, und aus denselben Gründen
180 2430 444 2484 lebt — er hat
482 2434 1564 2491 kommend wie in tausend anderen Fällen. Er erinnert sich
155 2465 436 2528 d auch Briefe
490 2474 1569 2525 seiner Frau, wie er sie im ersten, zweiten Jahre seiner
153 2510 436 2571 tlichen Schrift,
480 2518 1568 2574 Ehe gekannt, dieses zärtlichen, beinahe wilden Geschöpfes,
155 2555 435 2619 efe mit Schrift¬
484 2560 1567 2609 das ihm damals mehr eine Geliebte gewesen ist, als eine
208 2595 438 2653 er löst das
484 2602 1564 2653 Gattin. Und hat er denn wirklich geglaudt, daß dieses
240 2640 438 2704 sie kommen
482 2641 1563 2687 blühende und verlangende Wesen, weil über ihn die ge¬
158 2677 440 2742 heute auch da
484 2687 1572 2745 dankenlose Müdigkeit der Ehe kam — eine andere geworden
160 2723 434 2785 id ganz hinten
479 2726 1559 2783 ist? Hat er diese Flammen für plötzlich erloschen gehalten,
158 2764 441 2823 vie die anderen
477 2771 1564 2824 weil er sich nicht mehr nach ihnen sehnte? Und daß es
140 2807 441 2864 Due unbekannte.
484 2809 601 2864 gerade
599 2815 1573 2869 — Jener war, der ihr gefiel, war das etwa
157 2848 218 2903 's
224 2848 439 2913 Schrift. Und
478 2862 1569 2914 verwunderlich? Wie oft, wenn er seinem jüngeren Freunde
162 2893 431 2945 or das blaue
483 2897 1570 2957 gegenübersaß, der trotz seiner dreißig Jahre noch die Frische
150 2928 429 2993 nen Augenblick
481 2940 1565 2995 und Weichheit des Jünglings in den Zügen und in der
157 2980 429 3037 er um sich, ob
480 2983 1570 3050 Stimme hatte — wie oft ist es ihm da durch den Sinn
158 3025 435 3075 en, und schaut
479 3033 1559 3083 gefahren: Der muß den Weibern wohl gefallen können. ...
170 3059 433 3122 auf die Briefe,
477 3060 1556 3125 Und um. erinnert er sich auch, wie im vorigen Jahre,
164 3101 429 3165 ächsten Minute
474 3108 1567 3173 gerade damals, als .. es begonnen haben mußte, wie
160 3147 242 3200 ließ
239 3153 358 3197 * * *
477 3153 1556 3204 Hugo damals eine ganze Zeit hindurch ihn seltener besuchen
169 3184 422 3246 wehrte es sich
482 3198 1560 3258 kam als sonst. . .. Und er, der richtige Ehemann, hat es
166 3223 424 3290 lich gewaltsan
481 3235 1556 3285 ihm damals gesagt: Warum kommst Du denn nicht mehr zu
154 3273 428 3334 das Pückchen in
478 3281 1552 3335 uns? Und hat ihn selbst manchmal aus dem Bureau abge¬
160 3307 428 3372 dessen glänzend
482 3318 1564 3378 holt, hat ihn mit herausgenommen auf's Land, und, wenn
157 3356 424 3411 rzen des Arm¬
474 3369 1551 3420 er fortwollte, hat er selbst ihn zurückgehalten mit freund¬
147 3386 434 3455 as Clavier ge¬
484 3406 1554 3464 schaftlich scheltenden Worten. Und niemals hat er was be¬
146 3436 427 3503 Der kleinen ver¬
484 3441 1551 3496 nerkt, nie das geringste geahnt. Hat er denn die Blicke der
156 3480 435 3542 ach jedem von
484 3487 1557 3542 Beiden nicht gesehen, die sich feucht und heiß begegneten?
147 3523 428 3582 nd alle liest er
476 3525 1551 3596 Hat er das Beben ihrer Stimmen nicht belauscht, wenn sie
164 3562 440 3626 er Nordsee ge¬
474 3578 1561 3632 zu einander redeten? Hat er das bange Schweigen nicht zu
156 3603 433 3668 rft ihn zu den
476 3615 1549 3683 deuten gewußt, das zuweilen über ihnen war, wenn sie in den
188 3647 434 3705 suche er noch
472 3655 1558 3715 Alleen des Gariens hin= und herspazierten? Und hat er
167 3690 432 3747 Blättern auf¬
479 3700 1560 3758 denn nicht bemerkt, wie Hugo so oft zerstreut, lannisch und
156 3728 432 3803 etwas, das den
464 3733 1558 3817 traurig gewpesen ist — seit jenen Sommertagen des voriacu
1627 1107 2744 1179 Ich wollte schon heute Früh da sein. Aber ich habe Dein
1639 1164 2733 1224 Telegramm erst spät Abends gefunden, als ich nachhause kam.
1722 1201 2735 1265 Ich dachte es, erwiderte Richard und wundert sich
1637 1241 2740 1296 selbst, wie laut und ruhig er spricht. Er schaut dem Andern
1629 1288 2734 1341 tief in die Augen. . . Und plötzlich fällt ihm ein, daß dort
1634 1330 2732 1397 auf dem Clavier — die Briefe liegen. Hugo braucht nur auf¬
1635 1374 2736 1435 zustehen, ein paar Schritte zu machen — und sieht sie...
1629 1420 2733 1476 und weiß Alles. Unwillkürlich faßt Richart die Hände des
1623 1453 2728 1531 Freundes — das darf noch nicht sein; er ist es, der vor der
1626 1493 1946 1559 Entdeckung zittert.
1702 1551 2728 1615 Und wieder beginnt Hugo zu sprechen. Mit leisen, zarten
1627 1587 2730 1654 Worten, in denen er es vermeidet, den Namen der Todten
1631 1641 2726 1701 auszusprechen, frägt er nach ihrer Krankheit, nach ihrem
1638 1675 2719 1743 Sterben. Und Richard antwortet. Er wundert sich anfangs,
1622 1717 2722 1786 daß er das kann; daß er die widerlichen und gewöhnlichen
1622 1759 2726 1824 Worte für all das Traurige der letzten Tage findet. Und ab
1625 1809 2726 1877 und zu streift sein Blick das Gesicht des Freundes, der blaß,
1621 1845 2154 1910 mit zuckenden Lippen lauscht.
1704 1895 2720 1963 Wie Richard innehält, schüttelt der Andere den Kopf,
1619 1942 2719 2002 als hätte er Unbegreifliches, Unmögliches vernommen. Dann
1637 1990 2732 2052 agt er: Es war mir furchtbar, heute nicht bei Dir sein zu
1623 2024 2347 2084 können. Das war wie ein Verhängniß.
1700 2066 2247 2125 Richard sieht ihn fragend an.
1702 2110 2721 2190 Gerade an jenem Tag . . . in derselben Stunde waren
1617 2121 1689 2199 wir
1697 2148 1979 2208 auf dem Meer.
1701 2192 1834 2246 Ja, ja
1705 2218 2163 2292 Es gibt keine Ahnungen!
2220 2221 2723 2297 .Wir sind gesegelt, und
1623 2275 1681 2322 der
1694 2275 2726 2352 Wind war gut, und wir waren so lustig ... Entsetzlich,
1618 2317 1782 2377 entsetzlich.
1693 2343 2007 2423 Richard schweigt.
1702 2392 2711 2482 Du wirst aber doch jetzt nicht hier bleiben, nicht
1609 2430 1703 2511 wahr
1704 2445 1803 2494 2
1690 2470 2222 2537 Richard schaut auf. Warum?
1696 2528 2208 2588 Nein, nein, Du darfst nicht
1697 2569 2194 2630 Wohin soll ich denn gehn?
2189 2560 2716 2636 ... Ich denke, Du bleibst
1688 2613 2720 2684 bei mir? . .. Und eine Angst überfällt ihn, daß Hugo
1613 2662 2609 2720 wieder weggehen könnte, ohne zu wissen, was geschehen.
1693 2702 2719 2767 Nein, erwidert der Freund, ich nehme Dich mit, Du
1616 2728 1962 2796 fährst mit mir weg.
1694 2780 1957 2848 Ich mit Dir?
1685 2811 2655 2887 Ja . . . Und das sagt er mit einem milden Lächeln.
1697 2868 2229 2943 Wohin willst Du denn? ...
1691 2902 1916 2960 Zurück!
1694 2938 2140 3001 Wieder an die Nordsee?
1694 2991 2711 3059 Ja, und mit Dir. Es wird Dir wohlthun. Ich lasse
1610 3024 1682 3083 Dich
1715 3036 2119 3099 a gar nicht hier, nein!
2165 3039 2240 3087 * *
2240 3035 2704 3103 Und er zieht ihn wie zu
1601 3077 1686 3128 einer
1709 3075 2597 3153 Umormung an sich . . Du mußt zu uns!...
1682 3115 1864 3185 Zu uns?
1862 3133 1892 3169 *
1690 3162 1754 3207 Ja.
1683 3200 2700 3269 Was bedeutet das „zu uns“? Bist Du nicht allein?
1681 3248 2563 3310 Hugo lächelt verlegen: Gewiß bin ich allein ...
1684 3286 1957 3345 Du sagst „uns“
1690 3325 2699 3396 Hugo zögert eine Weile. Ich wollte es Dir nicht gleich
1596 3357 1679 3426 mittl
1684 3368 2071 3437 eilen, sagte er dann.
1802 3413 1849 3459 **
1686 3454 2700 3530 Das Leben ist so sonderbar; — ich habe mich nämlich
1602 3496 1723 3564 verlobt
1682 3512 2220 3593 Richard schaut ihn starr an ..
1681 3582 2691 3645 Darum meint' ich: „zu uns“ . .. Darum geh ich aus,
1591 3618 2689 3690 wieder an die Nordsee zurück und Du sollst mit mir fahren.
1652 3662 2633 3724 Ja? Und er sieht ihm mit hellen Augen in's Gesicht.
1674 3716 2623 3784 Richard lächelt. Gefährliches Klima an der Nordsee.
1674 3748 1902 3812 Wieso?
