3344 4320
1583 124 2032 211 box 34/5
266 136 1423 215 2. Neihnachtseinkaenfe
602 494 971 585 Telephon 12801.
793 559 1474 704 „OBSERVER‘
595 689 1718 770 1 österr. behördl. konz. Unternehmen für Zeilungs-Ausschnltte
804 760 1521 836 Wien, I., Concordiaplatz 4.
1012 824 1328 883 Vertretungen
601 867 1718 913 in Berlin, Budapest, Chicago, Christiania, Genf, Kopenhagen.
595 918 1722 956 London, Madrid, Mailand, Minneapolis, New-York, Paris, Rom.
785 946 1555 1010 San Francisco, Stockholm, St. Petersburg.
967 987 1378 1041 (Quellenangabe ohne Gewühr.)
601 1029 1766 1153 Ausschnitt aus: #eeigel Tagstall, Aussig WE.
620 1167 760 1230 vom:
913 1146 1442 1266 — S HUTEHBERIGOE
774 1261 1773 1345 #* Vorlesung Arthur Schustzler in Teplitz¬
780 1319 1770 1379 Schönan. Ueber Einmu des Teplitz¬
791 1367 1757 1421 Schönauer Leseklubs las Arthur Schnitzler
760 1413 1755 1484 vor einem Publikum, das den Vereinshaus¬
791 1468 1761 1525 saal bis auf das letzte Plätzchen füllte, eigene
795 1516 1050 1576 Werke vor.
889 1560 1767 1639 Seine vornehme, ruhige Art zu sprechen,
788 1611 1754 1661 welche aber nicht hinderte dort, wo es am
795 1662 1758 1731 Platze war, warme, zu Herzen gehende Akzente
785 1712 1765 1765 zu finden, gewann dem Dichter bald die
791 1765 1767 1810 Sympathien der Zuhörer und stellte den zur
784 1808 1748 1872 Erzielung einer nachhaltenden Wirkung not¬
787 1854 1751 1905 wendigen Kontakt zwischen Beiden rasch her.
870 1899 1758 1967 Der Dialog „Weihnachtseinkäufe“ aus
772 1927 1760 2024 dem Zyklus Anatol ist eine fein pointierte,
773 1999 1750 2078 von geistreichen Einfällen und Wortspielen
772 2031 1754 2127 durchsetzte Studie, mit welcher der Dichter
778 2105 1761 2171 wohl selbst nicht sein Bestes gegeben zu haben
773 2150 936 2211 glaubt.
865 2192 1744 2252 Den Höhepunkt des Abends bildete die
772 2248 1741 2310 Vorlesung des Einakters „Die letzten Masken“.
770 2299 1757 2365 In ergreifender, packender Weise schildert
776 2347 1755 2410 Schnitzler einen an der Welt und wohl auch
771 2388 1753 2459 an sich selbst zugrundegegangenen Dichter, der
776 2452 1743 2520 im Elend seine Sterbestunde erwartet; er
770 2476 1756 2538 läßt den Freund aus der Jugendzeit, der
770 2538 1747 2610 mittlerweile ein berühmter Dichter geworden
777 2582 1739 2643 ist, zu sich holen, um ihn zu sagen, daß er
853 2634 1739 2697 der Zurückgesetzte — von ihnen Beiden
762 2686 1723 2748 der reichere gewesen, indem des Anderen —
771 2727 1748 2783 des Berühmten — Gattin von dessen geisti¬
778 2774 1745 2833 ger Oede zu dem armen verkannten Freunde
770 2830 1739 2888 sich flüchtete. Dem Sterbenden treten die
772 2883 1749 2943 „Lebendigen Stunden“ seines verpfuschten
759 2929 1741 3001 Lebens vor die erlöschenden Augen. Und wie
759 2963 1730 3037 nun der große, berühmte Dichter kommt und
757 3018 1729 3078 der Sterbende, der ihn mit einem Worte zu
770 3069 1733 3143 Boden schmettern könnte, schweigt, weil er die
755 3124 1727 3191 Nichtigkeit alles Seienden erkennt und Neid
765 3162 1728 3233 und Haß in nichts zusammensinken vor dem
757 3208 1727 3282 großen Unbekannten, das muß man gelesen
748 3264 1715 3325 und wenn man es voll, in ganzer Größe auf
762 3312 1728 3375 sich wirken lassen will, von Schnitzler selbst
759 3357 1062 3425 gehört haben.
856 3393 1725 3469 Ich glaube, daß dieses Werk ein bleiben¬
753 3455 1719 3501 der Gewinn für unsere Literatur sein wird.
845 3512 1719 3567 Zum Schlusse brachte uns Schnitzler die
759 3555 1719 3622 Humoreske Exzentrik“ welche die Zuhörer
755 3598 1744 3687 durch geistreiche, witzige Führung des Dialo¬
749 3651 1096 3722 ges unterhielt.
1375 3672 1507 3768 —
845 3748 1720 3827 Diese Vorlesung regte wohl wieder ein:
752 3814 1728 3866 mal die Frage an: Bietet uns ein Werk
752 3855 1733 3922 mehr, wenn wir es selbst lesen, oder, wenn
753 3903 1300 3961 es uns vorgelesen wird?
857 3945 1748 4009 Ich glaube: Es kommt auf das Werk
758 3996 1735 4052 und auf den Vorleser an. Die letzten Masken
748 4053 1762 4111 werden sich wohl viele noch einmal vor¬
1534 4097 1700 4144 her u
