3392 4352
190 245 784 343 2. Cuttings
887 246 1356 335 box 37/1
1599 909 1984 970 EGON P. STOLL.
1029 917 1133 974 292
1024 1023 2606 1081 Weib, das an unsrem Herzen ruhte Dass diese Erkenntnis unaus¬
1020 1093 2610 1154 gesprochen aus Schnitzlers Buch redet, das bildet seine melancholische Grösse.
1151 1190 2611 1249 „Und hun kein Wort mehr!“ sagte der Meister als Florestans Spiel auf¬
1022 1235 2613 1280 gehört. Wir aber, die verklungenen Töne tief im Herzen, schreiten leise zur
1027 1280 2253 1324 Schwelle und reichen „dem stummen Spieler“ einen Kranz.
1796 1439 1867 1493 86
1322 1642 2291 1732 X-STRAHLEN-PHANTASIEN.
1780 1752 1882 1816 VON
1635 1813 2009 1890 EGON P. STOLL.
1163 1962 2625 2023 Die Natur, welche mit Vorliebe „Mutter“ genannt wird, geberdet sich
1038 2027 2618 2073 dem Naturforscher gegenüber durchaus, wie eine höhere Tochter aus der
1037 2070 2618 2121 besten Gesellschaft. Furchtbar spröde! Nicht nur, dass sie sehr „zugeknöpft“
1047 2114 2617 2160 ist, umhüllt sie sich mit einem dichten Schleier und noch keinem sterblichen
1033 2155 2617 2213 Bewerber war es gegönnt, ihr voll ins Antlitz zu blicken. Aber die Natur¬
1038 2194 2615 2247 forscher sind nicht anders, wie alle anderen Männer! Das Unbekannte, Ge¬
1046 2251 2624 2298 heimnissvolle, Unerreichte und Unerreichbare reizt sie am allermeisten. Trotz¬
1043 2291 2627 2343 dem die Natur nun immer älter und älter wurde, büsste sie an ihrer Sprödigkeit
1040 2334 2624 2384 nicht ein, so dass es gar vielen ihrer Bewerber schliesslich an Mut und Ge¬
1046 2381 2632 2431 duld zum Weiterforschen gebrach und sie sich auf das viel bequemere Raten
1038 2418 2628 2463 und Combiniren verlegten, was denn wohl hinter dem Schleier stecken möge.
1047 2462 2633 2516 Dem Laienpublikum gegenüber aber thaten sie so, als ob sie nicht nur ein
1055 2513 2625 2561 wenig aufs Geradewohl hin geraten, sondern den Schleier wirklich gelüftet
1047 2551 2621 2608 hätten und zu der Natur in ganz nahen Beziehungen ständen. Sie renommirten.
1041 2605 2013 2660 Solche Leute nannte man „Naturphilosophen.“
1162 2632 2626 2688 Erst in den letzten fünfzig Jahren gelang es einzelnen begnadeten
1041 2682 2625 2738 Forschern ganz kleine Zipfel des Schleiers zu heben und dahinter einen Blick
1053 2733 2621 2794 zu thun. Das Gesetz der specifischen Energien der Sinnesorgane, das Gesetz
1055 2768 2627 2833 von der Erhaltung der Kraft, die Spectralanalyse, die Verwandschaft zwischen
1048 2820 2618 2879 Licht und Electricität und schliesslich die X-Strahlen, — all’ diese Entdeckungen
1051 2859 2627 2921 bedeuten einen so gewaltigen Fortschritt auf dem Gebiete der Naturkenntniss,
1047 2910 2623 2962 dass Alles, was in vorigen Zeiten auf diesem Gebiete geleistet wurde, dahin¬
1050 2948 2634 3011 fällt im Vergleich zu den naturwissenschaftlichen Errungenschaften der zweiten
1045 2998 1663 3059 Hälfte unseres Jahrhunderts.
1167 3013 2621 3095 Und ebenso wie vor wenigen Jahren das „Hertz“fieber alle Gelehrten
1057 3085 2629 3147 ergriff, so hält jetzt das „Röntgen“fieber alle Köpfe in Aufregung. Nur mit
1057 3127 2633 3184 dem Unterschiede, dass die Röntgen'sche Entdeckung viel eher geeignet ist,
1054 3189 2623 3228 das Laienpublikum für sich gefangen zu nehmen, während die Hertz'schen
1063 3218 2617 3267 Versuche doch nur vom Fachmann gewürdigt werden können. Es schien zu¬
1053 3268 2627 3315 erst ganz toll! Hindernisse, wirkliche und wahrhaftige Hindernisse verschwinden
1053 3301 2624 3351 einfach vor der magischen durchdringenden Gewalt der X-Strahlen!. Die
1043 3351 2633 3407 grünliche Fluorescenz einer evacuirten „Crookes“'schen Röhre, welche bisher
1055 3387 2627 3452 nur als interessanter Schulversuch betrachtet wurde genügt auf einmal, die
1060 3449 2634 3519 ganz unglaublichen durchsichtigen photographischen Aufnahmen zu ermöglichen.
1171 3482 2634 3529 Aber gar so einfach ist die Sache denn doch nicht! Denn da handelt
1051 3525 2630 3575 es sich vor allem um eine tadellos hergestellte Röhre, mit vorzüglich isolirten
1053 3571 2639 3629 Elektroden; und da die bestevacuirte Röhre schon nach Verlauf einiger'Stunden,
