3484 4256
-5 1990 41 2037 t
278 152 1219 253 29. Doktor Graesler
1287 152 1685 230 Badearzt
1822 159 2221 258 box 4/7
489 200 1686 255 ∆ — 4 —  —  4 J   -ALaZ
2374 805 2885 950 1. Beiblatt.
557 826 2016 1014 Berliner Tageblatt.
2162 929 3098 1018 Druck und Verlag von Rudolf Mosse in Berlin.
1476 1013 1574 1057 CRE
649 1010 1890 1079 auf Giesein Gtutdstna, sondern allch die ded Inhriserri Wergeltn
2010 1014 3006 1107 Sühefsereret vor Deet Sesure r ere
182 1053 643 1112 owie die Straßen= und
646 1075 1885 1138 Meilick, Bartelstraße 9. Ausgekommen ist der Brand in einem
185 1094 635 1147 uer frei zu lassen,
2099 1093 2894 1174 Das letzte Wort der Angeklagten.
651 1129 1877 1180 zweistöckigen Schuppen der Speditionsfirma Roß und Schütze, die be¬
182 1139 643 1212 Dauer des Krieges zu be¬
662 1167 1881 1210 sonders Butter und Margarine befördert. Die Feuerwehr mußte mit
1935 1138 3130 1223 Nach Beendigung der Plaidoyers der Verteidiger, an die sich
662 1196 1872 1252 fünf Schlauchleitungen von drei Seiten angreifen, um des gefährlichen
1884 1210 3130 1258 kurze Entgegnungen der Staatsanwälte und eine Widerlegung
184 1211 639 1280 Verkehrsmittel, etwa der¬
649 1246 1873 1299 Brandes Herr zu werden. Die Hoflagerräume sind fast total aus¬
1892 1250 3133 1296 durch Rechtsanwalt Dr. Davidsohn schlossen, teilte der Vorsitzende,
183 1278 638 1327 die Stadt=, Ring= und
659 1288 1870 1341 gebrannt. Die Hitze war so groß, daß die Steine und der Mörtel zu
1883 1292 3124 1348 Landgerichtsdirektor Dr. Schwartze, mit, daß Schiffmann noch
176 1314 645 1372 #rde, wie es in der Ein¬
652 1324 1019 1386 Sand zerbröckelten.
1883 1335 3131 1385 sieben neue Anträge gestellt habe, die vorzutragen seien. Da
192 1355 655 1412 erachten sein, weil sie
706 1368 1873 1427 Ein Dachstuhlbrand beschäftigte die Charlottenburger Feuerwehr
1885 1382 3124 1431 darüber Beschluß gefaßt werden müsse, sei es ausgeschlossen, den
181 1400 640 1456 wirtschaftliche Leistungs¬
646 1387 1870 1464 unter Leitung ihres Brandinspektors v. Leupoldt mehrere Stunden
1887 1416 3126 1468 Prozeß schon Dienstag zu Ende zu führen; durch die Schuld des
191 1432 642 1509 s Verbandsgebietes aber
655 1455 1876 1498 in der Bleibtreustraße 18, Ecke Mommsenstraße. Der Dach¬
1890 1463 3131 1514 Angeklagten werde vielmehr eine neue Verzögerung eintreten.
655 1500 1873 1550 stuhl des Eckhauses ist zum Teil niedergebrannt; die oberen Ge¬
1894 1498 3122 1558 In einer kurzen Pause besann sich Schiffmann eines besseren und
647 1539 1643 1593 schosse haben durch Eindringen des Wassers gelitten.
1889 1547 3142 1600 erklärte, die Anträge zurückzuziehen. Zum letzten Wort ver¬
176 1558 644 1638 ligen schweizerischen Ge¬
708 1571 1873 1641 17=Millionen=Haushalt der Stadt Wilmersdorf. Von heute
1891 1587 3132 1644 stattet, gab Schiffmann eine kurze Erklärung dahin ab: Zur
183 1623 642 1678 z und den neuernannten
654 1628 1874 1672 ab liegt der neue Haushaltungsvoranschlag Wilmersdorfs öffent¬
1891 1628 3144 1688 Sache selbst wolle er nichts mehr sagen. Er versichere nochmals,
177 1662 634 1725 ttsaudienz, beide in Ge¬
648 1671 1865 1718 lich aus. Er schließt in Einnahme und Ausgabe mit 17 031 000 Mark ab.
1886 1670 3135 1727 er möge leichtsinnig und vielleicht kaufmännisch unfair gehandelt
174 1706 633 1758 gen Amtes Zimmermann.
651 1715 1877 1762 Von einer Erhöhung der Steuern hat der Magistrat abgesehen. Die
1885 1709 3132 1767 haben, eine verbrecherische. Absicht habe er aber nicht gehabt. Manches
183 1752 636 1805 ortrag und empfing den
649 1752 1878 1809 Gemeindeeinkommensteuer beträgt, wie im laufenden
1882 1756 3136 1802 was er vor Gericht gesagt, wäre besser unterblieben, manche An¬
179 1789 648 1849 ie Kaiserin empfing
652 1795 1876 1851 Jahre, 170 Prozent. In der in der kommenden Woche stattfindenden
1887 1799 3131 1863 träge hätte er sich ersparen sollen, doch solle man ihm zugute halten,
170 1830 647 1904 en v. Claparêde und den
648 1844 1872 1911 Sitzung der Stadtverordnetenversammlung wird die erste Lesung des
1889 1839 3129 1910 daß er nach vierjähriger Untersuchungshaft um seine Freiheit
862 1895 976 1964 T
1458 1897 1664 1965 n
645 1899 747 1970 220
2431 1888 2905 1971 S
650 1958 1872 2023 Wiederkehr aus dem düstern Ernst seines Berufs von einem
1896 1963 3133 2021 lager des Kindes gestanden hatte, das jetzt ruhiger atmete,
658 2010 1780 2080 holdseligen jungen Ding liebevoll empfangen zu werden.
1880 2009 3138 2062 drückte er der Mutter herzlich die Hand und empfahl sich, ge¬
187 1970 656 2115 Badearzt
713 2039 1868 2115 Frau Sommer saß am Bett ihres Kindes, das sich fieberisch
1889 2058 2684 2115 folgt von ihren dankbar heißen Blicken.
656 2080 1882 2151 hin= und herwälzte, als Doktor Gräsler eintrat. Er nahm,
1945 2094 3140 2152 Rasch eilte er ins zweite Stockwerk, schloß seine Wohnung
660 2141 1878 2193 nach ein paar einleitenden Fragen und Bemerkungen, an der
1896 2157 3131 2204 auf und trat ins Speisezimmer, das er leer fand. Sie hat
236 2152 617 2247 [Nachdruck verboten.]
650 2180 1880 2228 kleinen Kranken eine sorgfältige Untersuchung vor, nach deren
1890 2192 3133 2249 rasch die Geduld verloren, dachte er bei sich. Das war zu er¬
654 2223 1870 2271 Abschluß er sich genötigt sah, die Vermutung auszusprechen,
1882 2230 3135 2287 warten. Vielleicht ist es gut so, da das Kind unten doch wohl
180 2234 266 2291 er.
650 2262 1877 2323 daß ein Ausschlag zum Ausbruch kommen dürfte. Die Mutter
1881 2277 3133 2338 eine ansteckende Krankheit bekommen wird. Das ist ihr wohl
173 2270 643 2356 geöffneten Tür fiel in
653 2302 1873 2358 gebärdete sich wie verzweifelt. Ein Kind hätte sie schon vor
1883 2320 3147 2376 auch durch den Kopf gegangen. Freilich, Sabine wäre in
186 2334 641 2394 ie Flüsterstimme tönte
648 2345 1872 2399 drei Jahren verloren, ihr Gatte war vor einem halben Jahr
1889 2361 3134 2412 einem solchen Fall nicht geflohen. Immerhin hat sie sich's vor¬
181 2378 642 2438 Sommer selbst“, sagte
651 2382 1877 2442 auf einer Geschäftsreise in der Fremde gestorben; ja, sie hatte
1882 2390 3136 2459 her noch schmecken lassen. Er betrachtete den. Tisch mit den
170 2419 641 2471 Geländer. „Gnädige
650 2436 1868 2492 nicht einmal sein Grab gesehen. Was sollte nur aus ihr wer¬
1891 2453 3126 2501 Resten des Mahls, und seine Lippen zuckten verächtlich. Es
176 2458 631 2519 loktor nicht zu Hause?“
652 2474 1872 2527 den, wenn ihr nun auch das Letzte geraubt würde, was ihr ge¬
1890 2499 3135 2547 wäre keine üble Idee, sagte er sich dann, sich nochmals in den
172 2500 639 2562 und blickte hinab. Die
654 2514 1873 2556 blieben war. Doktor Gräsler erklärte, daß vorläufig kein An¬
1881 2529 3119 2584 resten Stock zu bemühen und der hübschen Witwe Gesellschaft
170 2546 642 2604 nZüge im Halbdunkel
647 2549 1867 2610 laß zu Befürchtungen vorläge, daß es vielleicht mit einer ein¬
1891 2574 3134 2627 zu leisten. Er empfand, daß er bei ihr in dieser Stunde noch,
182 2591 636 2645 einem Retter empor.
660 2601 1880 2655 fachen Halsentzündung sein Bewenden haben, daß aber ein so
1884 2611 3136 2672 am Bette des fiebernden Kindes erreichen könnte, was er
174 2627 642 2691 tor, Sie kommen gleich?
658 2643 1871 2700 wohlgenährtes, kräftiges Kind auch einer ernsteren Krankheit
1885 2669 3132 2714 nur wolle, und war von der Verworfenheit dieses Einfalls
184 2673 449 2732 t ihm ist.“
661 2689 1870 2740 genügenden Widerstand entgegensetzen könnte. So wußte er
1884 2694 3125 2758 nicht unangenehm durchschauert. „Aber ich geh’ ja doch nicht
191 2706 640 2775 ch. Nur eine Minute
655 2731 1876 2781 noch allerlei Beschwichtigendes vorzubringen und merkte mit
1890 2739 3124 2791 hinab, sagte er dann vor sich hin, „ich bin und bleibe ein
166 2755 640 2827 leich das Thermometer
660 2767 1878 2816 Befriedigung, daß seine vernünftigen Worte ihre Wirkung auf
1883 2779 3134 2843 Philister, was mir Sabine diesmal vielleicht sogar verzeihen
654 2811 1874 2864 die Mutter nicht verfehlten. Er verordnete das Nötige; das
1885 2832 3126 2887 würde.“ Die Tür ins Arbeitszimmer stand offen. Er trat hin¬
173 2825 642 2899 nd Doktor Gräsler die
659 2848 1874 2901 Dienstmädchen wurde in die nahe Apotheke geschickt; indes ver¬
1888 2862 3122 2908 ein und machte Licht. Natürlich war Katharina auch hier
191 2884 650 2948 in das Zimmer, wo
663 2895 1870 2946 weilte Gräsler am Kranlenbette, von Minute zu Minute den
1886 2906 3127 2972 nicht. Er drehte dann wieder ab, dann merkte er, wie durch
183 2921 652 2992 den Tisch gelehnt, ihm
660 2933 1873 2983 Puls des Kindes fühlend, und öfters dessen heiße trockene Stirn
1887 2959 3122 3018 den Türspalt aus dem Schlafzimmer ein Lichtschein drang.
171 2976 638 3022 rtlichkeit für sie erfüllt,
656 2978 1874 3030 berührend, wo seine Hand zuweilen der der besorgten Mutter
1884 2995 3131 3045 Eine leise Hoffnung in ihm regte sich. Er zögerte, denn jeden¬
172 3015 642 3073 n so schnöden Verdacht
663 3016 1881 3070 begegnete. Nach längerem Schweigen begann diese von neuem
1890 3037 3127 3101 falls tat es wohl, sich eine Weile an dieser Hoffnung zu
160 3056 653 3122 nd, engelhaft geradezu.
654 3056 1876 3104 ängstliche Fragen zu flüstern, der Arzt faßte väterlich ihre
1893 3077 3132 3140 erwärmen. Nun hörte er von drinnen ein Rascheln und
161 3094 646 3155 das Haar. „Wir haben
659 3106 1877 3162 Hände, sprach ihr gütig zu, mußte daran denken, daß Sabine
1890 3124 3127 3176 Knittern. Er öffnete die Tür. Da lag Katharina oder saß
159 3144 639 3199 Denk dir, da werde ich
652 3149 1872 3202 nun wohl mit ihm zufrieden wäre, und merkte zugleich im
1884 3162 3120 3221 vielmehr aufrecht in seinem Bett und sah von einem dicken
163 3174 642 3242 hier im Hause, ich kann
662 3189 1880 3244 grünlich matten Schein der verhängten Deckenlampe, daß
1890 3213 3135 3262 Buche auf, das sie auf der Decke in beiden Händen hielt.
180 3222 652 3287 peigern. So bleibt mir
655 3239 1871 3283 das leicht fließende Hauskleid der jungen Witfrau sehr an¬
1895 3245 3133 3305 „Du bist doch nicht böse,“ sagte sie einfach. Ihre braunen,
184 3264 651 3340 zu einem Wagen zu
667 3267 1878 3330 mutige Formen barg. Als das Mädchen wiederkam, erhob er
1886 3300 3126 3347 leicht gelockten Haaren rannen aufgelöst über ihre blassen
665 3313 1875 3366 sich und wiederholte, was er schon beim Eintreten beiläufig er¬
1886 3327 3127 3385 Schultern. Wie schön sie war! Gräsler stand noch immer
660 3348 1874 3405 wähnt hatte, daß er die weitere Behandlung des Kindes zu
177 3338 646 3419 mmer auf ihrem Kopf
1889 3377 3117 3417 in der Tür, ohne sich zu regen. Er lächelte, denn das Buch,
657 3389 1879 3449 übernehmen leider nicht in der Lage sei, da er schon in den
168 3401 652 3460 cht gern, das kannst du
1888 3417 3112 3474 das auf der Decke ruhte, war der angtomische Atlas. „Was
662 3439 1873 3497 nächsten Tagen abreisen müsse. Die Mutter beschwor ihn,
181 3441 656 3497 du am Ende auf mich
1893 3459 3115 3515 hast du dir denn da ausgesucht?“ fragte er, mit einiger Be¬
668 3487 1871 3531 mindestens so lange der Arzt des Kindes zu bleiben, als er
170 3473 647 3541 e Hand. „Wenn's nicht
1888 3505 3112 3558 fangenheit nähertretend. „Es ist auf deinem Schreibtisch ge¬
657 3528 1875 3577 noch in der Stadt verweile. Sie habe zu böse Erfahrungen
182 3528 645 3583 ill ich mich beeilen. Du
1884 3542 3117 3611 legen. Hätt' ich nicht sollen? Verzeih'! Aber sonst wär' ich
660 3553 1870 3610 mit den Aerzten hier am Ort gemacht, zu ihm aber habe sie
188 3567 658 3622 die Stirn, holte rasch
1890 3584 3108 3637 vielleicht eingeschlafen, und da bin ich nicht wach zu kriegen.“
669 3603 1872 3660 sofort das rückhaltloseste Vertrauen gefaßt; und wenn irgend
176 3605 657 3666 rze Instrumententasche,
1884 3621 3112 3678 Ihre Augen lächelten, ganz ohne Spott, — hingebungsvoll bei¬
660 3633 1878 3701 einer, das fühle sie, sei er imstande, ihr das geliebte Kind zu
167 3642 645 3705 nahnte Katharina, sich's
1889 3670 3122 3738 nahe. Gräsler setzte sich zu ihr aufs Bett, zog sie an sich, küßte
664 3696 1879 3740 retten. So blieb ihm denn nichts anderes übrig, als vorläufig
179 3691 655 3750 der Tür aus nochmals
1885 3716 2898 3789 sie auf den Hals und das schwere Buch klappte zu.
182 3735 1877 3782 ickte, dann eilte er die für den nächsten Morgen seinen Besuch in Aussicht zu stellen,
2293 3755 2695 3832 (Fortsetzung folgt.)
182 3749 1895 3827 Voraussicht, nach seiner! und, nachdem er noch eine Weile still beobachtend am Kranken¬
