<?xml version="1.0" encoding="UTF-8" standalone="yes"?>
<PcGts xmlns="http://schema.primaresearch.org/PAGE/gts/pagecontent/2013-07-15" xmlns:xsi="http://www.w3.org/2001/XMLSchema-instance" xsi:schemaLocation="http://schema.primaresearch.org/PAGE/gts/pagecontent/2013-07-15 http://schema.primaresearch.org/PAGE/gts/pagecontent/2013-07-15/pagecontent.xsd">
    <Metadata>
        <Creator>prov=University of Rostock/Institute of Mathematics/CITlab/Gundram Leifert/gundram.leifert@uni-rostock.de:name=ONB_Newseye_GT_M1+(htr_id=10810)::::v=2.4.2
prov=University of Rostock/Institute of Mathematics/CITlab/Tobias Gruening/tobias.gruening@uni-rostock.de:name=de.uros.citlab.module.baseline2polygon.B2PSeamMultiOriented:v=2.4.2
prov=University of Rostock/Institute of Mathematics/CITlab/Tobias Gruening/tobias.gruening@uni-rostock.de:name=/mnt/transkribus/LA/DEA/URO/LA_news_onb_att.pb:de.uros.citlab.segmentation.CITlab_LA_ML:v=2.4.2
Transkribus</Creator>
        <Created>2019-10-07T10:24:58.454+02:00</Created>
        <LastChange>2019-10-07T14:33:22.649+02:00</LastChange>
        <TranskribusMetadata docId="223892" pageId="9491866" pageNr="80" tsid="16379352" status="IN_PROGRESS" userId="40391" imgUrl="https://files.transkribus.eu/Get?id=HPSJGFAHEHZJMBGOXDCHZUXL&amp;fileType=view" xmlUrl="https://files.transkribus.eu/Get?id=WNJYBTNORTSWWWVRQLXYQCCZ" imageId="6182154"/>
    </Metadata>
    <Page imageFilename="223892_0080.jpeg" imageWidth="3484" imageHeight="4256">
        <ReadingOrder>
            <OrderedGroup id="ro_1711445713615" caption="Regions reading order">
                <RegionRefIndexed index="0" regionRef="r1"/>
                <RegionRefIndexed index="1" regionRef="r2"/>
            </OrderedGroup>
        </ReadingOrder>
        <TextRegion orientation="0.0" id="r1" custom="readingOrder {index:0;}">
            <Coords points="298,156 298,320 484,320 484,156"/>
            <TextLine id="r1l1" custom="readingOrder {index:0;}">
                <Coords points="289,262 301,262 314,275 363,267 390,286 421,273 444,276 470,268 493,278 495,246 470,243 437,210 422,209 385,185 352,203 337,200 293,212"/>
                <Baseline points="298,257 324,256 351,257 377,258 404,259 430,262 457,266 484,270"/>
                <TextEquiv>
                    <Unicode>29.</Unicode>
                </TextEquiv>
            </TextLine>
            <TextEquiv>
                <Unicode>29.</Unicode>
            </TextEquiv>
        </TextRegion>
        <TextRegion orientation="0.0" id="r2" custom="readingOrder {index:1;}">
            <Coords points="499,234 499,3481 2385,3481 2385,234"/>
            <TextLine id="r2l1" custom="readingOrder {index:0;}">
                <Coords points="496,268 767,269 807,234 844,268 1214,259 1214,220 1091,199 740,219 653,194 556,210 496,183"/>
                <Baseline points="505,258 540,258 575,257 610,256 645,256 680,255 715,255 750,255 785,255 820,256 855,256 890,256 925,256 960,256 995,256 1030,256 1065,256 1100,256 1135,256 1170,255 1206,255"/>
                <TextEquiv>
                    <Unicode>Doktor Graesler</Unicode>
                </TextEquiv>
            </TextLine>
            <TextLine id="r2l2" custom="readingOrder {index:1;}">
                <Coords points="1277,258 1310,270 1592,271 1691,259 1691,223 1643,201 1624,217 1572,204 1537,217 1447,210 1426,198 1397,215 1329,195 1277,204"/>
                <Baseline points="1285,257 1311,256 1338,256 1364,256 1391,255 1417,255 1444,255 1470,256 1497,256 1523,256 1550,256 1576,256 1603,257 1629,257 1656,257 1683,257"/>
                <TextEquiv>
                    <Unicode>Badearzt</Unicode>
                </TextEquiv>
            </TextLine>
            <TextLine id="r2l3" custom="readingOrder {index:2;}">
                <Coords points="1779,263 1846,257 1969,280 2041,247 2101,284 2135,262 2165,275 2215,263 2214,209 2186,191 2086,185 2044,212 1994,204 1962,218 1929,198 1899,212 1870,202 1825,239 1779,229"/>
                <Baseline points="1787,270 1813,266 1839,264 1865,262 1892,261 1918,261 1944,262 1970,262 1997,263 2023,264 2049,264 2075,265 2102,265 2128,264 2154,262 2180,260 2207,256"/>
                <TextEquiv>
                    <Unicode>box 4/9</Unicode>
                </TextEquiv>
            </TextLine>
            <TextLine id="r2l4" custom="readingOrder {index:3;}">
                <Coords points="491,298 1685,300 1685,259 1534,231 1459,261 491,251"/>
                <Baseline points="499,279 557,280 616,280 675,281 734,281 793,281 852,281 911,281 970,281 1029,281 1088,281 1146,281 1205,281 1264,281 1323,281 1382,281 1441,281 1500,281 1559,282 1618,282 1677,283"/>
                <TextEquiv>
                    <Unicode> e   </Unicode>
                </TextEquiv>
            </TextLine>
            <TextLine id="r2l5" custom="readingOrder {index:4;}">
                <Coords points="1015,1183 2318,1176 2350,1106 1014,1132"/>
                <Baseline points="1024,1182 1089,1181 1155,1180 1221,1179 1287,1178 1353,1177 1419,1176 1485,1175 1551,1174 1617,1173 1683,1172 1748,1171 1814,1170 1880,1169 1946,1168 2012,1167 2078,1165 2144,1164 2210,1163 2276,1161 2342,1159"/>
                <TextEquiv>
                    <Unicode>Gegensatz zum alten) die einzige innere wie äußere, seelische wie</Unicode>
                </TextEquiv>
            </TextLine>
            <TextLine id="r2l6" custom="readingOrder {index:5;}">
                <Coords points="1017,1251 2356,1204 2355,1170 2088,1162 1016,1201"/>
                <Baseline points="1025,1227 1091,1227 1157,1227 1223,1227 1289,1227 1355,1226 1421,1226 1488,1225 1554,1224 1620,1223 1686,1222 1752,1220 1818,1219 1884,1218 1951,1217 2017,1216 2083,1214 2149,1213 2215,1212 2281,1211 2348,1211"/>
                <TextEquiv>
                    <Unicode>sachliche Beziehung in den zwei „Lieben“ Doktor Gräslers, die</Unicode>
                </TextEquiv>
            </TextLine>
            <TextLine id="r2l7" custom="readingOrder {index:6;}">
                <Coords points="1023,1277 2282,1277 2344,1269 2343,1221 1022,1250"/>
                <Baseline points="1031,1276 1096,1276 1161,1277 1226,1277 1291,1277 1357,1276 1422,1276 1487,1275 1552,1275 1617,1274 1683,1273 1748,1272 1813,1271 1878,1270 1943,1268 2009,1267 2074,1266 2139,1264 2204,1263 2269,1261 2335,1259"/>
                <TextEquiv>
                    <Unicode>mehr nach einander als neben, in und durch einander verlaufen.</Unicode>
                </TextEquiv>
            </TextLine>
            <TextLine id="r2l8" custom="readingOrder {index:7;}">
                <Coords points="1015,1342 2355,1332 2354,1271 2309,1263 1015,1279"/>
                <Baseline points="1024,1325 1090,1325 1156,1326 1222,1326 1288,1326 1354,1325 1420,1325 1486,1325 1552,1324 1618,1324 1685,1323 1751,1322 1817,1321 1883,1320 1949,1318 2015,1317 2081,1315 2147,1313 2213,1311 2279,1309 2346,1307"/>
                <TextEquiv>
                    <Unicode>Es soll nicht geleugnet werden, daß Frau Sommer einiges und</Unicode>
                </TextEquiv>
            </TextLine>
            <TextLine id="r2l9" custom="readingOrder {index:8;}">
                <Coords points="1020,1387 2358,1361 2357,1318 2300,1312 1020,1344"/>
                <Baseline points="1029,1378 1095,1377 1161,1376 1227,1375 1293,1374 1359,1373 1425,1372 1491,1371 1557,1369 1623,1369 1689,1368 1755,1367 1821,1366 1887,1365 1953,1364 2019,1363 2085,1362 2151,1361 2217,1359 2283,1358 2350,1357"/>
                <TextEquiv>
                    <Unicode>so manches zugunsten einer zeitlichen Vorwärtsschiebung tut und</Unicode>
                </TextEquiv>
            </TextLine>
            <TextLine id="r2l10" custom="readingOrder {index:9;}">
                <Coords points="1019,1446 2352,1407 2262,1362 1018,1386"/>
                <Baseline points="1027,1427 1092,1425 1158,1424 1224,1422 1290,1421 1356,1420 1422,1418 1487,1418 1553,1417 1619,1416 1685,1415 1751,1415 1817,1414 1883,1413 1948,1413 2014,1412 2080,1411 2146,1411 2212,1410 2278,1409 2344,1407"/>
                <TextEquiv>
                    <Unicode>gegen ein erotisches Doppelspiel nichts einzuwenden hätte; aber</Unicode>
                </TextEquiv>
            </TextLine>
            <TextLine id="r2l11" custom="readingOrder {index:10;}">
                <Coords points="1020,1485 2306,1474 2352,1419 1020,1443"/>
                <Baseline points="1029,1473 1094,1473 1160,1473 1226,1472 1292,1472 1357,1471 1423,1471 1489,1470 1555,1469 1620,1468 1686,1467 1752,1466 1818,1465 1883,1464 1949,1463 2015,1462 2081,1461 2146,1460 2212,1459 2278,1458 2344,1457"/>
                <TextEquiv>
                    <Unicode>Schnitzler hütet sich und uns vor einer Neuauflage des „Wegs</Unicode>
                </TextEquiv>
            </TextLine>
            <TextLine id="r2l12" custom="readingOrder {index:11;}">
                <Coords points="1027,1530 2345,1518 2358,1478 1027,1487"/>
                <Baseline points="1036,1523 1101,1523 1167,1522 1233,1521 1298,1521 1364,1520 1430,1519 1495,1518 1561,1516 1627,1516 1693,1514 1758,1513 1824,1512 1890,1511 1955,1510 2021,1509 2087,1509 2152,1508 2218,1507 2284,1507 2350,1507"/>
                <TextEquiv>
                    <Unicode>ins Freie', des „Grünen Kakadus und etlicher andrer „Komödien</Unicode>
                </TextEquiv>
            </TextLine>
            <TextLine id="r2l13" custom="readingOrder {index:12;}">
                <Coords points="1019,1568 2352,1552 2304,1511 1019,1531"/>
                <Baseline points="1028,1572 1093,1571 1159,1570 1225,1569 1291,1568 1357,1567 1422,1567 1488,1566 1554,1566 1620,1565 1686,1564 1751,1564 1817,1563 1883,1562 1949,1562 2015,1561 2080,1560 2146,1558 2212,1557 2278,1556 2344,1554"/>
                <TextEquiv>
                    <Unicode>der Worte und Gefühle. Er will größere Strichführung, reinere</Unicode>
                </TextEquiv>
            </TextLine>
            <TextLine id="r2l14" custom="readingOrder {index:13;}">
                <Coords points="1018,1631 2361,1604 2360,1557 1018,1587"/>
                <Baseline points="1027,1620 1093,1620 1159,1620 1225,1620 1292,1620 1358,1619 1424,1619 1491,1618 1557,1617 1623,1616 1690,1615 1756,1615 1822,1613 1888,1612 1955,1611 2021,1610 2087,1608 2154,1607 2220,1605 2286,1604 2353,1602"/>
                <TextEquiv>
                    <Unicode>Umrißlinien als sonst, und er hat sie für diesmal am reinsten</Unicode>
                </TextEquiv>
            </TextLine>
            <TextLine id="r2l15" custom="readingOrder {index:14;}">
                <Coords points="1026,1677 2349,1650 2333,1606 1026,1640"/>
                <Baseline points="1034,1671 1099,1670 1164,1668 1229,1667 1295,1666 1360,1665 1425,1665 1491,1664 1556,1664 1621,1663 1687,1662 1752,1662 1817,1661 1882,1661 1948,1660 2013,1659 2078,1658 2144,1657 2209,1656 2274,1655 2340,1653"/>
                <TextEquiv>
                    <Unicode>und größten in der Zeichnung Sabinens gegeben, die ich, wenn</Unicode>
                </TextEquiv>
            </TextLine>
            <TextLine id="r2l16" custom="readingOrder {index:15;}">
                <Coords points="1019,1732 2367,1703 2339,1650 1019,1687"/>
                <Baseline points="1028,1720 1094,1718 1161,1716 1227,1715 1294,1714 1360,1712 1427,1712 1493,1711 1560,1711 1626,1710 1693,1710 1759,1710 1826,1709 1892,1709 1959,1709 2025,1708 2092,1707 2158,1706 2225,1706 2291,1704 2358,1702"/>
                <TextEquiv>
                    <Unicode>Ernst Graf Reventlow nicht wäre eine deutsche Frauengestalt</Unicode>
                </TextEquiv>
            </TextLine>
            <TextLine id="r2l17" custom="readingOrder {index:16;}">
                <Coords points="1015,1761 2353,1770 2319,1704 1014,1726"/>
                <Baseline points="1024,1768 1090,1767 1156,1767 1222,1766 1288,1765 1354,1765 1420,1764 1486,1763 1552,1762 1618,1761 1684,1760 1750,1759 1816,1758 1882,1758 1948,1757 2014,1756 2080,1755 2146,1755 2212,1754 2278,1754 2344,1753"/>
                <TextEquiv>
                    <Unicode>nennen würde. Groß, blond, breitflächig und starkgliedrig an Leib</Unicode>
                </TextEquiv>
            </TextLine>
            <TextLine id="r2l18" custom="readingOrder {index:17;}">
                <Coords points="1025,1817 2365,1813 2312,1756 1025,1781"/>
                <Baseline points="1034,1815 1100,1815 1166,1815 1232,1814 1298,1814 1364,1813 1430,1813 1496,1812 1562,1812 1628,1811 1695,1810 1761,1809 1827,1808 1893,1808 1959,1807 2025,1806 2091,1805 2157,1804 2223,1803 2289,1802 2356,1801"/>
                <TextEquiv>
                    <Unicode>und Seele. Mit schmalen schweigsamen Lippen, die einfache</Unicode>
                </TextEquiv>
            </TextLine>
            <TextLine id="r2l19" custom="readingOrder {index:18;}">
                <Coords points="1030,1869 2360,1858 2359,1816 2167,1800 1030,1818"/>
                <Baseline points="1038,1866 1103,1865 1169,1865 1234,1864 1300,1864 1366,1863 1431,1862 1497,1861 1563,1860 1628,1860 1694,1859 1760,1858 1825,1857 1891,1856 1957,1855 2022,1854 2088,1853 2154,1853 2219,1852 2285,1851 2351,1851"/>
                <TextEquiv>
                    <Unicode>Worte sagen, und von denen ein „Gute Nacht, Herr Doktor!“ tiefer,</Unicode>
                </TextEquiv>
            </TextLine>
            <TextLine id="r2l20" custom="readingOrder {index:19;}">
                <Coords points="1030,1916 2366,1917 2366,1862 1029,1862"/>
                <Baseline points="1038,1914 1104,1914 1170,1913 1236,1913 1302,1912 1368,1911 1434,1911 1500,1910 1566,1909 1632,1908 1698,1907 1764,1906 1830,1905 1896,1904 1962,1903 2028,1902 2094,1901 2160,1901 2226,1900 2292,1899 2358,1899"/>
                <TextEquiv>
                    <Unicode>bedeutsamer und ergreifender klingt als Koseworte und Liebes¬</Unicode>
                </TextEquiv>
            </TextLine>
            <TextLine id="r2l21" custom="readingOrder {index:20;}">
                <Coords points="1015,1957 2366,1963 2320,1904 1014,1922"/>
                <Baseline points="1023,1966 1089,1965 1156,1964 1223,1962 1290,1961 1356,1960 1423,1960 1490,1959 1557,1958 1623,1957 1690,1957 1757,1956 1824,1955 1890,1955 1957,1954 2024,1953 2091,1953 2157,1952 2224,1951 2291,1950 2358,1949"/>
                <TextEquiv>
                    <Unicode>wünsche von den Lippen andrer. Mit schönen festen Händen, die</Unicode>
                </TextEquiv>
            </TextLine>
            <TextLine id="r2l22" custom="readingOrder {index:21;}">
                <Coords points="1019,2025 2358,2015 2357,1956 1018,1983"/>
                <Baseline points="1027,2016 1093,2015 1159,2013 1225,2012 1291,2010 1357,2009 1423,2008 1490,2007 1556,2006 1622,2005 1688,2005 1754,2004 1820,2003 1886,2002 1953,2002 2019,2001 2085,2000 2151,1999 2217,1998 2283,1997 2350,1996"/>
                <TextEquiv>
                    <Unicode>zu halten verstünden, aber nicht zuzugreißen verstehen. Sie ruht</Unicode>
                </TextEquiv>
            </TextLine>
            <TextLine id="r2l23" custom="readingOrder {index:22;}">
                <Coords points="1031,2073 2332,2071 2365,2017 1030,2028"/>
                <Baseline points="1039,2065 1104,2063 1170,2061 1236,2060 1302,2059 1368,2057 1434,2056 1500,2055 1566,2055 1632,2054 1698,2053 1763,2052 1829,2052 1895,2051 1961,2051 2027,2050 2093,2049 2159,2049 2225,2048 2291,2048 2357,2047"/>
                <TextEquiv>
                    <Unicode>so voll und ganz in sich, daß sie nicht oder nur schwer aus sich</Unicode>
                </TextEquiv>
            </TextLine>
            <TextLine id="r2l24" custom="readingOrder {index:23;}">
                <Coords points="1023,2117 2154,2117 2360,2103 2360,2055 1022,2073"/>
                <Baseline points="1031,2109 1097,2109 1163,2108 1229,2107 1295,2106 1361,2106 1427,2106 1493,2105 1559,2105 1625,2104 1691,2104 1757,2103 1823,2103 1889,2102 1955,2102 2021,2101 2087,2100 2153,2099 2219,2098 2285,2097 2352,2096"/>
                <TextEquiv>
                    <Unicode>heraustreten kann. Sie nähert sich frei und ohne alle Herkömm¬</Unicode>
                </TextEquiv>
            </TextLine>
            <TextLine id="r2l25" custom="readingOrder {index:24;}">
                <Coords points="1023,2166 2263,2165 2366,2146 2366,2103 1023,2119"/>
                <Baseline points="1031,2158 1097,2157 1163,2157 1230,2156 1296,2156 1362,2155 1429,2154 1495,2154 1561,2154 1628,2153 1694,2152 1760,2152 1827,2151 1893,2151 1959,2150 2026,2149 2092,2148 2158,2147 2225,2146 2291,2145 2358,2144"/>
                <TextEquiv>
                    <Unicode>lichkeit an Gräsler an und sieht sich stehen gelassen vor dem schwer</Unicode>
                </TextEquiv>
            </TextLine>
            <TextLine id="r2l26" custom="readingOrder {index:25;}">
                <Coords points="1026,2227 2372,2189 2371,2141 1026,2165"/>
                <Baseline points="1035,2209 1101,2207 1167,2206 1234,2204 1300,2203 1367,2202 1433,2202 1499,2201 1566,2201 1632,2201 1699,2201 1765,2201 1831,2201 1898,2200 1964,2200 2031,2200 2097,2199 2163,2198 2230,2197 2296,2195 2363,2193"/>
                <TextEquiv>
                    <Unicode>zu öffnenden Tor seiner Trägheit und zieht sich rasch in sich zurück</Unicode>
                </TextEquiv>
            </TextLine>
            <TextLine id="r2l27" custom="readingOrder {index:26;}">
                <Coords points="1028,2260 2358,2260 2359,2208 1028,2224"/>
                <Baseline points="1037,2255 1102,2254 1168,2253 1233,2252 1299,2252 1365,2251 1430,2251 1496,2251 1562,2251 1627,2250 1693,2250 1759,2250 1824,2250 1890,2250 1956,2249 2021,2249 2087,2248 2153,2248 2218,2247 2284,2246 2350,2244"/>
                <TextEquiv>
                    <Unicode>und ist kein zweites Mal zu keiner zweiten Erschließung ihres</Unicode>
                </TextEquiv>
            </TextLine>
            <TextLine id="r2l28" custom="readingOrder {index:27;}">
                <Coords points="1027,2323 2255,2308 2368,2261 1027,2264"/>
                <Baseline points="1035,2296 1101,2297 1167,2298 1233,2299 1299,2299 1366,2300 1432,2300 1498,2300 1564,2300 1630,2299 1697,2299 1763,2298 1829,2298 1895,2297 1961,2296 2028,2295 2094,2295 2160,2294 2226,2293 2292,2292 2359,2291"/>
                <TextEquiv>
                    <Unicode>Wesens zu bewegen; sei es aus Erkenntnis ihrer Vollnatur, die</Unicode>
                </TextEquiv>
            </TextLine>
            <TextLine id="r2l29" custom="readingOrder {index:28;}">
                <Coords points="1023,2350 2376,2342 2270,2293 1023,2320"/>
                <Baseline points="1032,2350 1098,2351 1165,2351 1232,2352 1299,2352 1365,2352 1432,2351 1499,2351 1566,2350 1632,2349 1699,2349 1766,2348 1833,2347 1899,2346 1966,2345 2033,2345 2100,2344 2166,2343 2233,2343 2300,2343 2367,2343"/>
                <TextEquiv>
                    <Unicode>keine Ergänzung braucht und verträgt, sei es aus Gram, sei es</Unicode>
                </TextEquiv>
            </TextLine>
            <TextLine id="r2l30" custom="readingOrder {index:29;}">
                <Coords points="1029,2411 1998,2414 2048,2401 2048,2352 1029,2369"/>
                <Baseline points="1038,2398 1088,2397 1138,2396 1188,2396 1238,2396 1288,2396 1338,2396 1388,2395 1438,2395 1488,2395 1539,2395 1589,2395 1639,2395 1689,2395 1739,2395 1789,2395 1839,2394 1889,2394 1939,2393 1989,2393 2040,2392"/>
                <TextEquiv>
                    <Unicode>aus Scham, diesem wundervollen Trotz der Seele.</Unicode>
                </TextEquiv>
            </TextLine>
            <TextLine id="r2l31" custom="readingOrder {index:30;}">
                <Coords points="1128,2448 2374,2440 2373,2400 2243,2377 2126,2411 1128,2419"/>
                <Baseline points="1137,2447 1198,2447 1259,2448 1321,2448 1382,2448 1444,2448 1505,2447 1567,2447 1628,2447 1690,2446 1751,2445 1812,2445 1874,2444 1935,2444 1997,2443 2058,2443 2120,2442 2181,2442 2243,2442 2304,2441 2366,2442"/>
                <TextEquiv>
                    <Unicode>Sabine ist! Sie steht rund und plastisch in diesem Buch und</Unicode>
                </TextEquiv>
            </TextLine>
            <TextLine id="r2l32" custom="readingOrder {index:31;}">
                <Coords points="1035,2504 2271,2518 2366,2496 2366,2453 1035,2462"/>
                <Baseline points="1044,2499 1109,2498 1175,2496 1241,2495 1306,2494 1372,2494 1438,2493 1503,2493 1569,2492 1635,2492 1701,2492 1766,2492 1832,2492 1898,2492 1963,2492 2029,2492 2095,2492 2160,2492 2226,2491 2292,2491 2358,2490"/>
                <TextEquiv>
                    <Unicode>weist doch darüber hinaus in Andres und Neues. Diese Ver¬</Unicode>
                </TextEquiv>
            </TextLine>
            <TextLine id="r2l33" custom="readingOrder {index:32;}">
                <Coords points="1026,2551 2259,2566 2372,2502 1026,2517"/>
                <Baseline points="1034,2548 1100,2547 1167,2546 1233,2545 1300,2544 1366,2544 1433,2543 1499,2543 1566,2543 1632,2543 1699,2543 1765,2543 1832,2543 1898,2543 1965,2542 2031,2542 2098,2542 2164,2542 2231,2541 2297,2540 2364,2540"/>
                <TextEquiv>
                    <Unicode>zichterin läßt wieder für Schnitzlers Zukunft hoffen, den man zu¬</Unicode>
                </TextEquiv>
            </TextLine>
            <TextLine id="r2l34" custom="readingOrder {index:33;}">
                <Coords points="1027,2611 2367,2592 2318,2540 1027,2561"/>
                <Baseline points="1036,2599 1102,2597 1168,2596 1234,2595 1300,2594 1366,2593 1432,2592 1498,2592 1564,2591 1630,2591 1697,2590 1763,2590 1829,2590 1895,2589 1961,2589 2027,2589 2093,2589 2159,2589 2225,2588 2291,2588 2358,2588"/>
                <TextEquiv>
                    <Unicode>letzt ungern und mit schmerzlicher Wehmut an die Analyse die</Unicode>
                </TextEquiv>
            </TextLine>
            <TextLine id="r2l35" custom="readingOrder {index:34;}">
                <Coords points="1026,2651 2276,2654 2372,2646 2372,2591 1026,2617"/>
                <Baseline points="1035,2652 1101,2650 1167,2649 1234,2647 1300,2646 1367,2645 1433,2644 1500,2643 1566,2643 1633,2642 1699,2641 1765,2641 1832,2640 1898,2640 1965,2639 2031,2639 2098,2638 2164,2637 2231,2637 2297,2636 2364,2635"/>
                <TextEquiv>
                    <Unicode>Zersetzung und Atomisierung seiner eigenen Vergangenheit ver¬</Unicode>
                </TextEquiv>
            </TextLine>
            <TextLine id="r2l36" custom="readingOrder {index:35;}">
                <Coords points="1028,2710 2376,2703 2348,2638 1028,2652"/>
                <Baseline points="1036,2697 1102,2696 1169,2695 1235,2694 1302,2694 1369,2693 1435,2692 1502,2692 1568,2691 1635,2691 1702,2690 1768,2690 1835,2690 1901,2689 1968,2689 2034,2689 2101,2689 2168,2688 2234,2688 2301,2688 2368,2688"/>
                <TextEquiv>
                    <Unicode>loren sah. Was er geschaffen hatte, dünkte uns nichtig, als er es</Unicode>
                </TextEquiv>
            </TextLine>
            <TextLine id="r2l37" custom="readingOrder {index:36;}">
                <Coords points="1029,2753 2221,2751 2364,2740 2364,2703 1028,2711"/>
                <Baseline points="1036,2743 1102,2742 1168,2742 1234,2742 1300,2742 1366,2741 1432,2741 1498,2741 1564,2741 1630,2740 1696,2740 1762,2740 1828,2739 1894,2739 1960,2738 2026,2738 2092,2737 2158,2736 2224,2736 2290,2735 2356,2734"/>
                <TextEquiv>
                    <Unicode>in noch zerlegtern, verzweigtern und verästeltern Exemplaren aber¬</Unicode>
                </TextEquiv>
            </TextLine>
            <TextLine id="r2l38" custom="readingOrder {index:37;}">
                <Coords points="1038,2809 2269,2805 2373,2750 1037,2762"/>
                <Baseline points="1046,2795 1112,2794 1178,2793 1244,2793 1310,2792 1376,2791 1442,2791 1508,2791 1574,2790 1640,2790 1706,2789 1772,2789 1838,2788 1904,2788 1970,2787 2036,2787 2102,2786 2168,2785 2234,2784 2300,2783 2366,2782"/>
                <TextEquiv>
                    <Unicode>und abermals schuf. Ueber den letzten Seelenschemen und Zere¬</Unicode>
                </TextEquiv>
            </TextLine>
            <TextLine id="r2l39" custom="readingOrder {index:38;}">
                <Coords points="1030,2850 2373,2832 2332,2784 1030,2807"/>
                <Baseline points="1038,2843 1104,2843 1170,2843 1236,2843 1303,2842 1369,2841 1435,2841 1502,2840 1568,2839 1634,2839 1701,2838 1767,2837 1833,2836 1899,2836 1966,2835 2032,2835 2098,2834 2165,2834 2231,2834 2297,2834 2364,2834"/>
                <TextEquiv>
                    <Unicode>bralgerippen vergaß man der frühern Menschen von Fleisch und</Unicode>
                </TextEquiv>
            </TextLine>
            <TextLine id="r2l40" custom="readingOrder {index:39;}">
                <Coords points="1032,2896 2204,2902 2366,2892 2366,2841 1031,2852"/>
                <Baseline points="1040,2895 1105,2895 1171,2894 1237,2894 1303,2894 1369,2893 1435,2892 1500,2891 1566,2890 1632,2889 1698,2888 1764,2887 1830,2886 1896,2885 1961,2884 2027,2884 2093,2883 2159,2883 2225,2883 2291,2883 2357,2883"/>
                <TextEquiv>
                    <Unicode>Blut, die am Ende doch unsre Brüder, unsre Schwestern waren,</Unicode>
                </TextEquiv>
            </TextLine>
            <TextLine id="r2l41" custom="readingOrder {index:40;}">
                <Coords points="1038,2938 2352,2951 2379,2885 1038,2911"/>
                <Baseline points="1047,2943 1113,2942 1179,2942 1245,2941 1311,2940 1377,2939 1443,2938 1510,2938 1576,2937 1642,2936 1708,2935 1774,2934 1840,2933 1906,2933 1973,2932 2039,2932 2105,2932 2171,2932 2237,2932 2303,2932 2370,2933"/>
                <TextEquiv>
                    <Unicode>und deren Geschick uns in Mitleidenschaft und Mitfreudenschaft</Unicode>
                </TextEquiv>
            </TextLine>
            <TextLine id="r2l42" custom="readingOrder {index:41;}">
                <Coords points="1034,3007 2382,3006 2381,2944 2209,2936 1034,2963"/>
                <Baseline points="1043,2995 1109,2994 1176,2993 1242,2991 1309,2990 1375,2989 1442,2987 1508,2986 1575,2985 1641,2985 1708,2984 1775,2983 1841,2982 1908,2982 1974,2981 2041,2981 2107,2981 2174,2981 2240,2981 2307,2982 2374,2982"/>
                <TextEquiv>
                    <Unicode>gezogen hatte. Das letzte Buch Arthur Schnitzlers ist ein Anfang:</Unicode>
                </TextEquiv>
            </TextLine>
            <TextLine id="r2l43" custom="readingOrder {index:42;}">
                <Coords points="1027,3051 1842,3055 1875,3050 1874,2991 1026,3014"/>
                <Baseline points="1035,3048 1076,3046 1118,3045 1159,3043 1201,3042 1243,3040 1284,3039 1326,3038 1367,3037 1409,3036 1451,3035 1492,3035 1534,3034 1575,3033 1617,3033 1659,3032 1700,3032 1742,3031 1783,3031 1825,3030 1867,3030"/>
                <TextEquiv>
                    <Unicode>so wie Sabine schreiten ird'sche Weiber!</Unicode>
                </TextEquiv>
            </TextLine>
            <TextLine id="r2l44" custom="readingOrder {index:43;}">
                <Coords points="1033,3172 2237,3181 2236,3099 2171,3089 2044,3120 1032,3110"/>
                <Baseline points="1042,3174 1101,3174 1160,3174 1219,3174 1279,3173 1338,3173 1397,3172 1457,3171 1516,3170 1575,3168 1635,3167 1694,3166 1753,3165 1812,3164 1872,3163 1931,3162 1990,3161 2050,3161 2109,3161 2168,3161 2228,3161"/>
                <TextEquiv>
                    <Unicode>Rodrigo und Arragon von Eugen Kilian</Unicode>
                </TextEquiv>
            </TextLine>
            <TextLine id="r2l45" custom="readingOrder {index:44;}">
                <Coords points="1032,3266 1625,3252 1727,3279 1844,3249 1843,3197 1733,3208 1635,3181 1590,3208 1509,3179 1032,3210"/>
                <Baseline points="1041,3253 1080,3252 1120,3252 1160,3251 1199,3251 1239,3250 1279,3250 1318,3250 1358,3250 1398,3250 1438,3250 1477,3250 1517,3250 1557,3249 1596,3249 1636,3249 1676,3249 1715,3249 1755,3248 1795,3248 1835,3247"/>
                <TextEquiv>
                    <Unicode>Zwei traditionelle Theatersünden</Unicode>
                </TextEquiv>
            </TextLine>
            <TextLine id="r2l46" custom="readingOrder {index:45;}">
                <Coords points="1034,3337 1120,3367 1328,3318 2362,3313 2361,3270 2032,3240 1924,3289 1034,3267"/>
                <Baseline points="1043,3332 1108,3327 1174,3324 1239,3321 1305,3319 1370,3318 1436,3317 1501,3316 1567,3316 1632,3316 1698,3316 1764,3316 1829,3317 1895,3317 1960,3317 2026,3317 2091,3316 2157,3315 2222,3314 2288,3311 2354,3308"/>
                <TextEquiv>
                    <Unicode>(E in weiser Kunstrichter hat einmal in einer Aufführung des</Unicode>
                </TextEquiv>
            </TextLine>
            <TextLine id="r2l47" custom="readingOrder {index:46;}">
                <Coords points="1118,3374 2377,3380 2377,3318 1118,3339"/>
                <Baseline points="1126,3370 1188,3371 1250,3372 1312,3373 1374,3373 1436,3374 1498,3374 1561,3374 1623,3374 1685,3374 1747,3373 1809,3373 1871,3372 1933,3371 1996,3370 2058,3368 2120,3366 2182,3364 2244,3362 2306,3359 2369,3357"/>
                <TextEquiv>
                    <Unicode>„Kaufmanns von Venedig“ die Szene vermißt, wo Shylock</Unicode>
                </TextEquiv>
            </TextLine>
            <TextLine id="r2l48" custom="readingOrder {index:47;}">
                <Coords points="1027,3423 1146,3458 2373,3441 2372,3376 2287,3368 1026,3393"/>
                <Baseline points="1035,3425 1101,3425 1167,3425 1234,3424 1300,3424 1367,3423 1433,3423 1500,3422 1566,3421 1633,3420 1699,3419 1765,3419 1832,3418 1898,3417 1965,3416 2031,3415 2098,3414 2164,3412 2231,3411 2297,3410 2364,3410"/>
                <TextEquiv>
                    <Unicode>nach Jessikas Entführung sein verödetes Heim betritt und in Ver¬</Unicode>
                </TextEquiv>
            </TextLine>
            <TextLine id="r2l49" custom="readingOrder {index:48;}">
                <Coords points="2271,3479 2295,3486 2306,3477 2322,3490 2346,3484 2361,3472 2371,3480 2393,3480 2392,3436 2365,3442 2353,3431 2345,3434 2318,3420 2307,3432 2296,3425 2270,3424"/>
                <Baseline points="2279,3469 2305,3470 2332,3469 2358,3468 2385,3467"/>
                <TextEquiv>
                    <Unicode>275</Unicode>
                </TextEquiv>
            </TextLine>
            <TextEquiv>
                <Unicode>Doktor Graesler
Badearzt
box 4/9
 e   
Gegensatz zum alten) die einzige innere wie äußere, seelische wie
sachliche Beziehung in den zwei „Lieben“ Doktor Gräslers, die
mehr nach einander als neben, in und durch einander verlaufen.
Es soll nicht geleugnet werden, daß Frau Sommer einiges und
so manches zugunsten einer zeitlichen Vorwärtsschiebung tut und
gegen ein erotisches Doppelspiel nichts einzuwenden hätte; aber
Schnitzler hütet sich und uns vor einer Neuauflage des „Wegs
ins Freie', des „Grünen Kakadus und etlicher andrer „Komödien
der Worte und Gefühle. Er will größere Strichführung, reinere
Umrißlinien als sonst, und er hat sie für diesmal am reinsten
und größten in der Zeichnung Sabinens gegeben, die ich, wenn
Ernst Graf Reventlow nicht wäre eine deutsche Frauengestalt
nennen würde. Groß, blond, breitflächig und starkgliedrig an Leib
und Seele. Mit schmalen schweigsamen Lippen, die einfache
Worte sagen, und von denen ein „Gute Nacht, Herr Doktor!“ tiefer,
bedeutsamer und ergreifender klingt als Koseworte und Liebes¬
wünsche von den Lippen andrer. Mit schönen festen Händen, die
zu halten verstünden, aber nicht zuzugreißen verstehen. Sie ruht
so voll und ganz in sich, daß sie nicht oder nur schwer aus sich
heraustreten kann. Sie nähert sich frei und ohne alle Herkömm¬
lichkeit an Gräsler an und sieht sich stehen gelassen vor dem schwer
zu öffnenden Tor seiner Trägheit und zieht sich rasch in sich zurück
und ist kein zweites Mal zu keiner zweiten Erschließung ihres
Wesens zu bewegen; sei es aus Erkenntnis ihrer Vollnatur, die
keine Ergänzung braucht und verträgt, sei es aus Gram, sei es
aus Scham, diesem wundervollen Trotz der Seele.
Sabine ist! Sie steht rund und plastisch in diesem Buch und
weist doch darüber hinaus in Andres und Neues. Diese Ver¬
zichterin läßt wieder für Schnitzlers Zukunft hoffen, den man zu¬
letzt ungern und mit schmerzlicher Wehmut an die Analyse die
Zersetzung und Atomisierung seiner eigenen Vergangenheit ver¬
loren sah. Was er geschaffen hatte, dünkte uns nichtig, als er es
in noch zerlegtern, verzweigtern und verästeltern Exemplaren aber¬
und abermals schuf. Ueber den letzten Seelenschemen und Zere¬
bralgerippen vergaß man der frühern Menschen von Fleisch und
Blut, die am Ende doch unsre Brüder, unsre Schwestern waren,
und deren Geschick uns in Mitleidenschaft und Mitfreudenschaft
gezogen hatte. Das letzte Buch Arthur Schnitzlers ist ein Anfang:
so wie Sabine schreiten ird'sche Weiber!
Rodrigo und Arragon von Eugen Kilian
Zwei traditionelle Theatersünden
(E in weiser Kunstrichter hat einmal in einer Aufführung des
„Kaufmanns von Venedig“ die Szene vermißt, wo Shylock
nach Jessikas Entführung sein verödetes Heim betritt und in Ver¬
275</Unicode>
            </TextEquiv>
        </TextRegion>
    </Page>
</PcGts>
