3436 4256
1249 238 1622 309 Badearz
253 255 1197 308 29. Doktor Graesler
1774 241 2216 334 box 4/9
522 263 1783 346 Uirtur Gracster; bausarze
3159 1242 3328 1306 —
1087 1259 1553 1332 Mere te nonden; wil
2912 1276 3357 1352 proeve van bekwaami
1906 1284 2649 1379 uende bevestigng der besliss.##p.
1046 1301 1723 1381 .. alléem op examendagen, ove.
645 1304 929 1372 gemeehsenap.
2837 1316 3355 1388 uelburg, tegen de club #
1846 1338 2486 1388 waarbij de onderneming van F.
691 1329 1443 1391 t al of niet overgaan der leeitingen.
663 1372 3336 1420 I verlang niet dit men m.in overtuiging omtrent 1 anoven — als wordende daarin uitgeoefend het be¬ beschikken over een
1723 1440 3343 1520 grimmigen ernst geopenba#rd waar de wensch dandsgeen vergissing mogelijk,
1724 1503 3361 1546 wondit, en de gedachte dolk of gif. Alfred in „derr lgeen zachten schifn over de
2784 1531 3356 1587 zet zijn menschen niet in
1718 1533 2784 1588 Mörder“ vergiftigt zijn meisje, in „der Ruf des
691 1533 1678 1611 J. O LLLLIÖN.
2784 1574 3356 1626 omgeving: om hen héen is
1710 1586 2789 1632 Lebens' verriftigt Marie haar vader. Medardus van
2776 1611 3351 1651 klein Noorsch etadje, een
1708 1610 2784 1691 de „Gramatische historie“ der Junge Medarius, durft
2783 1645 3351 1703 gebergte, een huis aan de ##
1715 1655 2781 1710 zijn dolk niet afleggen, want een kind kon hem
2776 1689 3351 1742 de harriste en somberste
1721 1686 2781 1754 vinden en spelend ziin broertjes dooden daarmee:
2777 1725 3355 1792 dat de vergeljjking van der
1713 1731 2529 1786 zelis het toeval dient het duistere doel.
756 1663 1622 1822 Nieuwe Duitsche Boeken.
2783 1760 3355 1814 causeur in smaakvol geme
1756 1775 2181 1827 Dit is een uoterste.
2775 1805 3356 1864 telaar door den Prater, met
1743 1790 2783 1867 Maar neem nu die tallooze voorstellingen van man¬
1125 1819 1555 1893 Arthur Schnitzler.
2777 1843 3358 1894 we zeekust en over de be
1713 1849 2783 1902 nen en vrouwen, die aan liefde zedeljjk te gronde
1130 1859 1698 1935 —Döktor Gräsler, Badg-arzt.
2779 1868 3357 1938 wegen bii den eersten co
1723 1897 2789 1951 gaan of door liefde zedeljjk te gronde richten, zoo
2775 1912 3336 1981 Maar de vergelijking is
1283 1923 1686 1989 S. Fischer, Berlin.
1723 1924 2786 1983 als zij in al Schnitzler’s ro## #ns en novellen voor¬
2777 1952 3368 2025 weerd mogen worden dat in
1714 1967 2790 2025 komen; en ge ziet, onder die zachtere en meer alle¬
677 1971 1717 2036 Altijd weer is het hetzelfde, dat in Schnitzler’s
2785 2000 3356 2052 ergere pessimist is. Ibsens
1729 2003 2789 2059 daagsche gedaante,toch weer diezelfde gedachte in
657 2022 1716 2082 werk treft, Het necmt oneindig veel gestalten aan.
2773 2031 3352 2083 nog ecn soort geluk, een so0
1721 2048 2784 2105 geen wezenlijken trek veranderd. Ziin Weener figu¬
655 2061 1722 2129 Schhitzler’s fantasie is buitengewoon rijk, onuitput¬
2789 2076 3364 2130 somé, en als zij falen, hebber
1718 2083 2784 2129 iren, die officiertjes, die elegante niets-doeners, die
646 2100 1716 2165 teljjk haast in alti# weer nieuwe vormen, verbindin¬
2779 2119 3354 2186 zalfs in hun ondergang dat
1721 2119 2787 2180 mondaine dames, zij ervaren naar de geringere
654 2129 1731 2207 gen, variaties. En dat maakt de herkenning van dat
2787 2147 3355 2206 #nike naturen het geluß
1720 2149 2789 2218 mate van hun kleinere naturen altijd weer datzelfde:
650 2173 1727 2243 ééne soms moeiljjk de verscheidenheid van het
2786 2185 3361 2243 kracht van verstand en kra
1720 2201 2790 2246 dat liefhebben het begin is van sterven of doen ster¬
649 2208 1722 2263 uiterlük houdt den bdik vast; houdt den blik af van
2785 2238 3357 2297 Schnitzler's menschen niet
1716 2234 2789 2292 ven. En juist het schertsende van de voorstelling, het
645 2255 1722 2313 de eenheid, onder die verscheidenheid, de eenheid van
2789 2275 3351 2330 winnen zij inzicht in zich
1723 2278 2783 2334 oppervlakkige van de karak ers dat, schjjnt het wel,
646 2290 1726 2354 het innerlijke: de gedachte nameljjk — want „gevoel“
2792 2312 3353 2368 weer, die waarschuwde tege
1717 2311 2790 2387 zulk #en tragick niet toclaat, doet, door tegenstelling,
644 2322 1723 2398 kan men niet wöl zeggen in het geval van een z00
2782 2355 3360 2409 zelf, omdat dat gewoonlijk
1729 2352 2785 2417 dat grimmige idee te dieper en scherper voelen nan
660 2367 1727 2430 sterk en scherp denkend mensch als deze schrijver
2779 2390 3360 2441 menschen ervaren het. En d
1724 2390 2794 2448 wie door scherts en schijn van #roolijkbeid heen dringt.
651 2412 1724 2482 is, — de gelachte dat het leven eigenlijk maar een
2787 2431 3361 2481 op: over zichzelven en
1723 2428 2783 2488 De vroolijkheid, trouwens, ie minderende: het ver¬
650 2457 1729 2513 schiln, een droor een bedrog of zelfbedrog is en de
2787 2469 3365 2529 wereld, over het leven, over
1717 2465 2790 2552 schil is groot tusschen dit laatste boek en de vroegere,
656 2491 1729 2560 hoogste openbaring van het leven, de liefde, cen
2781 2505 3339 2567 heden, alles is jjdelheid.“
1721 2503 2791 2585 tusschen dezen dr. Gräsler, alleen op de wereld, en
648 2536 1265 2595 zachter aspect van den dood.
2815 2530 3356 2606 Om terug te komen op „dr
1731 2546 2800 2610 ohd van gevoel meer nog dan van jaren en den lachen¬
687 2551 1727 2626 In haar hardsten. streggsten vorm verschifnt die
2783 2579 3358 2653 on-vroolijken navolger van
1733 2591 2790 2646 den Anatol, waarin Schnitzler voor het eerst zijn al¬
653 2600 1736 2682 gedachte daar waar Selnitzler de liefde als macht¬
2788 2630 2981 2696 Anatol.
1727 2627 2797 2684 tijd door veranderend en toch altjjd onveranderd type
653 2639 1733 2699 des-doods voorstelt, Hij heeft dat dikwijls gedaan.
2819 2645 3354 2724 Hij is een man van even #
1729 2659 2796 2728 van den Jevens-onvatbare heeft vertoond, want dat
661 2689 1738 2747 Soms schijnbaar in spel. Dan laat hij den minnaar
2794 2694 3362 2766 digen schok, den dood doon
1727 2707 2791 2754 is het eigenlijk. Al deze menschen kunnen niet wer¬
669 2720 1728 2789 vervolgd worden door de voorstelling dat zijn wensch,
2793 2745 3361 2797 ter, sedert lange jaren zij
1726 2741 2799 2803 kelijk liefhebben, niet door liefde gelukkig zijn en
651 2776 1731 2831 zijn hem zelf niet eens duideljjk bewuste haat,
2792 2774 3363 2834 sleurgangetje wordt gesling
1724 2783 2787 2855 gelukkig maken, omdat zij niet werkelijk kunnen leven:
654 2802 1734 2859 (want van de liefde, die deze schrijver altijd weder
2790 2822 3358 2884 of meer tevreden had geschi
1729 2824 2792 2883 zij hebben een heimelijke wonde-plek, een leegte, cen
658 2837 1731 2911 mitbeeldt, is haat de tweelingbroeder) oorzaak is van
2793 2863 3364 2914 hij meer dan alles vreest:
1733 2853 2796 2914 donkerte, cen kilte in zich, zij hebben, midden in bet
651 2886 1730 2937 den dood der liefste. „Weet ge dan, hoeveel er elken
2791 2900 3366 2955 hij zich rekenschap geven #
1733 2902 2793 2962 leven, den dood in hun hart. Schnitzler is een toove¬
651 2911 1733 2991 dag gebeurt on de wereld, omdat iemand het in het
2803 2937 3358 2992 tot nog toc maar zoowat in
1724 2939 2786 3006 naar met de taal; anders zou hij, ook voor den opper¬
659 2956 1726 3039 geheim heeft gewild? Bevroedt ge iets van de
2797 2973 3332 3028 zich afhield. Nu moet hij
1736 2979 2799 3049 vlakkigsten blik, verschifnen als wat hij werkei.ik 1s,
664 2994 1733 3069 geheimzinnige machl’ die in cen „scheppende natuur“
2803 3012 3367 3063 En daarvoor moet hij waten
1725 3025 2554 3098 en toch niet schijnt: cen „Neen“-zegger.
659 3041 1738 3104 ligt?“ Georg van „der Weg ins Freie“ is vast over¬
1757 3062 3361 3115 Men heeft hem met Ibsen vergeleken: juist om die] hij eigenlijk is. „De kennja
664 3087 1120 3154 tuigd van die macht.
692 3129 3359 3189 Maar die half-speelsche fantasie staat i haar ]nauwe verbinding van liefde en dood. En bij Ibsen is 1 gewoonlijk tegen.“ Het vü#
662 3166 1747 3341 ehe C
807 3304 1554 3409 M
