3436 4320
1750 151 2132 256 box 4/9
1196 160 1601 242 Badearzt
770 161 1128 246 raesler
427 165 687 247 Doktor
200 165 1691 293 29 D  Sunenenten teenchen da
1622 811 2138 900 DE SENECTUTE
1132 823 1220 895 70
1118 906 2655 992 end, Schnitzler’s begins. The fear of being taken in, the eternal
1130 977 2651 1055 distrust of others, above all the distrust of self which sterilizes
1122 1057 2657 1129 the activities of a good half of modern humanity, betrays the
1119 1106 2654 1199 Doctor at this point. With an unerring psychology, Schnitzler
1123 1183 2657 1259 shows him to us writing back that for the present he dare not
1120 1236 2657 1327 accept this great gift ... in a few weeks perhaps ... that
1125 1298 2574 1364 when he comes back he hopes to find everything unchanged .
1132 1388 2666 1451 and so with a sense of frustration and sick at heart, taking the
1119 1432 2648 1490 carriage and leaving the scene of his great gift—in the rain.
1118 1493 2655 1583 Schnitzler is past-master at describing all the nuances which go
1129 1563 2660 1652 to make up that pathological condition known in homely par¬
1125 1633 2326 1698 lance as “cutting off one’s nose to spite one’s face.'
1170 1676 2659 1757 In his native town, where he goes to await letters from Sabine
1135 1766 2664 1823 which never come, the little gods present Doctor Graesler with
1121 1836 2652 1901 his sccond and last opportunity. She is a little shop-girl of humble
1132 1887 2648 1946 origin and a not too immaculate past, but to the last degree en¬
1120 1951 2662 2029 gaging, sweet, and gay, th## nost enchanting creation to be found
1123 1997 2654 2088 in all the author’s gallery of girls. The Doctor (and the author)
1123 2069 2669 2146 know all the fluctuations in that sweet tumult which accompanies
1129 2144 2656 2219 an affair all the more absorbing for its ambiguity, its slight sense
1119 2222 2661 2288 of guilt. After a while she rose to get supper, and just then
1126 2260 2657 2341 the door-bell rang. Graesler started. What could it be? Sabine?
1125 2342 2652 2411 He noticed Katharina’s eyes upon him questioning but undisturbed.
1132 2397 2661 2465 Too undisturbed it struck him. Perhaps she knew something about
1125 2460 2664 2536 the visitor. A put-up job? Blackmail? .. Well, he
1137 2522 2658 2595 wouldn't let himself be intimidated. It was not tiie first time he
1134 2590 1819 2674 had been in similar danger.
1188 2640 2645 2721 After living with the shop-girl in a state of unprecedented hap¬
1122 2732 2663 2795 piness for over a fortnight, Gracsler decides it is time to come to
1122 2801 2649 2869 his senses and to take up Sabine like a book he has laid down.
1135 2849 2651 2908 There is an affecting parting with the shop-girl, and he goes back.
1134 2921 2653 2985 Of course Sabine, having taken his measure, will have none of
1123 2985 2660 3053 him, and when, in a rage of desperation and re-stimulated love
1124 3039 2661 3105 for the little proletarian, he returns to her, she is on her death-bed.
1133 3096 2660 3177 So the poor aging faun has spent the last months of his awakened
1131 3174 2662 3237 existence in rebounding back and forth between two experiences,
1135 3232 2654 3314 both of which fail him because he had no trust in anything in
1124 3291 2659 3382 life, not even in himself. The last pages of the book see him
1133 3355 2675 3446 back again at the spa, descending the gangplak, a commonplace
