<?xml version="1.0" encoding="UTF-8" standalone="yes"?>
<PcGts xmlns="http://schema.primaresearch.org/PAGE/gts/pagecontent/2013-07-15" xmlns:xsi="http://www.w3.org/2001/XMLSchema-instance" xsi:schemaLocation="http://schema.primaresearch.org/PAGE/gts/pagecontent/2013-07-15 http://schema.primaresearch.org/PAGE/gts/pagecontent/2013-07-15/pagecontent.xsd">
    <Metadata>
        <Creator>prov=University of Rostock/Institute of Mathematics/CITlab/Gundram Leifert/gundram.leifert@uni-rostock.de:name=ONB_Newseye_GT_M1+(htr_id=10810)::::v=2.4.2
prov=University of Rostock/Institute of Mathematics/CITlab/Tobias Gruening/tobias.gruening@uni-rostock.de:name=de.uros.citlab.module.baseline2polygon.B2PSeamMultiOriented:v=2.4.2
prov=University of Rostock/Institute of Mathematics/CITlab/Tobias Gruening/tobias.gruening@uni-rostock.de:name=/mnt/transkribus/LA/DEA/URO/LA_news_onb_att.pb:de.uros.citlab.segmentation.CITlab_LA_ML:v=2.4.2
Transkribus</Creator>
        <Created>2019-10-07T10:25:19.448+02:00</Created>
        <LastChange>2019-10-07T15:00:45.787+02:00</LastChange>
        <TranskribusMetadata docId="223892" pageId="9492026" pageNr="117" tsid="16382369" status="IN_PROGRESS" userId="40391" imgUrl="https://files.transkribus.eu/Get?id=PPLHPLXFAXFHGDFBQJEKZWQA&amp;fileType=view" xmlUrl="https://files.transkribus.eu/Get?id=JHOAOUQBYAZNHEQSPMOINBXI" imageId="6182314"/>
    </Metadata>
    <Page imageFilename="223892_0117.jpeg" imageWidth="3392" imageHeight="4224">
        <ReadingOrder>
            <OrderedGroup id="ro_1711445741796" caption="Regions reading order">
                <RegionRefIndexed index="0" regionRef="r1"/>
                <RegionRefIndexed index="1" regionRef="r2"/>
            </OrderedGroup>
        </ReadingOrder>
        <TextRegion orientation="0.0" id="r1" custom="readingOrder {index:0;}">
            <Coords points="235,151 235,310 453,310 453,151"/>
            <TextLine id="r1l1" custom="readingOrder {index:0;}">
                <Coords points="223,259 262,254 274,268 293,269 307,261 340,266 347,260 375,270 401,256 463,259 464,236 410,236 375,206 329,185 262,196 245,213 225,216"/>
                <Baseline points="235,254 262,251 289,251 316,253 344,255 371,258 398,260 425,260 453,257"/>
                <TextEquiv>
                    <Unicode>29.</Unicode>
                </TextEquiv>
            </TextLine>
            <TextEquiv>
                <Unicode>29.</Unicode>
            </TextEquiv>
        </TextRegion>
        <TextRegion orientation="0.0" id="r2" custom="readingOrder {index:1;}">
            <Coords points="454,221 454,3548 2400,3548 2400,221"/>
            <TextLine id="r2l1" custom="readingOrder {index:0;}">
                <Coords points="1216,253 1598,257 1624,252 1624,175 1566,208 1517,180 1444,211 1371,192 1299,205 1282,190 1215,208"/>
                <Baseline points="1227,246 1252,246 1278,247 1304,247 1330,247 1356,247 1381,247 1407,247 1433,247 1459,247 1485,247 1510,246 1536,246 1562,245 1588,244 1614,242"/>
                <TextEquiv>
                    <Unicode>Badearzt</Unicode>
                </TextEquiv>
            </TextLine>
            <TextLine id="r2l2" custom="readingOrder {index:1;}">
                <Coords points="778,257 1144,261 1176,240 1176,193 1127,203 1031,184 911,206 875,182 778,191"/>
                <Baseline points="789,248 814,248 839,248 864,249 889,249 914,249 939,249 964,249 990,249 1015,249 1040,249 1065,248 1090,248 1115,248 1140,248 1166,247"/>
                <TextEquiv>
                    <Unicode>Graesler</Unicode>
                </TextEquiv>
            </TextLine>
            <TextLine id="r2l3" custom="readingOrder {index:2;}">
                <Coords points="468,263 508,259 530,264 538,258 583,263 594,255 619,262 621,193 601,195 591,190 571,197 544,190 529,200 510,193 469,195"/>
                <Baseline points="479,250 505,248 531,249 557,250 583,251 609,250"/>
                <TextEquiv>
                    <Unicode>okt</Unicode>
                </TextEquiv>
            </TextLine>
            <TextLine id="r2l4" custom="readingOrder {index:3;}">
                <Coords points="444,293 1619,298 2113,261 2174,200 888,256 692,201 443,253"/>
                <Baseline points="454,272 539,273 624,274 710,274 795,274 881,274 966,274 1052,274 1137,273 1223,271 1308,270 1393,269 1479,266 1564,264 1650,262 1735,259 1821,256 1906,253 1992,249 2077,245 2163,241"/>
                <TextEquiv>
                    <Unicode>#OF Lassaies box 4/9</Unicode>
                </TextEquiv>
            </TextLine>
            <TextLine id="r2l5" custom="readingOrder {index:4;}">
                <Coords points="1074,761 2032,762 2032,719 1799,726 1744,684 1495,720 1391,687 1075,706"/>
                <Baseline points="1084,747 1130,747 1177,748 1224,748 1271,748 1318,749 1364,749 1411,749 1458,750 1505,750 1552,751 1598,751 1645,752 1692,752 1739,753 1786,753 1832,754 1879,754 1926,755 1973,756 2020,757"/>
                <TextEquiv>
                    <Unicode>1918 — Literarischer handweiser — Nr. 1/2</Unicode>
                </TextEquiv>
            </TextLine>
            <TextLine id="r2l6" custom="readingOrder {index:5;}">
                <Coords points="672,780 2402,796 2364,721 2162,769 876,765 673,710"/>
                <Baseline points="683,776 768,777 853,778 939,779 1024,780 1110,780 1195,781 1280,781 1366,782 1451,782 1537,783 1622,783 1707,784 1793,784 1878,785 1964,785 2049,786 2134,787 2220,787 2305,788 2391,789"/>
                <TextEquiv>
                    <Unicode>2tgeseeeeses EeRSsseeRaRaAsseeeeeseeseue 1</Unicode>
                </TextEquiv>
            </TextLine>
            <TextLine id="r2l7" custom="readingOrder {index:6;}">
                <Coords points="677,833 785,856 1358,844 1399,865 1536,845 1536,815 1402,786 1156,810 677,788"/>
                <Baseline points="688,830 729,832 771,833 813,834 855,835 897,837 939,837 981,838 1023,839 1065,839 1107,839 1148,840 1190,840 1232,840 1274,840 1316,840 1358,840 1400,839 1442,839 1484,839 1526,838"/>
                <TextEquiv>
                    <Unicode>Beute"; M. Maresch, „Der Heilige u.</Unicode>
                </TextEquiv>
            </TextLine>
            <TextLine id="r2l8" custom="readingOrder {index:7;}">
                <Coords points="1537,857 1984,843 2305,867 2401,842 2337,803 2112,827 2002,799 1538,806"/>
                <Baseline points="1549,837 1591,837 1633,838 1675,838 1717,839 1759,840 1801,840 1843,841 1885,842 1927,843 1970,843 2012,844 2054,844 2096,845 2138,845 2180,844 2222,844 2264,843 2306,842 2348,841 2391,839"/>
                <TextEquiv>
                    <Unicode>Sudermann hat mit seinen „Litauischen</Unicode>
                </TextEquiv>
            </TextLine>
            <TextLine id="r2l9" custom="readingOrder {index:8;}">
                <Coords points="678,880 1511,904 1541,896 1542,851 1444,843 1401,869 1303,841 785,856 679,833"/>
                <Baseline points="688,874 730,875 772,876 814,877 856,878 898,879 940,880 983,881 1025,882 1067,883 1109,883 1151,884 1193,885 1235,885 1278,886 1320,886 1362,886 1404,886 1446,885 1488,885 1531,884"/>
                <TextEquiv>
                    <Unicode>das Dolksgericht"; H. Lingens, „Mit</Unicode>
                </TextEquiv>
            </TextLine>
            <TextLine id="r2l10" custom="readingOrder {index:9;}">
                <Coords points="1543,895 2403,895 2382,848 1544,857"/>
                <Baseline points="1555,883 1596,883 1638,883 1680,883 1722,884 1764,884 1806,885 1847,886 1889,886 1931,887 1973,888 2015,889 2057,889 2099,890 2140,890 2182,890 2224,890 2266,890 2308,889 2350,888 2392,887"/>
                <TextEquiv>
                    <Unicode>Geschichten“ (Stuttgart, Cotta Nachf.; geb.</Unicode>
                </TextEquiv>
            </TextLine>
            <TextLine id="r2l11" custom="readingOrder {index:10;}">
                <Coords points="682,927 1455,945 1532,923 1533,901 682,895"/>
                <Baseline points="693,924 734,924 775,924 817,925 858,925 900,926 941,926 982,927 1024,928 1065,928 1107,929 1148,929 1189,930 1231,930 1272,931 1314,931 1355,932 1396,932 1438,932 1479,932 1521,933"/>
                <TextEquiv>
                    <Unicode>Lanze und Spaten“; M. Schupder, „Ju¬</Unicode>
                </TextEquiv>
            </TextLine>
            <TextLine id="r2l12" custom="readingOrder {index:11;}">
                <Coords points="1547,933 2400,941 2400,897 2366,894 1548,897"/>
                <Baseline points="1557,929 1598,929 1640,930 1681,930 1723,930 1765,931 1806,931 1848,932 1889,932 1931,933 1973,933 2014,933 2056,933 2097,934 2139,934 2181,934 2222,933 2264,933 2305,933 2347,932 2389,931"/>
                <TextEquiv>
                    <Unicode>5.—) viele literarische Sünden gutgemacht u. fast</Unicode>
                </TextEquiv>
            </TextLine>
            <TextLine id="r2l13" custom="readingOrder {index:12;}">
                <Coords points="691,984 1529,985 1529,941 1497,932 691,939"/>
                <Baseline points="701,971 741,972 782,972 823,972 864,972 905,972 946,972 987,972 1028,972 1069,972 1110,972 1150,972 1191,972 1232,972 1273,972 1314,972 1355,973 1396,973 1437,973 1478,973 1519,973"/>
                <TextEquiv>
                    <Unicode>gend und Heimatfriede“. — J. B. Diels</Unicode>
                </TextEquiv>
            </TextLine>
            <TextLine id="r2l14" custom="readingOrder {index:13;}">
                <Coords points="1546,992 2410,988 2410,926 2376,948 1547,934"/>
                <Baseline points="1557,971 1599,972 1641,973 1683,974 1725,974 1767,975 1809,976 1852,976 1894,977 1936,978 1978,978 2020,978 2062,979 2104,979 2147,979 2189,978 2231,978 2273,977 2315,976 2357,976 2400,974"/>
                <TextEquiv>
                    <Unicode>die Höhe seiner ersten Drosadichtungen wieder er¬</Unicode>
                </TextEquiv>
            </TextLine>
            <TextLine id="r2l15" custom="readingOrder {index:14;}">
                <Coords points="682,1030 1537,1034 1537,985 1505,980 682,987"/>
                <Baseline points="693,1018 734,1017 776,1016 817,1016 859,1016 901,1015 942,1015 984,1015 1025,1015 1067,1015 1109,1015 1150,1015 1192,1016 1233,1016 1275,1016 1317,1017 1358,1017 1400,1017 1441,1018 1483,1018 1525,1019"/>
                <TextEquiv>
                    <Unicode>zumeist wertvolle Novellen sind jetzt auch in billigen</Unicode>
                </TextEquiv>
            </TextLine>
            <TextLine id="r2l16" custom="readingOrder {index:15;}">
                <Coords points="1551,1026 2408,1033 2408,986 2368,981 1551,986"/>
                <Baseline points="1561,1014 1602,1016 1644,1017 1686,1018 1728,1018 1770,1019 1812,1020 1853,1020 1895,1021 1937,1021 1979,1021 2021,1021 2063,1021 2105,1021 2146,1020 2188,1020 2230,1020 2272,1019 2314,1019 2356,1018 2398,1018"/>
                <TextEquiv>
                    <Unicode>reicht. — Dagegen haben Frenssen u. Bartsch</Unicode>
                </TextEquiv>
            </TextLine>
            <TextLine id="r2l17" custom="readingOrder {index:16;}">
                <Coords points="679,1054 760,1076 1513,1072 1513,1040 1367,1022 679,1026"/>
                <Baseline points="690,1056 730,1058 771,1059 811,1060 852,1060 893,1061 933,1061 974,1061 1014,1061 1055,1061 1096,1061 1136,1061 1177,1061 1217,1061 1258,1060 1299,1060 1339,1060 1380,1060 1420,1059 1461,1059 1502,1059"/>
                <TextEquiv>
                    <Unicode>Einzelausgaben (Freiburg, Herder) erschienen. —</Unicode>
                </TextEquiv>
            </TextLine>
            <TextLine id="r2l18" custom="readingOrder {index:17;}">
                <Coords points="1548,1073 1871,1068 1971,1092 2001,1070 2405,1070 2405,1036 2315,1025 1548,1028"/>
                <Baseline points="1558,1058 1599,1060 1641,1062 1683,1063 1725,1064 1767,1065 1808,1065 1850,1066 1892,1065 1934,1065 1976,1065 2017,1065 2059,1064 2101,1064 2143,1063 2185,1063 2226,1062 2268,1062 2310,1062 2352,1062 2394,1062"/>
                <TextEquiv>
                    <Unicode>mit ihren Romanen „Die Brüder“ (Berlin,</Unicode>
                </TextEquiv>
            </TextLine>
            <TextLine id="r2l19" custom="readingOrder {index:18;}">
                <Coords points="678,1123 1529,1111 1529,1075 1471,1062 678,1068"/>
                <Baseline points="688,1101 729,1103 771,1103 812,1104 854,1105 895,1105 937,1105 978,1105 1020,1105 1061,1105 1103,1104 1145,1104 1186,1104 1228,1104 1269,1104 1311,1104 1352,1104 1394,1104 1435,1105 1477,1105 1519,1106"/>
                <TextEquiv>
                    <Unicode>Don Neuaufl. guter älterer Unterhaltungsliteratur</Unicode>
                </TextEquiv>
            </TextLine>
            <TextLine id="r2l20" custom="readingOrder {index:19;}">
                <Coords points="1547,1122 2387,1108 2387,1071 2011,1067 1956,1090 1547,1060"/>
                <Baseline points="1558,1104 1598,1106 1639,1107 1680,1109 1721,1110 1762,1110 1803,1111 1844,1111 1885,1111 1926,1111 1967,1110 2007,1110 2048,1110 2089,1109 2130,1109 2171,1108 2212,1108 2253,1108 2294,1108 2335,1108 2376,1109"/>
                <TextEquiv>
                    <Unicode>Grote; geb. 6.50) u. „Lukas Rabesam“</Unicode>
                </TextEquiv>
            </TextLine>
            <TextLine id="r2l21" custom="readingOrder {index:20;}">
                <Coords points="685,1156 1545,1167 1523,1109 686,1120"/>
                <Baseline points="696,1147 737,1148 779,1148 821,1148 863,1149 905,1149 947,1149 989,1149 1031,1149 1073,1149 1115,1149 1156,1149 1198,1149 1240,1149 1282,1149 1324,1149 1366,1149 1408,1150 1450,1150 1492,1150 1534,1151"/>
                <TextEquiv>
                    <Unicode>seien genannt: M. Scharlaus Roman „Im</Unicode>
                </TextEquiv>
            </TextLine>
            <TextLine id="r2l22" custom="readingOrder {index:21;}">
                <Coords points="1555,1162 2335,1172 2403,1142 2403,1105 1555,1121"/>
                <Baseline points="1566,1152 1607,1152 1648,1152 1689,1152 1731,1152 1772,1152 1813,1152 1855,1152 1896,1152 1937,1153 1979,1153 2020,1153 2061,1153 2102,1153 2144,1153 2185,1153 2226,1153 2268,1152 2309,1151 2350,1150 2392,1149"/>
                <TextEquiv>
                    <Unicode>(Leipzig, L. Staackmann; 6.50) keinen Aufstieg ge¬</Unicode>
                </TextEquiv>
            </TextLine>
            <TextLine id="r2l23" custom="readingOrder {index:22;}">
                <Coords points="681,1202 1547,1198 1547,1166 1496,1153 681,1157"/>
                <Baseline points="691,1192 733,1192 775,1193 817,1193 860,1193 902,1193 944,1193 986,1193 1029,1193 1071,1193 1113,1193 1155,1193 1198,1193 1240,1193 1282,1193 1324,1193 1367,1193 1409,1193 1451,1193 1493,1193 1536,1193"/>
                <TextEquiv>
                    <Unicode>Schatten“ (Freiburg, Herder; geb. 4.60); die</Unicode>
                </TextEquiv>
            </TextLine>
            <TextLine id="r2l24" custom="readingOrder {index:23;}">
                <Coords points="1547,1194 2396,1206 2396,1168 2366,1157 1547,1168"/>
                <Baseline points="1558,1192 1599,1193 1640,1194 1682,1194 1723,1195 1765,1196 1806,1196 1847,1197 1889,1197 1930,1197 1972,1198 2013,1198 2054,1198 2096,1198 2137,1197 2179,1197 2220,1196 2261,1196 2303,1195 2344,1194 2386,1193"/>
                <TextEquiv>
                    <Unicode>wonnen. — Auch der aus dem Nachlasse H. Töns'</Unicode>
                </TextEquiv>
            </TextLine>
            <TextLine id="r2l25" custom="readingOrder {index:24;}">
                <Coords points="683,1241 1480,1251 1544,1238 1544,1199 682,1201"/>
                <Baseline points="694,1236 738,1237 782,1237 826,1237 870,1237 914,1237 958,1237 1003,1237 1047,1237 1091,1237 1135,1236 1179,1236 1223,1236 1268,1235 1312,1235 1356,1235 1400,1235 1444,1234 1488,1234 1533,1234"/>
                <TextEquiv>
                    <Unicode>historische Dolkserzählung „Das Erbe der</Unicode>
                </TextEquiv>
            </TextLine>
            <TextLine id="r2l26" custom="readingOrder {index:25;}">
                <Coords points="1545,1251 2405,1242 2405,1192 2362,1213 1546,1206"/>
                <Baseline points="1557,1236 1598,1236 1640,1236 1682,1236 1724,1236 1766,1237 1808,1237 1850,1238 1892,1238 1934,1239 1976,1239 2017,1240 2059,1240 2101,1240 2143,1241 2185,1241 2227,1241 2269,1241 2311,1240 2353,1240 2395,1239"/>
                <TextEquiv>
                    <Unicode>veröffentlichte Roman „Die Häuser von Ohlen¬</Unicode>
                </TextEquiv>
            </TextLine>
            <TextLine id="r2l27" custom="readingOrder {index:26;}">
                <Coords points="685,1299 1527,1285 1527,1242 1502,1240 1136,1261 685,1241"/>
                <Baseline points="695,1279 736,1280 777,1281 818,1282 859,1282 900,1282 941,1282 982,1282 1023,1282 1064,1281 1106,1281 1147,1280 1188,1280 1229,1279 1270,1279 1311,1278 1352,1278 1393,1278 1434,1279 1475,1279 1517,1280"/>
                <TextEquiv>
                    <Unicode>Helfensteiner“ (ebd.; geb. 4.20) von K. Hof¬</Unicode>
                </TextEquiv>
            </TextLine>
            <TextLine id="r2l28" custom="readingOrder {index:27;}">
                <Coords points="1551,1286 2410,1290 2410,1260 2334,1244 1551,1241"/>
                <Baseline points="1561,1278 1605,1278 1649,1279 1693,1279 1737,1280 1781,1280 1825,1281 1870,1282 1914,1283 1958,1283 2002,1284 2046,1284 2090,1285 2135,1285 2179,1285 2223,1285 2267,1285 2311,1285 2355,1284 2400,1283"/>
                <TextEquiv>
                    <Unicode>hof“ (Hannover, Sponholz; 5.—) bedeutet keine</Unicode>
                </TextEquiv>
            </TextLine>
            <TextLine id="r2l29" custom="readingOrder {index:28;}">
                <Coords points="682,1320 1482,1340 1535,1335 1535,1280 682,1303"/>
                <Baseline points="693,1325 734,1325 776,1325 817,1326 859,1325 901,1325 942,1325 984,1325 1025,1325 1067,1324 1109,1324 1150,1324 1192,1323 1233,1323 1275,1323 1317,1323 1358,1324 1400,1324 1441,1324 1483,1325 1525,1326"/>
                <TextEquiv>
                    <Unicode>mann; die unmittelbar frischen Isländerbücher</Unicode>
                </TextEquiv>
            </TextLine>
            <TextLine id="r2l30" custom="readingOrder {index:29;}">
                <Coords points="1556,1333 2409,1328 2334,1289 1556,1295"/>
                <Baseline points="1566,1323 1607,1323 1649,1324 1690,1324 1732,1325 1774,1325 1815,1326 1857,1326 1899,1327 1940,1327 1982,1327 2024,1327 2065,1328 2107,1328 2149,1328 2190,1328 2232,1328 2274,1328 2315,1328 2357,1328 2399,1328"/>
                <TextEquiv>
                    <Unicode>Erweiterung des Künstlercharakters. — Ricarda</Unicode>
                </TextEquiv>
            </TextLine>
            <TextLine id="r2l31" custom="readingOrder {index:30;}">
                <Coords points="688,1377 1462,1387 1532,1359 1532,1336 994,1346 859,1323 688,1351"/>
                <Baseline points="698,1372 739,1371 780,1370 821,1370 862,1370 904,1369 945,1369 986,1369 1027,1369 1068,1369 1110,1369 1151,1369 1192,1369 1233,1369 1274,1369 1316,1369 1357,1369 1398,1369 1439,1368 1480,1368 1522,1367"/>
                <TextEquiv>
                    <Unicode>„Nonni“ (ebd.; geb. 5.—) u. „Sonnentage“</Unicode>
                </TextEquiv>
            </TextLine>
            <TextLine id="r2l32" custom="readingOrder {index:31;}">
                <Coords points="1544,1373 2320,1391 2397,1363 2397,1328 2004,1349 1544,1324"/>
                <Baseline points="1555,1371 1596,1371 1638,1372 1679,1372 1721,1372 1762,1372 1804,1372 1845,1372 1887,1372 1928,1372 1970,1372 2012,1372 2053,1372 2095,1372 2136,1372 2178,1371 2219,1371 2261,1371 2302,1370 2344,1369 2386,1369"/>
                <TextEquiv>
                    <Unicode>Huchs Kriminalgeschichte „Der Fall Dernga“</Unicode>
                </TextEquiv>
            </TextLine>
            <TextLine id="r2l33" custom="readingOrder {index:32;}">
                <Coords points="688,1410 1077,1436 1131,1412 1533,1421 1532,1385 1503,1378 688,1382"/>
                <Baseline points="699,1414 740,1415 781,1415 822,1415 863,1415 904,1415 945,1414 986,1414 1027,1414 1068,1414 1110,1414 1151,1413 1192,1413 1233,1413 1274,1413 1315,1412 1356,1412 1397,1412 1438,1412 1479,1412 1521,1412"/>
                <TextEquiv>
                    <Unicode>(ebd.; geb. 4.80) von Jön Svensson; u. vor</Unicode>
                </TextEquiv>
            </TextLine>
            <TextLine id="r2l34" custom="readingOrder {index:33;}">
                <Coords points="1540,1408 1679,1431 2404,1423 2404,1385 2372,1372 1540,1380"/>
                <Baseline points="1551,1415 1593,1416 1635,1416 1677,1416 1719,1417 1761,1417 1803,1417 1845,1418 1887,1418 1929,1418 1971,1418 2013,1418 2055,1418 2097,1418 2139,1418 2181,1418 2223,1418 2265,1417 2307,1416 2349,1416 2392,1415"/>
                <TextEquiv>
                    <Unicode>(Berlin, Ullstein &amp; Co.; 3.—) ist von der Kritik</Unicode>
                </TextEquiv>
            </TextLine>
            <TextLine id="r2l35" custom="readingOrder {index:34;}">
                <Coords points="689,1464 1533,1472 1533,1431 1499,1419 689,1430"/>
                <Baseline points="699,1455 740,1456 781,1456 822,1457 863,1457 904,1457 945,1458 987,1458 1028,1458 1069,1458 1110,1458 1151,1458 1192,1458 1233,1457 1275,1457 1316,1457 1357,1457 1398,1456 1439,1456 1480,1456 1522,1455"/>
                <TextEquiv>
                    <Unicode>allem L. Colomas köstlicher „Bop“ (17. bis</Unicode>
                </TextEquiv>
            </TextLine>
            <TextLine id="r2l36" custom="readingOrder {index:35;}">
                <Coords points="1539,1451 1766,1476 2399,1470 2399,1429 2362,1425 1539,1413"/>
                <Baseline points="1551,1459 1592,1459 1634,1459 1676,1459 1718,1459 1760,1459 1802,1459 1843,1459 1885,1459 1927,1460 1969,1460 2011,1460 2053,1460 2095,1461 2136,1461 2178,1461 2220,1461 2262,1461 2304,1462 2346,1462 2388,1462"/>
                <TextEquiv>
                    <Unicode>wohl mit Unrecht zurückgewiesen worden: große</Unicode>
                </TextEquiv>
            </TextLine>
            <TextLine id="r2l37" custom="readingOrder {index:36;}">
                <Coords points="684,1505 1473,1516 1532,1507 1532,1466 799,1458 684,1482"/>
                <Baseline points="694,1500 735,1500 776,1501 818,1501 859,1501 900,1501 942,1501 983,1501 1024,1501 1066,1501 1107,1501 1148,1501 1190,1501 1231,1500 1272,1500 1314,1500 1355,1500 1396,1499 1438,1499 1479,1498 1521,1498"/>
                <TextEquiv>
                    <Unicode>22. Caus. ebd.; geb. 2.—). — Um den Katholiken</Unicode>
                </TextEquiv>
            </TextLine>
            <TextLine id="r2l38" custom="readingOrder {index:37;}">
                <Coords points="1544,1507 2349,1518 2407,1492 2407,1456 1543,1470"/>
                <Baseline points="1555,1504 1597,1504 1639,1504 1681,1505 1723,1505 1765,1505 1807,1505 1849,1505 1891,1505 1933,1505 1975,1505 2017,1505 2059,1505 2101,1505 2143,1504 2185,1504 2227,1504 2269,1504 2311,1503 2353,1503 2396,1503"/>
                <TextEquiv>
                    <Unicode>pfpchologische Intuition meistert hier ein tiefes</Unicode>
                </TextEquiv>
            </TextLine>
            <TextLine id="r2l39" custom="readingOrder {index:38;}">
                <Coords points="688,1542 1539,1560 1539,1509 688,1506"/>
                <Baseline points="698,1543 739,1544 781,1544 822,1545 864,1545 905,1545 947,1545 988,1545 1030,1545 1071,1545 1113,1545 1154,1545 1196,1545 1237,1544 1279,1544 1320,1545 1362,1545 1403,1545 1445,1545 1486,1546 1528,1547"/>
                <TextEquiv>
                    <Unicode>einen guten Abgang zu verschaffen, sei schließlich noch</Unicode>
                </TextEquiv>
            </TextLine>
            <TextLine id="r2l40" custom="readingOrder {index:39;}">
                <Coords points="1543,1550 2128,1567 2400,1540 2378,1510 1543,1514"/>
                <Baseline points="1554,1546 1595,1546 1637,1546 1679,1546 1720,1546 1762,1547 1804,1547 1845,1547 1887,1548 1929,1548 1971,1549 2012,1549 2054,1549 2096,1549 2137,1549 2179,1549 2221,1549 2262,1549 2304,1548 2346,1547 2388,1546"/>
                <TextEquiv>
                    <Unicode>Charakterproblem. — Im Vergleich damit sind</Unicode>
                </TextEquiv>
            </TextLine>
            <TextLine id="r2l41" custom="readingOrder {index:40;}">
                <Coords points="691,1597 1540,1592 1540,1568 1458,1549 691,1557"/>
                <Baseline points="701,1588 742,1588 783,1589 825,1589 866,1589 907,1589 949,1589 990,1589 1031,1589 1073,1588 1114,1588 1155,1588 1197,1588 1238,1588 1279,1588 1321,1588 1362,1589 1403,1589 1445,1590 1486,1590 1528,1591"/>
                <TextEquiv>
                    <Unicode>erwähnt Laurenz Riesgens wirklich schönes Buch</Unicode>
                </TextEquiv>
            </TextLine>
            <TextLine id="r2l42" custom="readingOrder {index:41;}">
                <Coords points="1546,1603 2348,1610 2403,1603 2403,1550 1546,1558"/>
                <Baseline points="1556,1590 1597,1591 1639,1591 1681,1592 1723,1593 1765,1593 1806,1594 1848,1594 1890,1594 1932,1595 1974,1595 2015,1595 2057,1594 2099,1594 2141,1594 2183,1593 2224,1592 2266,1591 2308,1590 2350,1589 2392,1588"/>
                <TextEquiv>
                    <Unicode>H. Mann's „sozialer“ Roman „Die Armen“.</Unicode>
                </TextEquiv>
            </TextLine>
            <TextLine id="r2l43" custom="readingOrder {index:42;}">
                <Coords points="687,1628 918,1650 1538,1639 1538,1596 687,1596"/>
                <Baseline points="697,1633 738,1633 780,1634 821,1634 863,1634 904,1634 946,1634 987,1634 1029,1634 1070,1634 1112,1633 1154,1633 1195,1633 1237,1633 1278,1633 1320,1633 1361,1633 1403,1633 1444,1633 1486,1634 1528,1635"/>
                <TextEquiv>
                    <Unicode>„Der Märchenvoge!“ (ebd.; geb. 4.50), in dem</Unicode>
                </TextEquiv>
            </TextLine>
            <TextLine id="r2l44" custom="readingOrder {index:43;}">
                <Coords points="1556,1653 2405,1653 2405,1619 2296,1598 1556,1597"/>
                <Baseline points="1566,1636 1607,1637 1648,1637 1690,1638 1731,1638 1773,1638 1814,1638 1855,1638 1897,1638 1938,1638 1980,1638 2021,1637 2062,1637 2104,1637 2145,1636 2187,1636 2228,1636 2269,1635 2311,1635 2352,1634 2394,1634"/>
                <TextEquiv>
                    <Unicode>(Leipzig, Kurt Wolff; geb. 5.—) und des litera¬</Unicode>
                </TextEquiv>
            </TextLine>
            <TextLine id="r2l45" custom="readingOrder {index:44;}">
                <Coords points="693,1692 1538,1682 1538,1648 1467,1636 693,1648"/>
                <Baseline points="704,1677 745,1678 786,1678 827,1679 868,1679 910,1679 951,1678 992,1678 1033,1678 1074,1677 1116,1677 1157,1676 1198,1676 1239,1675 1280,1675 1322,1675 1363,1674 1404,1674 1445,1674 1486,1674 1528,1675"/>
                <TextEquiv>
                    <Unicode>der Text wie die Bilder von Rolf Winkler gleicher¬</Unicode>
                </TextEquiv>
            </TextLine>
            <TextLine id="r2l46" custom="readingOrder {index:45;}">
                <Coords points="1558,1684 2296,1697 2400,1676 2401,1640 1558,1641"/>
                <Baseline points="1569,1680 1610,1680 1651,1680 1692,1680 1733,1680 1774,1680 1815,1680 1856,1680 1897,1680 1938,1680 1979,1680 2020,1680 2061,1680 2102,1681 2143,1681 2184,1681 2225,1682 2266,1682 2307,1683 2348,1683 2389,1683"/>
                <TextEquiv>
                    <Unicode>rischen Marktschreiers G. Meprink gequält phan¬</Unicode>
                </TextEquiv>
            </TextLine>
            <TextLine id="r2l47" custom="readingOrder {index:46;}">
                <Coords points="686,1742 1529,1730 1516,1683 686,1690"/>
                <Baseline points="697,1720 738,1721 779,1721 820,1722 861,1722 902,1722 943,1722 984,1722 1025,1722 1066,1722 1107,1721 1148,1721 1189,1721 1230,1720 1271,1720 1312,1720 1353,1719 1394,1719 1435,1719 1476,1719 1518,1719"/>
                <TextEquiv>
                    <Unicode>maßen erfreulich sind. Dieser Versuch, die Märchen¬</Unicode>
                </TextEquiv>
            </TextLine>
            <TextLine id="r2l48" custom="readingOrder {index:47;}">
                <Coords points="1545,1723 2409,1742 2405,1690 1545,1693"/>
                <Baseline points="1556,1725 1598,1723 1640,1723 1682,1722 1724,1722 1766,1721 1808,1721 1850,1721 1892,1722 1934,1722 1977,1722 2019,1723 2061,1723 2103,1724 2145,1724 2187,1724 2229,1724 2271,1724 2313,1724 2355,1724 2398,1723"/>
                <TextEquiv>
                    <Unicode>tastische „Walpurgisnacht“ (ebd.; geb. 5.—)</Unicode>
                </TextEquiv>
            </TextLine>
            <TextLine id="r2l49" custom="readingOrder {index:48;}">
                <Coords points="692,1768 1496,1783 1541,1766 1541,1738 692,1740"/>
                <Baseline points="702,1763 743,1764 784,1765 826,1765 867,1766 909,1766 950,1766 992,1766 1033,1766 1075,1766 1116,1765 1157,1765 1199,1765 1240,1765 1282,1765 1323,1765 1365,1765 1406,1765 1448,1765 1489,1765 1531,1766"/>
                <TextEquiv>
                    <Unicode>erzählung, einen vollberechtigten Zweig der Dichtung,</Unicode>
                </TextEquiv>
            </TextLine>
            <TextLine id="r2l50" custom="readingOrder {index:49;}">
                <Coords points="1550,1775 2326,1786 2401,1777 2401,1732 1550,1741"/>
                <Baseline points="1561,1768 1602,1768 1644,1767 1685,1767 1727,1767 1768,1767 1810,1767 1851,1767 1893,1767 1934,1767 1976,1767 2017,1767 2059,1767 2100,1767 2142,1767 2183,1768 2225,1768 2266,1769 2308,1769 2349,1769 2391,1770"/>
                <TextEquiv>
                    <Unicode>recht äußerliche Sensationskunststücke. — Bessere</Unicode>
                </TextEquiv>
            </TextLine>
            <TextLine id="r2l51" custom="readingOrder {index:50;}">
                <Coords points="683,1806 1540,1812 1540,1780 1470,1772 683,1772"/>
                <Baseline points="693,1810 734,1810 776,1810 818,1810 860,1810 902,1810 943,1809 985,1809 1027,1809 1069,1809 1111,1809 1152,1809 1194,1808 1236,1808 1278,1808 1320,1808 1361,1808 1403,1808 1445,1808 1487,1808 1529,1808"/>
                <TextEquiv>
                    <Unicode>zu erneuern, ist um so mehr anzuerkennen, als alles</Unicode>
                </TextEquiv>
            </TextLine>
            <TextLine id="r2l52" custom="readingOrder {index:51;}">
                <Coords points="1543,1815 2402,1816 2402,1780 2259,1769 1543,1774"/>
                <Baseline points="1553,1813 1597,1812 1641,1812 1685,1811 1729,1811 1773,1811 1817,1811 1862,1811 1906,1811 1950,1811 1994,1811 2038,1812 2082,1812 2127,1812 2171,1812 2215,1813 2259,1813 2303,1813 2347,1812 2392,1812"/>
                <TextEquiv>
                    <Unicode>„expressionistische“ Sachen der neueren Richtung</Unicode>
                </TextEquiv>
            </TextLine>
            <TextLine id="r2l53" custom="readingOrder {index:52;}">
                <Coords points="688,1856 1379,1872 1535,1860 1535,1818 688,1824"/>
                <Baseline points="699,1853 740,1854 781,1854 822,1855 863,1855 905,1855 946,1854 987,1854 1028,1854 1069,1854 1111,1853 1152,1853 1193,1853 1234,1852 1275,1852 1317,1852 1358,1852 1399,1853 1440,1853 1481,1854 1523,1855"/>
                <TextEquiv>
                    <Unicode>bloße Allegorisieren glücklich vermieden ist; eine hie</Unicode>
                </TextEquiv>
            </TextLine>
            <TextLine id="r2l54" custom="readingOrder {index:53;}">
                <Coords points="1543,1867 2394,1859 2394,1825 2315,1816 2024,1815 1988,1839 1858,1810 1543,1816"/>
                <Baseline points="1555,1857 1596,1856 1637,1855 1679,1854 1720,1854 1762,1854 1803,1854 1844,1855 1886,1855 1927,1856 1969,1856 2010,1857 2051,1857 2093,1858 2134,1858 2176,1858 2217,1858 2258,1857 2300,1857 2341,1856 2383,1854"/>
                <TextEquiv>
                    <Unicode>sind: M. Benemann, „Kleine Novellen“.</Unicode>
                </TextEquiv>
            </TextLine>
            <TextLine id="r2l55" custom="readingOrder {index:54;}">
                <Coords points="687,1902 1499,1910 1538,1906 1538,1859 687,1866"/>
                <Baseline points="697,1899 738,1898 780,1897 821,1897 863,1896 904,1896 946,1896 987,1896 1029,1896 1070,1896 1112,1897 1154,1897 1195,1897 1237,1897 1278,1897 1320,1897 1361,1897 1403,1897 1444,1897 1486,1896 1528,1896"/>
                <TextEquiv>
                    <Unicode>u. da leise auftretende Lehrhaftigkeit schadet weiter</Unicode>
                </TextEquiv>
            </TextLine>
            <TextLine id="r2l56" custom="readingOrder {index:55;}">
                <Coords points="1549,1903 2395,1900 2395,1878 2331,1859 2265,1878 1549,1862"/>
                <Baseline points="1559,1900 1600,1900 1641,1901 1682,1901 1724,1901 1765,1901 1806,1901 1847,1901 1889,1901 1930,1901 1971,1901 2012,1901 2054,1901 2095,1901 2136,1901 2177,1901 2219,1901 2260,1902 2301,1902 2342,1902 2384,1902"/>
                <TextEquiv>
                    <Unicode>(Weimar, Kiepenheuer; geb. 3.—); M. Lich¬</Unicode>
                </TextEquiv>
            </TextLine>
            <TextLine id="r2l57" custom="readingOrder {index:56;}">
                <Coords points="687,1944 1501,1956 1501,1907 1409,1898 687,1903"/>
                <Baseline points="697,1940 736,1940 776,1940 815,1941 855,1941 895,1941 934,1941 974,1941 1014,1941 1053,1941 1093,1941 1133,1941 1172,1941 1212,1941 1252,1941 1291,1941 1331,1940 1371,1940 1410,1939 1450,1939 1490,1938"/>
                <TextEquiv>
                    <Unicode>nicht. Dieses Feld sollte mehr bebaut werden.</Unicode>
                </TextEquiv>
            </TextLine>
            <TextLine id="r2l58" custom="readingOrder {index:57;}">
                <Coords points="1538,1946 2402,1952 2389,1899 1539,1912"/>
                <Baseline points="1549,1945 1591,1944 1633,1944 1675,1944 1717,1944 1759,1944 1801,1944 1843,1943 1885,1943 1927,1944 1970,1944 2012,1944 2054,1944 2096,1944 2138,1945 2180,1945 2222,1946 2264,1947 2306,1947 2348,1948 2391,1950"/>
                <TextEquiv>
                    <Unicode>nowsky, „Der Stimmer“ (Leipzig, Kurt</Unicode>
                </TextEquiv>
            </TextLine>
            <TextLine id="r2l59" custom="readingOrder {index:58;}">
                <Coords points="723,1991 1507,2001 1542,1988 1542,1954 723,1955"/>
                <Baseline points="733,1982 775,1983 817,1984 859,1984 901,1984 943,1985 985,1985 1027,1985 1069,1985 1111,1985 1153,1985 1195,1984 1237,1984 1279,1984 1321,1984 1363,1983 1405,1983 1447,1983 1489,1983 1532,1982"/>
                <TextEquiv>
                    <Unicode>Wir kommen nun zu den nichtkatholischen Neu¬</Unicode>
                </TextEquiv>
            </TextLine>
            <TextLine id="r2l60" custom="readingOrder {index:59;}">
                <Coords points="1548,1994 2305,2012 2408,1987 2408,1959 2365,1952 1549,1949"/>
                <Baseline points="1559,1989 1600,1989 1642,1988 1684,1988 1726,1988 1768,1987 1810,1987 1852,1987 1894,1987 1936,1988 1978,1988 2019,1988 2061,1988 2103,1989 2145,1989 2187,1990 2229,1990 2271,1990 2313,1991 2355,1991 2397,1991"/>
                <TextEquiv>
                    <Unicode>Wolff; geb. 6.—); W. Hepmann, „Das</Unicode>
                </TextEquiv>
            </TextLine>
            <TextLine id="r2l61" custom="readingOrder {index:60;}">
                <Coords points="688,2035 1534,2033 1534,2009 1466,1992 688,2003"/>
                <Baseline points="699,2030 740,2030 781,2030 822,2030 864,2030 905,2030 946,2030 987,2030 1029,2030 1070,2030 1111,2030 1152,2029 1194,2029 1235,2029 1276,2029 1317,2029 1359,2029 1400,2028 1441,2028 1482,2028 1524,2028"/>
                <TextEquiv>
                    <Unicode>erscheinungen, aus denen begreiflicherweise nur das</Unicode>
                </TextEquiv>
            </TextLine>
            <TextLine id="r2l62" custom="readingOrder {index:61;}">
                <Coords points="1552,2046 2401,2033 2358,1995 1553,1992"/>
                <Baseline points="1563,2031 1604,2031 1645,2032 1687,2032 1728,2033 1770,2033 1811,2033 1852,2033 1894,2033 1935,2033 1977,2033 2018,2033 2059,2033 2101,2033 2142,2033 2184,2033 2225,2034 2266,2034 2308,2034 2349,2034 2391,2034"/>
                <TextEquiv>
                    <Unicode>Tempelwunder“ (München, G. Müller; geb.</Unicode>
                </TextEquiv>
            </TextLine>
            <TextLine id="r2l63" custom="readingOrder {index:62;}">
                <Coords points="682,2088 1532,2093 1532,2042 1430,2034 682,2043"/>
                <Baseline points="692,2073 733,2074 775,2075 816,2075 858,2075 899,2075 941,2075 982,2075 1024,2075 1065,2075 1107,2074 1148,2074 1190,2074 1231,2074 1273,2074 1314,2074 1356,2074 1397,2074 1439,2074 1480,2074 1522,2075"/>
                <TextEquiv>
                    <Unicode>Allerunerläßlichste herausgehoben werden kann.</Unicode>
                </TextEquiv>
            </TextLine>
            <TextLine id="r2l64" custom="readingOrder {index:63;}">
                <Coords points="1546,2077 2344,2093 2406,2073 2405,2033 1546,2042"/>
                <Baseline points="1558,2077 1599,2077 1641,2077 1683,2077 1725,2078 1767,2078 1808,2078 1850,2078 1892,2078 1934,2078 1976,2078 2017,2078 2059,2077 2101,2077 2143,2077 2185,2077 2226,2076 2268,2075 2310,2075 2352,2074 2394,2074"/>
                <TextEquiv>
                    <Unicode>4.50); A. Zweig, „Geschichtenbuch“ (Mün¬</Unicode>
                </TextEquiv>
            </TextLine>
            <TextLine id="r2l65" custom="readingOrder {index:64;}">
                <Coords points="681,2127 1532,2125 1531,2091 1416,2078 681,2087"/>
                <Baseline points="692,2116 733,2118 774,2120 816,2121 857,2121 899,2122 940,2121 981,2121 1023,2121 1064,2120 1106,2119 1147,2118 1188,2117 1230,2117 1271,2116 1313,2116 1354,2116 1395,2116 1437,2116 1478,2118 1520,2119"/>
                <TextEquiv>
                    <Unicode>Aber was ist auch da von dauerndem Werte?...</Unicode>
                </TextEquiv>
            </TextLine>
            <TextLine id="r2l66" custom="readingOrder {index:65;}">
                <Coords points="1545,2122 2054,2143 2409,2125 2408,2076 1545,2094"/>
                <Baseline points="1556,2120 1598,2121 1640,2122 1682,2122 1724,2122 1766,2122 1808,2122 1850,2122 1892,2122 1934,2122 1977,2122 2019,2121 2061,2121 2103,2120 2145,2120 2187,2119 2229,2119 2271,2118 2313,2118 2355,2117 2398,2116"/>
                <TextEquiv>
                    <Unicode>chen, Langen; geb. 5.—; dieses mit sittlichem Dor¬</Unicode>
                </TextEquiv>
            </TextLine>
            <TextLine id="r2l67" custom="readingOrder {index:66;}">
                <Coords points="692,2172 1532,2172 1532,2131 1450,2121 692,2121"/>
                <Baseline points="703,2162 746,2163 789,2164 832,2164 875,2164 918,2164 961,2164 1004,2164 1047,2164 1090,2163 1134,2163 1177,2163 1220,2163 1263,2162 1306,2162 1349,2162 1392,2162 1435,2162 1478,2162 1522,2163"/>
                <TextEquiv>
                    <Unicode>Das beste Buch des Jahres ist vielleicht noch Klara</Unicode>
                </TextEquiv>
            </TextLine>
            <TextLine id="r2l68" custom="readingOrder {index:67;}">
                <Coords points="1550,2171 2249,2186 2403,2158 2403,2134 2334,2126 1550,2126"/>
                <Baseline points="1560,2165 1601,2165 1643,2165 1684,2165 1726,2165 1768,2165 1809,2165 1851,2165 1892,2165 1934,2165 1976,2165 2017,2165 2059,2165 2100,2165 2142,2164 2184,2164 2225,2164 2267,2163 2308,2163 2350,2162 2392,2162"/>
                <TextEquiv>
                    <Unicode>behalt); dann von Vershoven aus dem „Qua¬</Unicode>
                </TextEquiv>
            </TextLine>
            <TextLine id="r2l69" custom="readingOrder {index:68;}">
                <Coords points="1549,2218 2379,2225 2396,2158 1549,2171"/>
                <Baseline points="1560,2210 1601,2209 1642,2209 1683,2208 1725,2208 1766,2208 1807,2208 1849,2208 1890,2208 1931,2208 1973,2208 2014,2208 2055,2208 2096,2207 2138,2207 2179,2207 2220,2207 2262,2206 2303,2205 2344,2205 2386,2204"/>
                <TextEquiv>
                    <Unicode>driga"=Kreise die in der Form manierierten Finanz¬</Unicode>
                </TextEquiv>
            </TextLine>
            <TextLine id="r2l70" custom="readingOrder {index:69;}">
                <Coords points="689,2266 1546,2272 1546,2223 688,2225"/>
                <Baseline points="700,2252 741,2253 783,2253 825,2253 867,2253 909,2253 950,2253 992,2253 1034,2253 1076,2252 1118,2252 1159,2252 1201,2252 1243,2252 1285,2251 1327,2251 1368,2251 1410,2251 1452,2251 1494,2251 1536,2252"/>
                <TextEquiv>
                    <Unicode>kuba“ (Berlin, Fleischel &amp; Co.; geb. 6.50), weil</Unicode>
                </TextEquiv>
            </TextLine>
            <TextLine id="r2l71" custom="readingOrder {index:70;}">
                <Coords points="1541,2268 2302,2249 2402,2272 2402,2225 2336,2214 1541,2223"/>
                <Baseline points="1551,2255 1593,2255 1635,2255 1677,2255 1719,2254 1761,2254 1803,2254 1845,2253 1887,2253 1929,2252 1971,2252 2013,2252 2055,2251 2097,2251 2139,2251 2181,2251 2223,2251 2265,2251 2307,2251 2349,2252 2392,2252"/>
                <TextEquiv>
                    <Unicode>novellen „Der Fenriswolf“ u. „Das Welt¬</Unicode>
                </TextEquiv>
            </TextLine>
            <TextLine id="r2l72" custom="readingOrder {index:71;}">
                <Coords points="691,2298 952,2316 1463,2294 1531,2314 1531,2260 1493,2254 691,2266"/>
                <Baseline points="701,2296 742,2296 783,2296 824,2295 865,2295 906,2295 947,2295 988,2295 1029,2295 1070,2295 1111,2295 1152,2295 1193,2295 1234,2295 1275,2295 1316,2295 1357,2296 1398,2296 1439,2296 1480,2296 1521,2297"/>
                <TextEquiv>
                    <Unicode>in ihm ein bedeutender Stoff wirklich gestaltet ist.</Unicode>
                </TextEquiv>
            </TextLine>
            <TextLine id="r2l73" custom="readingOrder {index:72;}">
                <Coords points="1541,2324 1772,2295 1926,2318 2026,2284 2088,2311 2402,2291 2402,2268 2255,2251 1541,2268"/>
                <Baseline points="1552,2300 1594,2299 1636,2299 1678,2298 1720,2297 1762,2296 1804,2296 1846,2296 1888,2295 1930,2295 1972,2295 2014,2295 2056,2295 2098,2295 2140,2295 2182,2295 2224,2296 2266,2296 2308,2297 2350,2297 2392,2298"/>
                <TextEquiv>
                    <Unicode>reich u. sein Kanzler“; in gewissem Sinne</Unicode>
                </TextEquiv>
            </TextLine>
            <TextLine id="r2l74" custom="readingOrder {index:73;}">
                <Coords points="693,2349 1531,2351 1531,2304 693,2313"/>
                <Baseline points="703,2340 743,2340 784,2340 825,2340 866,2340 907,2340 948,2340 988,2339 1029,2339 1070,2339 1111,2339 1152,2339 1193,2339 1234,2339 1274,2339 1315,2339 1356,2339 1397,2340 1438,2340 1479,2341 1520,2341"/>
                <TextEquiv>
                    <Unicode>Es ist schwer zu begreifen, wie das Werk von</Unicode>
                </TextEquiv>
            </TextLine>
            <TextLine id="r2l75" custom="readingOrder {index:74;}">
                <Coords points="1550,2352 2337,2351 2401,2344 2401,2293 1550,2316"/>
                <Baseline points="1562,2345 1603,2344 1644,2343 1686,2342 1727,2342 1769,2342 1810,2342 1852,2341 1893,2341 1935,2341 1976,2341 2017,2341 2059,2341 2100,2341 2142,2340 2183,2340 2225,2339 2266,2339 2308,2338 2349,2337 2391,2335"/>
                <TextEquiv>
                    <Unicode>auch 2. Jacques' neuartige, temperamentvoll</Unicode>
                </TextEquiv>
            </TextLine>
            <TextLine id="r2l76" custom="readingOrder {index:75;}">
                <Coords points="687,2392 1534,2391 1533,2348 1467,2344 687,2350"/>
                <Baseline points="698,2387 739,2386 780,2385 821,2385 862,2384 904,2383 945,2383 986,2383 1027,2383 1068,2383 1110,2383 1151,2383 1192,2383 1233,2383 1274,2383 1316,2383 1357,2383 1398,2383 1439,2384 1480,2384 1522,2384"/>
                <TextEquiv>
                    <Unicode>kath. Seite aus sittlichen Bedenken abgelehnt</Unicode>
                </TextEquiv>
            </TextLine>
            <TextLine id="r2l77" custom="readingOrder {index:76;}">
                <Coords points="1548,2390 2264,2400 2396,2375 2396,2343 1547,2356"/>
                <Baseline points="1558,2389 1599,2388 1640,2387 1682,2386 1723,2385 1765,2385 1806,2384 1847,2384 1889,2384 1930,2384 1972,2384 2013,2384 2054,2384 2096,2383 2137,2383 2179,2383 2220,2382 2261,2380 2303,2379 2344,2378 2386,2376"/>
                <TextEquiv>
                    <Unicode>erzählte moderne Robinsonade „Piraths Insel“.</Unicode>
                </TextEquiv>
            </TextLine>
            <TextLine id="r2l78" custom="readingOrder {index:77;}">
                <Coords points="689,2443 1514,2445 1542,2434 1542,2391 689,2394"/>
                <Baseline points="701,2429 742,2429 784,2429 825,2429 867,2429 908,2428 950,2428 991,2428 1033,2428 1074,2428 1116,2427 1158,2427 1199,2427 1241,2427 1282,2427 1324,2427 1365,2427 1407,2427 1448,2427 1490,2427 1532,2427"/>
                <TextEquiv>
                    <Unicode>werden konnte: die Darstellung ist zwar realistisch</Unicode>
                </TextEquiv>
            </TextLine>
            <TextLine id="r2l79" custom="readingOrder {index:78;}">
                <Coords points="1545,2436 2405,2444 2391,2382 1545,2406"/>
                <Baseline points="1556,2432 1597,2432 1639,2431 1681,2431 1723,2431 1765,2431 1807,2431 1849,2430 1891,2430 1933,2430 1975,2430 2016,2429 2058,2429 2100,2429 2142,2429 2184,2428 2226,2428 2268,2428 2310,2427 2352,2427 2394,2427"/>
                <TextEquiv>
                    <Unicode>(Berlin, S. Fischer; geb. 4.25), die jedoch wegen</Unicode>
                </TextEquiv>
            </TextLine>
            <TextLine id="r2l80" custom="readingOrder {index:79;}">
                <Coords points="687,2497 1518,2489 1529,2446 686,2440"/>
                <Baseline points="698,2474 741,2474 784,2474 827,2473 870,2473 913,2473 956,2472 999,2472 1042,2472 1085,2471 1129,2471 1172,2471 1215,2470 1258,2470 1301,2470 1344,2470 1387,2470 1430,2470 1473,2471 1517,2471"/>
                <TextEquiv>
                    <Unicode>u. geht auch den dunklen Erscheinungen des Lebens</Unicode>
                </TextEquiv>
            </TextLine>
            <TextLine id="r2l81" custom="readingOrder {index:80;}">
                <Coords points="1542,2474 1970,2496 2406,2479 2406,2453 2352,2432 1542,2438"/>
                <Baseline points="1553,2477 1595,2476 1637,2476 1679,2475 1721,2475 1763,2474 1805,2473 1848,2473 1890,2472 1932,2472 1974,2471 2016,2471 2058,2471 2100,2471 2143,2471 2185,2471 2227,2471 2269,2472 2311,2472 2353,2474 2396,2475"/>
                <TextEquiv>
                    <Unicode>der freien Sexualanschauungen eine Empfehlung</Unicode>
                </TextEquiv>
            </TextLine>
            <TextLine id="r2l82" custom="readingOrder {index:81;}">
                <Coords points="682,2520 1467,2533 1540,2518 1540,2484 682,2499"/>
                <Baseline points="694,2516 735,2517 777,2517 819,2517 860,2517 902,2517 944,2517 985,2516 1027,2516 1069,2516 1111,2516 1152,2516 1194,2516 1236,2516 1277,2515 1319,2515 1361,2515 1402,2515 1444,2515 1486,2515 1528,2516"/>
                <TextEquiv>
                    <Unicode>nicht aus dem Wege; aber die ganze künstlerische</Unicode>
                </TextEquiv>
            </TextLine>
            <TextLine id="r2l83" custom="readingOrder {index:82;}">
                <Coords points="1544,2520 2377,2535 2403,2529 2403,2488 1543,2490"/>
                <Baseline points="1555,2520 1596,2520 1638,2519 1680,2519 1722,2519 1764,2518 1806,2518 1847,2517 1889,2517 1931,2516 1973,2516 2015,2515 2057,2515 2099,2515 2140,2515 2182,2515 2224,2515 2266,2516 2308,2517 2350,2518 2392,2519"/>
                <TextEquiv>
                    <Unicode>ausschließt. — In die Gattung des allmählich</Unicode>
                </TextEquiv>
            </TextLine>
            <TextLine id="r2l84" custom="readingOrder {index:83;}">
                <Coords points="687,2559 1532,2567 1532,2533 1408,2520 687,2538"/>
                <Baseline points="699,2559 740,2560 781,2560 822,2560 863,2560 904,2560 945,2560 986,2560 1027,2560 1068,2559 1110,2559 1151,2559 1192,2559 1233,2559 1274,2559 1315,2559 1356,2560 1397,2560 1438,2561 1479,2562 1521,2563"/>
                <TextEquiv>
                    <Unicode>Haltung, mit der die Kriegsnot der deutschen Frauen</Unicode>
                </TextEquiv>
            </TextLine>
            <TextLine id="r2l85" custom="readingOrder {index:84;}">
                <Coords points="1547,2568 2396,2568 2396,2532 2278,2520 1547,2525"/>
                <Baseline points="1559,2563 1600,2563 1641,2563 1683,2562 1724,2562 1765,2562 1807,2561 1848,2561 1889,2560 1931,2560 1972,2560 2013,2560 2055,2559 2096,2559 2137,2559 2179,2559 2220,2559 2261,2559 2303,2560 2344,2560 2386,2560"/>
                <TextEquiv>
                    <Unicode>sich überlebenden pfrchologischen Romans (bzw.</Unicode>
                </TextEquiv>
            </TextLine>
            <TextLine id="r2l86" custom="readingOrder {index:85;}">
                <Coords points="1553,2610 2372,2623 2395,2568 1553,2576"/>
                <Baseline points="1564,2609 1605,2608 1646,2607 1687,2606 1728,2605 1769,2604 1810,2604 1851,2603 1892,2603 1933,2602 1974,2602 2015,2602 2056,2602 2097,2601 2138,2601 2179,2602 2220,2602 2261,2602 2302,2602 2343,2603 2384,2603"/>
                <TextEquiv>
                    <Unicode>Novelle) gehören — nur mit den selbstverständ¬</Unicode>
                </TextEquiv>
            </TextLine>
            <TextLine id="r2l87" custom="readingOrder {index:86;}">
                <Coords points="691,2609 1537,2607 1537,2569 1492,2564 691,2568"/>
                <Baseline points="701,2603 742,2604 783,2604 824,2605 866,2605 907,2605 948,2605 989,2605 1031,2605 1072,2605 1113,2605 1154,2605 1196,2605 1237,2605 1278,2604 1319,2604 1361,2604 1402,2603 1443,2603 1484,2603 1526,2602"/>
                <TextEquiv>
                    <Unicode>der inneren Anschauung gefühlsmäßig nahegebracht</Unicode>
                </TextEquiv>
            </TextLine>
            <TextLine id="r2l88" custom="readingOrder {index:87;}">
                <Coords points="1550,2662 2403,2658 2403,2617 2330,2609 1550,2611"/>
                <Baseline points="1560,2652 1601,2651 1643,2651 1684,2650 1726,2649 1768,2649 1809,2648 1851,2647 1892,2647 1934,2646 1976,2646 2017,2646 2059,2646 2100,2646 2142,2646 2184,2646 2225,2646 2267,2647 2308,2647 2350,2648 2392,2649"/>
                <TextEquiv>
                    <Unicode>lichen Vorbehalten aufgezählt — z. B.: M. Halbe,</Unicode>
                </TextEquiv>
            </TextLine>
            <TextLine id="r2l89" custom="readingOrder {index:88;}">
                <Coords points="687,2667 1475,2658 1535,2654 1535,2624 686,2620"/>
                <Baseline points="697,2648 738,2649 779,2649 821,2649 862,2649 903,2649 945,2649 986,2649 1027,2649 1069,2648 1110,2648 1151,2648 1193,2647 1234,2647 1275,2647 1317,2647 1358,2647 1399,2647 1441,2647 1482,2647 1524,2647"/>
                <TextEquiv>
                    <Unicode>wird, ist durchaus ernst u. groß. — Daneben kann</Unicode>
                </TextEquiv>
            </TextLine>
            <TextLine id="r2l90" custom="readingOrder {index:89;}">
                <Coords points="693,2691 1516,2708 1528,2654 692,2663"/>
                <Baseline points="703,2693 743,2693 784,2693 825,2693 866,2693 906,2693 947,2693 988,2693 1029,2692 1069,2692 1110,2691 1151,2691 1192,2691 1232,2691 1273,2690 1314,2690 1355,2691 1395,2691 1436,2691 1477,2692 1518,2693"/>
                <TextEquiv>
                    <Unicode>vom rein literarischen Standpunkt vielleicht noch</Unicode>
                </TextEquiv>
            </TextLine>
            <TextLine id="r2l91" custom="readingOrder {index:90;}">
                <Coords points="1551,2706 2229,2691 2304,2714 2404,2705 2404,2658 1551,2661"/>
                <Baseline points="1562,2701 1603,2698 1645,2697 1686,2695 1728,2694 1770,2693 1811,2692 1853,2691 1894,2691 1936,2691 1978,2691 2019,2691 2061,2691 2102,2691 2144,2692 2186,2692 2227,2692 2269,2692 2310,2692 2352,2691 2394,2691"/>
                <TextEquiv>
                    <Unicode>„Jo“ (Berlin, Ullstein &amp; Co.; 3.—); E. v. Uepser¬</Unicode>
                </TextEquiv>
            </TextLine>
            <TextLine id="r2l92" custom="readingOrder {index:91;}">
                <Coords points="684,2747 1492,2752 1539,2735 1539,2698 799,2692 684,2715"/>
                <Baseline points="696,2738 737,2737 779,2737 820,2736 862,2736 904,2736 945,2736 987,2736 1028,2736 1070,2736 1112,2736 1153,2736 1195,2735 1236,2735 1278,2735 1320,2734 1361,2734 1403,2733 1444,2732 1486,2732 1528,2730"/>
                <TextEquiv>
                    <Unicode>des seltsamen Erotikers O. Flake „Logbuch“</Unicode>
                </TextEquiv>
            </TextLine>
            <TextLine id="r2l93" custom="readingOrder {index:92;}">
                <Coords points="1547,2756 1947,2736 2317,2754 2406,2734 2406,2700 1547,2706"/>
                <Baseline points="1558,2740 1599,2739 1641,2739 1683,2738 1725,2738 1767,2737 1809,2737 1851,2737 1893,2736 1935,2736 1977,2736 2018,2736 2060,2736 2102,2736 2144,2736 2186,2736 2228,2735 2270,2735 2312,2735 2354,2735 2396,2734"/>
                <TextEquiv>
                    <Unicode>ling, „Fürstinnen“ (Berlin, S. Fischer; geb.</Unicode>
                </TextEquiv>
            </TextLine>
            <TextLine id="r2l94" custom="readingOrder {index:93;}">
                <Coords points="1541,2799 2317,2796 2373,2789 2409,2748 1541,2760"/>
                <Baseline points="1552,2785 1594,2784 1636,2784 1678,2784 1721,2783 1763,2782 1805,2782 1848,2782 1890,2781 1932,2780 1975,2780 2017,2779 2059,2779 2101,2779 2144,2778 2186,2778 2228,2778 2271,2778 2313,2778 2355,2778 2398,2778"/>
                <TextEquiv>
                    <Unicode>4.50; ein reifes, edles Alterswerk); F. Künzel¬</Unicode>
                </TextEquiv>
            </TextLine>
            <TextLine id="r2l95" custom="readingOrder {index:94;}">
                <Coords points="695,2803 853,2779 1059,2802 1108,2782 1531,2790 1531,2751 1505,2747 695,2751"/>
                <Baseline points="707,2784 747,2783 788,2783 828,2783 869,2783 910,2783 950,2783 991,2783 1032,2783 1072,2783 1113,2783 1154,2783 1194,2782 1235,2782 1276,2782 1316,2782 1357,2782 1398,2782 1438,2782 1479,2781 1520,2781"/>
                <TextEquiv>
                    <Unicode>(Berlin, S. Fischer; geb. 4.50) gestellt werden,</Unicode>
                </TextEquiv>
            </TextLine>
            <TextLine id="r2l96" custom="readingOrder {index:95;}">
                <Coords points="1555,2835 2404,2829 2403,2805 2281,2783 1555,2803"/>
                <Baseline points="1565,2827 1606,2828 1647,2828 1689,2828 1730,2828 1771,2827 1813,2827 1854,2826 1895,2825 1937,2825 1978,2824 2019,2823 2061,2823 2102,2822 2143,2822 2185,2821 2226,2821 2267,2822 2309,2822 2350,2823 2392,2824"/>
                <TextEquiv>
                    <Unicode>mann „Die Heimsuchung der Enkel“ (Berlin,</Unicode>
                </TextEquiv>
            </TextLine>
            <TextLine id="r2l97" custom="readingOrder {index:96;}">
                <Coords points="682,2853 875,2827 1452,2844 1537,2831 1537,2799 1014,2782 682,2802"/>
                <Baseline points="693,2828 734,2827 776,2827 817,2826 859,2826 901,2826 942,2826 984,2826 1026,2826 1067,2826 1109,2826 1151,2826 1192,2826 1234,2826 1276,2826 1317,2826 1359,2826 1401,2826 1442,2826 1484,2826 1526,2826"/>
                <TextEquiv>
                    <Unicode>vor allem wegen der in ihm enthaltenen Novelle</Unicode>
                </TextEquiv>
            </TextLine>
            <TextLine id="r2l98" custom="readingOrder {index:97;}">
                <Coords points="1541,2891 2375,2887 2398,2849 2321,2826 1541,2851"/>
                <Baseline points="1551,2874 1592,2873 1634,2872 1676,2872 1718,2871 1760,2871 1802,2870 1843,2870 1885,2870 1927,2869 1969,2869 2011,2868 2053,2868 2095,2868 2136,2868 2178,2868 2220,2867 2262,2867 2304,2867 2346,2868 2388,2868"/>
                <TextEquiv>
                    <Unicode>Fleischel &amp; Co.; geb. 5.—); Ina Seidel, „Das</Unicode>
                </TextEquiv>
            </TextLine>
            <TextLine id="r2l99" custom="readingOrder {index:98;}">
                <Coords points="695,2884 977,2866 1033,2890 1473,2889 1535,2869 1535,2844 1109,2825 695,2848"/>
                <Baseline points="706,2874 746,2873 787,2872 828,2871 869,2870 910,2870 951,2869 992,2869 1033,2869 1074,2869 1115,2869 1155,2869 1196,2869 1237,2870 1278,2870 1319,2870 1360,2870 1401,2870 1442,2870 1483,2870 1524,2870"/>
                <TextEquiv>
                    <Unicode>„Holm“. Aber ich empfehle das Buch nicht, zu¬</Unicode>
                </TextEquiv>
            </TextLine>
            <TextLine id="r2l100" custom="readingOrder {index:99;}">
                <Coords points="1541,2920 2297,2929 2398,2903 2397,2881 2344,2875 2021,2871 1540,2898"/>
                <Baseline points="1552,2917 1593,2916 1635,2915 1677,2915 1719,2914 1761,2913 1802,2913 1844,2912 1886,2912 1928,2912 1970,2912 2011,2911 2053,2911 2095,2911 2137,2911 2179,2911 2220,2911 2262,2911 2304,2910 2346,2910 2388,2910"/>
                <TextEquiv>
                    <Unicode>Haus zum Monde“ (ebd.; geb. 5.—; be¬</Unicode>
                </TextEquiv>
            </TextLine>
            <TextLine id="r2l101" custom="readingOrder {index:100;}">
                <Coords points="689,2915 1529,2935 1514,2877 689,2883"/>
                <Baseline points="700,2916 743,2916 786,2915 829,2915 872,2914 915,2914 958,2914 1001,2914 1044,2914 1087,2913 1131,2913 1174,2913 1217,2913 1260,2913 1303,2913 1346,2913 1389,2913 1432,2913 1475,2912 1519,2912"/>
                <TextEquiv>
                    <Unicode>nächst aus ethischem Widerspruch, dann aber auch,</Unicode>
                </TextEquiv>
            </TextLine>
            <TextLine id="r2l102" custom="readingOrder {index:101;}">
                <Coords points="1548,2969 2343,2968 2403,2957 2403,2912 1548,2918"/>
                <Baseline points="1558,2961 1599,2961 1641,2961 1683,2961 1725,2961 1766,2960 1808,2960 1850,2960 1892,2959 1933,2958 1975,2958 2017,2957 2059,2957 2100,2956 2142,2956 2184,2955 2226,2955 2267,2955 2309,2955 2351,2955 2393,2955"/>
                <TextEquiv>
                    <Unicode>achtenswert); F. Nabl, „Das Grab des</Unicode>
                </TextEquiv>
            </TextLine>
            <TextLine id="r2l103" custom="readingOrder {index:102;}">
                <Coords points="690,2961 1535,2966 1535,2927 1430,2919 690,2916"/>
                <Baseline points="702,2960 743,2960 784,2959 825,2959 866,2959 907,2959 948,2958 989,2958 1030,2958 1071,2958 1112,2958 1153,2958 1194,2958 1235,2958 1276,2958 1317,2958 1358,2958 1399,2958 1440,2958 1481,2958 1523,2957"/>
                <TextEquiv>
                    <Unicode>weil es in seiner ganzen Art zu sehen u. zu</Unicode>
                </TextEquiv>
            </TextLine>
            <TextLine id="r2l104" custom="readingOrder {index:103;}">
                <Coords points="685,3004 1169,3019 1237,2997 1352,3025 1540,3004 1540,2968 1399,2958 1265,2980 685,2964"/>
                <Baseline points="697,3003 738,3003 780,3003 821,3003 863,3003 905,3002 946,3002 988,3001 1029,3001 1071,3000 1113,3000 1154,2999 1196,2999 1237,2999 1279,2999 1321,2999 1362,2999 1404,2999 1445,3000 1487,3001 1529,3003"/>
                <TextEquiv>
                    <Unicode>denken kein deutsches Buch ist. — Als undeutsch</Unicode>
                </TextEquiv>
            </TextLine>
            <TextLine id="r2l105" custom="readingOrder {index:104;}">
                <Coords points="1541,3007 2193,3020 2358,3012 2405,3001 2405,2977 1866,2955 1541,2984"/>
                <Baseline points="1553,3005 1595,3005 1637,3005 1679,3005 1721,3005 1763,3004 1805,3004 1847,3003 1889,3003 1931,3002 1973,3001 2015,3001 2057,3000 2099,2999 2141,2999 2183,2999 2225,2998 2267,2998 2309,2999 2351,2999 2394,3000"/>
                <TextEquiv>
                    <Unicode>Lebendigen“ (ebd.; geb. 10.—; sozusagen ex¬</Unicode>
                </TextEquiv>
            </TextLine>
            <TextLine id="r2l106" custom="readingOrder {index:105;}">
                <Coords points="1541,3050 2387,3060 2404,3000 2105,3001 2071,3025 1540,3003"/>
                <Baseline points="1551,3051 1593,3050 1635,3049 1677,3049 1719,3048 1761,3047 1803,3047 1846,3046 1888,3046 1930,3045 1972,3045 2014,3045 2056,3044 2098,3044 2141,3043 2183,3043 2225,3043 2267,3042 2309,3042 2351,3041 2394,3041"/>
                <TextEquiv>
                    <Unicode>perimentell); A. Schnitzler, „Doktor Gräs¬</Unicode>
                </TextEquiv>
            </TextLine>
            <TextLine id="r2l107" custom="readingOrder {index:106;}">
                <Coords points="689,3046 1538,3056 1538,3026 1467,3009 1347,3028 1277,2999 689,3014"/>
                <Baseline points="700,3049 741,3048 782,3048 824,3047 865,3047 907,3046 948,3046 989,3046 1031,3046 1072,3046 1114,3046 1155,3046 1196,3046 1238,3046 1279,3046 1321,3047 1362,3047 1403,3047 1445,3047 1486,3048 1528,3048"/>
                <TextEquiv>
                    <Unicode>u. zugleich unkatholisch empfinde ich auch den</Unicode>
                </TextEquiv>
            </TextLine>
            <TextLine id="r2l108" custom="readingOrder {index:107;}">
                <Coords points="1547,3107 2269,3088 2406,3115 2406,3060 2361,3047 1547,3052"/>
                <Baseline points="1558,3093 1599,3091 1641,3090 1683,3088 1725,3087 1767,3086 1809,3086 1851,3086 1893,3086 1935,3086 1977,3086 2018,3087 2060,3087 2102,3087 2144,3087 2186,3088 2228,3088 2270,3087 2312,3087 2354,3086 2396,3085"/>
                <TextEquiv>
                    <Unicode>ler Badearzt“ (Berlin, S. Fischer; 3.—; mit</Unicode>
                </TextEquiv>
            </TextLine>
            <TextLine id="r2l109" custom="readingOrder {index:108;}">
                <Coords points="691,3090 954,3110 1529,3088 1529,3055 1501,3053 691,3055"/>
                <Baseline points="702,3093 742,3093 783,3092 824,3092 865,3091 906,3091 947,3090 987,3090 1028,3089 1069,3089 1110,3089 1151,3088 1192,3088 1233,3088 1273,3088 1314,3088 1355,3088 1396,3089 1437,3089 1478,3090 1519,3090"/>
                <TextEquiv>
                    <Unicode>künstlerisch immerhin diskutablen Legendenroman</Unicode>
                </TextEquiv>
            </TextLine>
            <TextLine id="r2l110" custom="readingOrder {index:109;}">
                <Coords points="1541,3142 2296,3148 2403,3124 2402,3100 2270,3088 1541,3110"/>
                <Baseline points="1552,3140 1596,3137 1640,3136 1684,3134 1728,3133 1772,3132 1816,3132 1861,3132 1905,3131 1949,3131 1993,3131 2037,3131 2081,3131 2126,3131 2170,3131 2214,3131 2258,3130 2302,3129 2346,3128 2391,3126"/>
                <TextEquiv>
                    <Unicode>Zeichen ermattender Kraft)z H. Doigt - Diede¬</Unicode>
                </TextEquiv>
            </TextLine>
            <TextLine id="r2l111" custom="readingOrder {index:110;}">
                <Coords points="702,3146 1531,3147 1531,3111 1452,3094 702,3101"/>
                <Baseline points="712,3137 752,3137 792,3137 833,3136 873,3136 914,3135 954,3135 994,3135 1035,3134 1075,3134 1116,3133 1156,3133 1196,3133 1237,3132 1277,3132 1318,3132 1358,3132 1398,3132 1439,3133 1479,3133 1520,3134"/>
                <TextEquiv>
                    <Unicode>„Martinian sucht den Teufel“ (München,</Unicode>
                </TextEquiv>
            </TextLine>
            <TextLine id="r2l112" custom="readingOrder {index:111;}">
                <Coords points="1548,3190 2072,3178 2230,3199 2401,3179 2401,3134 1548,3152"/>
                <Baseline points="1559,3180 1600,3179 1642,3178 1683,3178 1725,3177 1767,3177 1808,3177 1850,3177 1891,3177 1933,3177 1975,3177 2016,3177 2058,3177 2099,3177 2141,3177 2183,3177 2224,3177 2266,3176 2307,3176 2349,3175 2391,3174"/>
                <TextEquiv>
                    <Unicode>richs, „Luise“ (München, A. Langen; geb.</Unicode>
                </TextEquiv>
            </TextLine>
            <TextLine id="r2l113" custom="readingOrder {index:112;}">
                <Coords points="690,3188 1457,3179 1532,3200 1532,3151 1491,3141 690,3151"/>
                <Baseline points="701,3182 742,3182 783,3181 824,3181 865,3181 906,3181 947,3180 988,3180 1029,3180 1070,3180 1111,3179 1152,3179 1193,3179 1234,3179 1275,3178 1316,3178 1357,3178 1398,3178 1439,3178 1480,3178 1521,3179"/>
                <TextEquiv>
                    <Unicode>G. Müller; geb. 5.50), von dem Balten J.</Unicode>
                </TextEquiv>
            </TextLine>
            <TextLine id="r2l114" custom="readingOrder {index:113;}">
                <Coords points="1551,3227 2374,3237 2404,3231 2404,3194 1867,3178 1551,3199"/>
                <Baseline points="1562,3225 1603,3224 1645,3224 1686,3223 1728,3223 1770,3222 1811,3222 1853,3221 1894,3221 1936,3220 1978,3220 2019,3219 2061,3219 2102,3219 2144,3218 2186,3218 2227,3217 2269,3217 2310,3217 2352,3217 2394,3216"/>
                <TextEquiv>
                    <Unicode>5.50; herb u. stark); H. Stegemann, „Heim¬</Unicode>
                </TextEquiv>
            </TextLine>
            <TextLine id="r2l115" custom="readingOrder {index:114;}">
                <Coords points="681,3222 1450,3236 1533,3216 1533,3190 680,3190"/>
                <Baseline points="692,3228 733,3226 775,3225 816,3223 858,3223 899,3222 941,3222 982,3222 1024,3222 1065,3222 1107,3222 1149,3222 1190,3222 1232,3223 1273,3223 1315,3222 1356,3222 1398,3222 1439,3221 1481,3220 1523,3219"/>
                <TextEquiv>
                    <Unicode>v. Guenther: eine derartige ästhetisierende Aus¬</Unicode>
                </TextEquiv>
            </TextLine>
            <TextLine id="r2l116" custom="readingOrder {index:115;}">
                <Coords points="1542,3262 1702,3285 2408,3270 2407,3232 2352,3224 1541,3228"/>
                <Baseline points="1553,3264 1595,3266 1637,3267 1679,3268 1721,3268 1763,3268 1805,3268 1848,3268 1890,3267 1932,3267 1974,3266 2016,3266 2058,3265 2100,3264 2143,3263 2185,3263 2227,3262 2269,3262 2311,3262 2353,3262 2396,3262"/>
                <TextEquiv>
                    <Unicode>kehr“ (Berlin, Fleischel &amp; Co.; geb. 5.—); R.</Unicode>
                </TextEquiv>
            </TextLine>
            <TextLine id="r2l117" custom="readingOrder {index:116;}">
                <Coords points="696,3279 1487,3280 1538,3267 1538,3224 696,3238"/>
                <Baseline points="708,3270 751,3269 794,3268 837,3267 880,3267 923,3266 966,3266 1009,3265 1052,3265 1095,3265 1139,3265 1182,3265 1225,3265 1268,3264 1311,3264 1354,3264 1397,3264 1440,3264 1483,3264 1527,3263"/>
                <TextEquiv>
                    <Unicode>beutung unseres kath. Erbgutes widersteht uns. —</Unicode>
                </TextEquiv>
            </TextLine>
            <TextLine id="r2l118" custom="readingOrder {index:117;}">
                <Coords points="1551,3320 2220,3330 2307,3310 2383,3331 2395,3286 1550,3267"/>
                <Baseline points="1562,3310 1603,3312 1644,3312 1685,3313 1726,3314 1767,3314 1808,3314 1849,3313 1890,3313 1931,3312 1973,3311 2014,3310 2055,3310 2096,3309 2137,3308 2178,3307 2219,3307 2260,3306 2301,3306 2342,3306 2384,3306"/>
                <TextEquiv>
                    <Unicode>Heubner, „Jakob Siemering u. Kom¬</Unicode>
                </TextEquiv>
            </TextLine>
            <TextLine id="r2l119" custom="readingOrder {index:118;}">
                <Coords points="694,3322 1291,3333 1528,3314 1530,3275 694,3278"/>
                <Baseline points="704,3314 744,3313 785,3313 826,3313 867,3312 907,3312 948,3311 989,3311 1030,3311 1070,3311 1111,3310 1152,3310 1193,3310 1233,3310 1274,3309 1315,3309 1356,3309 1396,3308 1437,3307 1478,3307 1519,3306"/>
                <TextEquiv>
                    <Unicode>Weit über dem Durchschnitt steht „Die Stunde</Unicode>
                </TextEquiv>
            </TextLine>
            <TextLine id="r2l120" custom="readingOrder {index:119;}">
                <Coords points="1543,3360 2304,3368 2372,3355 2372,3320 1543,3326"/>
                <Baseline points="1553,3359 1593,3357 1633,3355 1674,3354 1714,3354 1755,3353 1795,3352 1835,3352 1876,3351 1916,3351 1957,3351 1997,3351 2037,3351 2078,3351 2118,3351 2159,3351 2199,3351 2239,3351 2280,3351 2320,3351 2361,3350"/>
                <TextEquiv>
                    <Unicode>pagnie“ (Leipzig, L. Staackmann; geb. 6.—). —</Unicode>
                </TextEquiv>
            </TextLine>
            <TextLine id="r2l121" custom="readingOrder {index:120;}">
                <Coords points="696,3354 764,3374 1126,3350 1177,3378 1530,3370 1530,3323 1487,3312 696,3333"/>
                <Baseline points="706,3360 746,3359 787,3357 827,3356 868,3355 909,3354 949,3354 990,3354 1031,3354 1071,3354 1112,3354 1153,3355 1193,3355 1234,3355 1275,3356 1315,3356 1356,3357 1397,3357 1437,3357 1478,3358 1519,3358"/>
                <TextEquiv>
                    <Unicode>des Martin Jochner“ (Leipzig, Kurt Wolff;</Unicode>
                </TextEquiv>
            </TextLine>
            <TextLine id="r2l122" custom="readingOrder {index:121;}">
                <Coords points="1552,3416 2345,3405 2407,3360 1552,3363"/>
                <Baseline points="1562,3399 1603,3397 1645,3396 1687,3396 1729,3395 1770,3395 1812,3395 1854,3395 1896,3395 1937,3395 1979,3395 2021,3395 2063,3395 2104,3395 2146,3395 2188,3395 2230,3395 2271,3394 2313,3394 2355,3393 2397,3391"/>
                <TextEquiv>
                    <Unicode>Als „Heimatkunst“ (im weitesten Sinne) sind an¬</Unicode>
                </TextEquiv>
            </TextLine>
            <TextLine id="r2l123" custom="readingOrder {index:122;}">
                <Coords points="697,3415 1484,3410 1526,3397 1526,3367 859,3359 697,3381"/>
                <Baseline points="708,3407 748,3404 788,3401 829,3400 869,3399 909,3398 950,3398 990,3397 1030,3397 1071,3398 1111,3398 1151,3399 1192,3399 1232,3400 1272,3400 1313,3400 1353,3400 1393,3399 1434,3399 1474,3397 1515,3396"/>
                <TextEquiv>
                    <Unicode>geb. 5.50) von H. Resser, der die geistige Be¬</Unicode>
                </TextEquiv>
            </TextLine>
            <TextLine id="r2l124" custom="readingOrder {index:123;}">
                <Coords points="1543,3451 2383,3456 2398,3403 1543,3419"/>
                <Baseline points="1553,3446 1594,3443 1636,3442 1678,3440 1719,3439 1761,3438 1803,3438 1844,3437 1886,3437 1928,3437 1970,3438 2011,3438 2053,3438 2095,3439 2136,3439 2178,3439 2220,3439 2261,3439 2303,3439 2345,3438 2387,3437"/>
                <TextEquiv>
                    <Unicode>zusehen: A. Karrillon, „Adams Groß¬</Unicode>
                </TextEquiv>
            </TextLine>
            <TextLine id="r2l125" custom="readingOrder {index:124;}">
                <Coords points="699,3459 1512,3455 1535,3448 1535,3397 699,3416"/>
                <Baseline points="711,3448 751,3446 792,3445 833,3443 873,3443 914,3442 955,3442 995,3441 1036,3441 1077,3442 1118,3442 1158,3442 1199,3442 1240,3443 1280,3443 1321,3443 1362,3443 1402,3443 1443,3443 1484,3442 1525,3441"/>
                <TextEquiv>
                    <Unicode>chaffenheit u. die Stimmung der intellektuellen</Unicode>
                </TextEquiv>
            </TextLine>
            <TextLine id="r2l126" custom="readingOrder {index:125;}">
                <Coords points="1554,3496 1946,3509 2268,3482 2300,3501 2403,3470 2402,3442 1554,3457"/>
                <Baseline points="1565,3487 1606,3487 1647,3487 1689,3486 1730,3486 1771,3486 1813,3486 1854,3486 1895,3486 1937,3486 1978,3486 2019,3486 2061,3486 2102,3485 2143,3484 2185,3484 2226,3483 2267,3481 2309,3479 2350,3477 2392,3475"/>
                <TextEquiv>
                    <Unicode>vater“ (Berlin, Grote; geb. 5.50; derber Oden¬</Unicode>
                </TextEquiv>
            </TextLine>
            <TextLine id="r2l127" custom="readingOrder {index:126;}">
                <Coords points="708,3504 1464,3506 1533,3491 1533,3448 708,3455"/>
                <Baseline points="718,3490 758,3489 798,3488 838,3486 879,3486 919,3485 959,3485 999,3485 1040,3485 1080,3485 1120,3485 1160,3485 1201,3485 1241,3485 1281,3486 1321,3486 1362,3486 1402,3486 1442,3486 1482,3485 1523,3485"/>
                <TextEquiv>
                    <Unicode>Lulturschichten vor Kriegsausbruch mit intuitiver</Unicode>
                </TextEquiv>
            </TextLine>
            <TextLine id="r2l128" custom="readingOrder {index:127;}">
                <Coords points="1540,3545 2323,3548 2406,3528 2405,3472 2330,3495 1539,3506"/>
                <Baseline points="1551,3533 1593,3533 1635,3534 1677,3534 1719,3534 1761,3534 1803,3534 1846,3533 1888,3533 1930,3532 1972,3532 2014,3531 2056,3530 2098,3529 2141,3527 2183,3526 2225,3525 2267,3523 2309,3520 2351,3518 2394,3516"/>
                <TextEquiv>
                    <Unicode>waldroman); P. Burg, „Die litanische Braut“.</Unicode>
                </TextEquiv>
            </TextLine>
            <TextLine id="r2l129" custom="readingOrder {index:128;}">
                <Coords points="696,3565 891,3537 936,3566 1038,3569 1207,3533 1440,3563 1491,3535 1491,3496 783,3493 696,3513"/>
                <Baseline points="706,3535 744,3537 783,3537 822,3538 860,3538 899,3538 938,3538 976,3538 1015,3537 1054,3536 1093,3536 1131,3535 1170,3534 1209,3534 1247,3533 1286,3532 1325,3532 1363,3531 1402,3531 1441,3531 1480,3531"/>
                <TextEquiv>
                    <Unicode>kraft heraushebt; allerdings nur für Reife. —</Unicode>
                </TextEquiv>
            </TextLine>
            <TextEquiv>
                <Unicode>Badearzt
Graesler
okt
#OF Lassaies box 4/9
1918 — Literarischer handweiser — Nr. 1/2
2tgeseeeeses EeRSsseeRaRaAsseeeeeseeseue 1
Beute"; M. Maresch, „Der Heilige u.
Sudermann hat mit seinen „Litauischen
das Dolksgericht"; H. Lingens, „Mit
Geschichten“ (Stuttgart, Cotta Nachf.; geb.
Lanze und Spaten“; M. Schupder, „Ju¬
5.—) viele literarische Sünden gutgemacht u. fast
gend und Heimatfriede“. — J. B. Diels
die Höhe seiner ersten Drosadichtungen wieder er¬
zumeist wertvolle Novellen sind jetzt auch in billigen
reicht. — Dagegen haben Frenssen u. Bartsch
Einzelausgaben (Freiburg, Herder) erschienen. —
mit ihren Romanen „Die Brüder“ (Berlin,
Don Neuaufl. guter älterer Unterhaltungsliteratur
Grote; geb. 6.50) u. „Lukas Rabesam“
seien genannt: M. Scharlaus Roman „Im
(Leipzig, L. Staackmann; 6.50) keinen Aufstieg ge¬
Schatten“ (Freiburg, Herder; geb. 4.60); die
wonnen. — Auch der aus dem Nachlasse H. Töns'
historische Dolkserzählung „Das Erbe der
veröffentlichte Roman „Die Häuser von Ohlen¬
Helfensteiner“ (ebd.; geb. 4.20) von K. Hof¬
hof“ (Hannover, Sponholz; 5.—) bedeutet keine
mann; die unmittelbar frischen Isländerbücher
Erweiterung des Künstlercharakters. — Ricarda
„Nonni“ (ebd.; geb. 5.—) u. „Sonnentage“
Huchs Kriminalgeschichte „Der Fall Dernga“
(ebd.; geb. 4.80) von Jön Svensson; u. vor
(Berlin, Ullstein &amp; Co.; 3.—) ist von der Kritik
allem L. Colomas köstlicher „Bop“ (17. bis
wohl mit Unrecht zurückgewiesen worden: große
22. Caus. ebd.; geb. 2.—). — Um den Katholiken
pfpchologische Intuition meistert hier ein tiefes
einen guten Abgang zu verschaffen, sei schließlich noch
Charakterproblem. — Im Vergleich damit sind
erwähnt Laurenz Riesgens wirklich schönes Buch
H. Mann's „sozialer“ Roman „Die Armen“.
„Der Märchenvoge!“ (ebd.; geb. 4.50), in dem
(Leipzig, Kurt Wolff; geb. 5.—) und des litera¬
der Text wie die Bilder von Rolf Winkler gleicher¬
rischen Marktschreiers G. Meprink gequält phan¬
maßen erfreulich sind. Dieser Versuch, die Märchen¬
tastische „Walpurgisnacht“ (ebd.; geb. 5.—)
erzählung, einen vollberechtigten Zweig der Dichtung,
recht äußerliche Sensationskunststücke. — Bessere
zu erneuern, ist um so mehr anzuerkennen, als alles
„expressionistische“ Sachen der neueren Richtung
bloße Allegorisieren glücklich vermieden ist; eine hie
sind: M. Benemann, „Kleine Novellen“.
u. da leise auftretende Lehrhaftigkeit schadet weiter
(Weimar, Kiepenheuer; geb. 3.—); M. Lich¬
nicht. Dieses Feld sollte mehr bebaut werden.
nowsky, „Der Stimmer“ (Leipzig, Kurt
Wir kommen nun zu den nichtkatholischen Neu¬
Wolff; geb. 6.—); W. Hepmann, „Das
erscheinungen, aus denen begreiflicherweise nur das
Tempelwunder“ (München, G. Müller; geb.
Allerunerläßlichste herausgehoben werden kann.
4.50); A. Zweig, „Geschichtenbuch“ (Mün¬
Aber was ist auch da von dauerndem Werte?...
chen, Langen; geb. 5.—; dieses mit sittlichem Dor¬
Das beste Buch des Jahres ist vielleicht noch Klara
behalt); dann von Vershoven aus dem „Qua¬
driga"=Kreise die in der Form manierierten Finanz¬
kuba“ (Berlin, Fleischel &amp; Co.; geb. 6.50), weil
novellen „Der Fenriswolf“ u. „Das Welt¬
in ihm ein bedeutender Stoff wirklich gestaltet ist.
reich u. sein Kanzler“; in gewissem Sinne
Es ist schwer zu begreifen, wie das Werk von
auch 2. Jacques' neuartige, temperamentvoll
kath. Seite aus sittlichen Bedenken abgelehnt
erzählte moderne Robinsonade „Piraths Insel“.
werden konnte: die Darstellung ist zwar realistisch
(Berlin, S. Fischer; geb. 4.25), die jedoch wegen
u. geht auch den dunklen Erscheinungen des Lebens
der freien Sexualanschauungen eine Empfehlung
nicht aus dem Wege; aber die ganze künstlerische
ausschließt. — In die Gattung des allmählich
Haltung, mit der die Kriegsnot der deutschen Frauen
sich überlebenden pfrchologischen Romans (bzw.
Novelle) gehören — nur mit den selbstverständ¬
der inneren Anschauung gefühlsmäßig nahegebracht
lichen Vorbehalten aufgezählt — z. B.: M. Halbe,
wird, ist durchaus ernst u. groß. — Daneben kann
vom rein literarischen Standpunkt vielleicht noch
„Jo“ (Berlin, Ullstein &amp; Co.; 3.—); E. v. Uepser¬
des seltsamen Erotikers O. Flake „Logbuch“
ling, „Fürstinnen“ (Berlin, S. Fischer; geb.
4.50; ein reifes, edles Alterswerk); F. Künzel¬
(Berlin, S. Fischer; geb. 4.50) gestellt werden,
mann „Die Heimsuchung der Enkel“ (Berlin,
vor allem wegen der in ihm enthaltenen Novelle
Fleischel &amp; Co.; geb. 5.—); Ina Seidel, „Das
„Holm“. Aber ich empfehle das Buch nicht, zu¬
Haus zum Monde“ (ebd.; geb. 5.—; be¬
nächst aus ethischem Widerspruch, dann aber auch,
achtenswert); F. Nabl, „Das Grab des
weil es in seiner ganzen Art zu sehen u. zu
denken kein deutsches Buch ist. — Als undeutsch
Lebendigen“ (ebd.; geb. 10.—; sozusagen ex¬
perimentell); A. Schnitzler, „Doktor Gräs¬
u. zugleich unkatholisch empfinde ich auch den
ler Badearzt“ (Berlin, S. Fischer; 3.—; mit
künstlerisch immerhin diskutablen Legendenroman
Zeichen ermattender Kraft)z H. Doigt - Diede¬
„Martinian sucht den Teufel“ (München,
richs, „Luise“ (München, A. Langen; geb.
G. Müller; geb. 5.50), von dem Balten J.
5.50; herb u. stark); H. Stegemann, „Heim¬
v. Guenther: eine derartige ästhetisierende Aus¬
kehr“ (Berlin, Fleischel &amp; Co.; geb. 5.—); R.
beutung unseres kath. Erbgutes widersteht uns. —
Heubner, „Jakob Siemering u. Kom¬
Weit über dem Durchschnitt steht „Die Stunde
pagnie“ (Leipzig, L. Staackmann; geb. 6.—). —
des Martin Jochner“ (Leipzig, Kurt Wolff;
Als „Heimatkunst“ (im weitesten Sinne) sind an¬
geb. 5.50) von H. Resser, der die geistige Be¬
zusehen: A. Karrillon, „Adams Groß¬
chaffenheit u. die Stimmung der intellektuellen
vater“ (Berlin, Grote; geb. 5.50; derber Oden¬
Lulturschichten vor Kriegsausbruch mit intuitiver
waldroman); P. Burg, „Die litanische Braut“.
kraft heraushebt; allerdings nur für Reife. —</Unicode>
            </TextEquiv>
        </TextRegion>
    </Page>
</PcGts>
