<?xml version="1.0" encoding="UTF-8" standalone="yes"?>
<PcGts xmlns="http://schema.primaresearch.org/PAGE/gts/pagecontent/2013-07-15" xmlns:xsi="http://www.w3.org/2001/XMLSchema-instance" xsi:schemaLocation="http://schema.primaresearch.org/PAGE/gts/pagecontent/2013-07-15 http://schema.primaresearch.org/PAGE/gts/pagecontent/2013-07-15/pagecontent.xsd">
    <Metadata>
        <Creator>prov=University of Rostock/Institute of Mathematics/CITlab/Gundram Leifert/gundram.leifert@uni-rostock.de:name=ONB_Newseye_GT_M1+(htr_id=10810)::::v=2.4.2
prov=University of Rostock/Institute of Mathematics/CITlab/Tobias Gruening/tobias.gruening@uni-rostock.de:name=de.uros.citlab.module.baseline2polygon.B2PSeamMultiOriented:v=2.4.2
prov=University of Rostock/Institute of Mathematics/CITlab/Tobias Gruening/tobias.gruening@uni-rostock.de:name=/mnt/transkribus/LA/DEA/URO/LA_news_onb_att.pb:de.uros.citlab.segmentation.CITlab_LA_ML:v=2.4.2
Transkribus</Creator>
        <Created>2019-10-07T10:25:22.903+02:00</Created>
        <LastChange>2019-10-07T15:07:55.167+02:00</LastChange>
        <TranskribusMetadata docId="223892" pageId="9492069" pageNr="127" tsid="16382737" status="IN_PROGRESS" userId="40391" imgUrl="https://files.transkribus.eu/Get?id=DOPNRCZSRDBNPNIDGQTVKAQL&amp;fileType=view" xmlUrl="https://files.transkribus.eu/Get?id=SVJDNOZCVPMHVKMTTMLGEOAX" imageId="6182357"/>
    </Metadata>
    <Page imageFilename="223892_0127.jpeg" imageWidth="3436" imageHeight="4256">
        <ReadingOrder>
            <OrderedGroup id="ro_1711445749288" caption="Regions reading order">
                <RegionRefIndexed index="0" regionRef="r1"/>
                <RegionRefIndexed index="1" regionRef="r2"/>
                <RegionRefIndexed index="2" regionRef="r3"/>
                <RegionRefIndexed index="3" regionRef="r4"/>
            </OrderedGroup>
        </ReadingOrder>
        <TextRegion orientation="0.0" id="r1" custom="readingOrder {index:0;}">
            <Coords points="187,203 187,3085 1659,3085 1659,203"/>
            <TextLine id="r1l1" custom="readingOrder {index:0;}">
                <Coords points="823,238 879,239 898,226 917,237 1183,233 1183,182 1151,173 1129,186 1070,166 992,190 937,172 900,187 862,166 823,172"/>
                <Baseline points="833,226 859,226 885,225 911,225 937,224 964,224 990,224 1016,225 1042,225 1069,225 1095,225 1121,225 1147,224 1174,224"/>
                <TextEquiv>
                    <Unicode>Graesler</Unicode>
                </TextEquiv>
            </TextLine>
            <TextLine id="r1l2" custom="readingOrder {index:1;}">
                <Coords points="1253,227 1639,236 1669,228 1669,176 1622,165 1517,188 1408,166 1371,191 1292,167 1253,188"/>
                <Baseline points="1263,228 1289,227 1315,226 1342,226 1368,226 1395,225 1421,225 1447,225 1474,225 1500,225 1527,225 1553,225 1579,225 1606,225 1632,224 1659,223"/>
                <TextEquiv>
                    <Unicode>Badearzt</Unicode>
                </TextEquiv>
            </TextLine>
            <TextLine id="r1l3" custom="readingOrder {index:2;}">
                <Coords points="261,234 321,256 471,220 489,239 529,227 731,239 776,219 776,186 684,192 631,167 541,190 500,168 468,189 374,169 345,184 320,169 294,185 260,177"/>
                <Baseline points="271,228 297,229 323,230 349,230 375,230 401,231 427,231 453,231 479,230 505,230 532,230 558,230 584,229 610,229 636,228 662,228 688,227 714,226 740,225 767,224"/>
                <TextEquiv>
                    <Unicode>29. Doktor</Unicode>
                </TextEquiv>
            </TextLine>
            <TextLine id="r1l4" custom="readingOrder {index:3;}">
                <Coords points="1496,277 1505,277 1520,261 1546,263 1563,253 1587,264 1606,258 1615,268 1634,258 1664,259 1663,222 1637,224 1626,236 1598,227 1523,228 1495,222"/>
                <Baseline points="1504,248 1529,250 1554,250 1579,249 1604,249 1629,248 1655,247"/>
                <TextEquiv>
                    <Unicode>a un en </Unicode>
                </TextEquiv>
            </TextLine>
            <TextLine id="r1l5" custom="readingOrder {index:4;}">
                <Coords points="488,261 1355,261 1355,229 1245,227 1203,199 1110,228 488,227"/>
                <Baseline points="497,248 539,249 581,250 624,250 666,250 709,250 751,250 794,250 836,250 879,250 921,249 963,249 1006,249 1048,248 1091,248 1133,248 1176,248 1218,248 1261,248 1303,248 1346,249"/>
                <TextEquiv>
                    <Unicode> e ree ene ee en den  en en  ee en un    </Unicode>
                </TextEquiv>
            </TextLine>
            <TextLine id="r1l6" custom="readingOrder {index:5;}">
                <Coords points="198,857 1494,850 1494,788 1080,768 778,807 482,769 197,810"/>
                <Baseline points="207,830 270,831 334,831 398,832 462,832 526,833 590,833 654,833 718,833 782,833 846,833 909,832 973,832 1037,831 1101,830 1165,829 1229,829 1293,827 1357,826 1421,824 1485,823"/>
                <TextEquiv>
                    <Unicode>S PKTEFNGATNEE</Unicode>
                </TextEquiv>
            </TextLine>
            <TextLine id="r1l7" custom="readingOrder {index:6;}">
                <Coords points="399,908 1482,898 1544,888 1544,852 399,856"/>
                <Baseline points="409,890 465,890 521,890 577,891 634,891 690,891 746,891 803,891 859,890 915,890 972,890 1028,889 1084,889 1140,888 1197,888 1253,887 1309,886 1366,886 1422,885 1478,884 1535,883"/>
                <TextEquiv>
                    <Unicode>ferische Stadt. Sie hat in alle Bücher etwas gegeben. Den</Unicode>
                </TextEquiv>
            </TextLine>
            <TextLine id="r1l8" custom="readingOrder {index:7;}">
                <Coords points="199,906 223,909 236,897 247,908 275,899 301,898 313,907 329,897 354,901 374,893 373,863 350,856 343,864 333,855 302,862 290,852 279,858 273,852 252,853 232,862 217,853 196,860"/>
                <Baseline points="208,898 234,897 260,896 286,895 312,893 338,892 364,892"/>
                <TextEquiv>
                    <Unicode>iß seinem</Unicode>
                </TextEquiv>
            </TextLine>
            <TextLine id="r1l9" custom="readingOrder {index:8;}">
                <Coords points="413,936 1290,943 1509,934 1543,902 413,904"/>
                <Baseline points="423,930 478,930 534,930 589,930 645,930 700,931 756,931 811,931 867,931 922,930 978,930 1033,930 1089,929 1144,929 1200,928 1255,927 1311,927 1366,925 1422,924 1477,922 1533,920"/>
                <TextEquiv>
                    <Unicode>Duft haben sie alle Auch alle ein wenig die spielende Anmut,</Unicode>
                </TextEquiv>
            </TextLine>
            <TextLine id="r1l10" custom="readingOrder {index:9;}">
                <Coords points="201,951 248,945 268,932 285,941 325,937 347,938 353,944 381,942 380,900 363,895 330,897 313,907 292,898 268,909 247,910 242,904 201,908"/>
                <Baseline points="211,935 237,936 264,936 291,935 317,934 344,934 371,935"/>
                <TextEquiv>
                    <Unicode>zen Leib</Unicode>
                </TextEquiv>
            </TextLine>
            <TextLine id="r1l11" custom="readingOrder {index:10;}">
                <Coords points="404,972 1410,981 1539,965 1539,935 492,953 403,926"/>
                <Baseline points="413,970 468,970 524,970 580,970 636,970 692,970 747,971 803,971 859,970 915,970 971,970 1026,970 1082,970 1138,969 1194,969 1250,968 1305,967 1361,967 1417,966 1473,965 1529,963"/>
                <TextEquiv>
                    <Unicode>das Spielerische und die verbundenen Augen und oft das</Unicode>
                </TextEquiv>
            </TextLine>
            <TextLine id="r1l12" custom="readingOrder {index:11;}">
                <Coords points="193,992 255,984 268,990 318,975 352,984 376,975 375,940 353,944 328,935 304,942 278,937 254,956 237,944 192,947"/>
                <Baseline points="201,975 228,975 256,974 283,973 311,972 338,971 366,972"/>
                <TextEquiv>
                    <Unicode>der glatte</Unicode>
                </TextEquiv>
            </TextLine>
            <TextLine id="r1l13" custom="readingOrder {index:12;}">
                <Coords points="408,1024 1508,1015 1545,966 408,982"/>
                <Baseline points="418,1010 473,1010 529,1010 585,1010 641,1010 697,1010 753,1010 808,1010 864,1010 920,1010 976,1009 1032,1009 1088,1009 1144,1009 1199,1009 1255,1008 1311,1008 1367,1008 1423,1007 1479,1007 1535,1006"/>
                <TextEquiv>
                    <Unicode>maßlose Entsetzen vor dem Tod. Wehmut und Ernst, Tragödie</Unicode>
                </TextEquiv>
            </TextLine>
            <TextLine id="r1l14" custom="readingOrder {index:13;}">
                <Coords points="187,1022 247,1026 258,1014 326,1025 337,1019 358,1025 375,1020 373,985 328,984 318,975 307,983 290,978 279,985 185,990"/>
                <Baseline points="197,1017 224,1017 252,1016 280,1014 308,1011 336,1010 364,1010"/>
                <TextEquiv>
                    <Unicode>nur einen</Unicode>
                </TextEquiv>
            </TextLine>
            <TextLine id="r1l15" custom="readingOrder {index:14;}">
                <Coords points="399,1067 1537,1051 1537,1014 399,1023"/>
                <Baseline points="408,1049 464,1050 520,1050 576,1050 632,1050 688,1050 744,1049 800,1049 856,1049 912,1048 968,1048 1024,1048 1080,1047 1136,1047 1192,1047 1248,1047 1304,1047 1360,1046 1416,1047 1472,1047 1528,1047"/>
                <TextEquiv>
                    <Unicode>und Begeisterung. die klugen Männer und die kleinen Mäd¬</Unicode>
                </TextEquiv>
            </TextLine>
            <TextLine id="r1l16" custom="readingOrder {index:15;}">
                <Coords points="196,1070 228,1065 235,1057 271,1063 290,1057 327,1069 346,1057 369,1068 382,1067 380,1024 362,1029 354,1021 313,1023 305,1017 256,1017 247,1027 195,1021"/>
                <Baseline points="205,1055 232,1054 260,1053 288,1051 315,1050 343,1050 371,1051"/>
                <TextEquiv>
                    <Unicode>Tradition,</Unicode>
                </TextEquiv>
            </TextLine>
            <TextLine id="r1l17" custom="readingOrder {index:16;}">
                <Coords points="407,1108 1543,1090 1542,1057 1473,1046 407,1061"/>
                <Baseline points="417,1088 472,1088 528,1089 584,1089 640,1089 696,1089 751,1089 807,1089 863,1089 919,1089 975,1088 1030,1088 1086,1088 1142,1088 1198,1087 1254,1087 1309,1086 1365,1086 1421,1085 1477,1085 1533,1084"/>
                <TextEquiv>
                    <Unicode>chen und viele spielerische Frauen; das verteilt sich denn auf</Unicode>
                </TextEquiv>
            </TextLine>
            <TextLine id="r1l18" custom="readingOrder {index:17;}">
                <Coords points="212,1091 227,1091 242,1102 272,1095 287,1101 296,1093 308,1099 326,1094 347,1102 352,1096 377,1094 376,1067 359,1060 314,1067 290,1058 271,1064 236,1057 225,1068 211,1066"/>
                <Baseline points="221,1091 250,1092 279,1091 308,1091 337,1090 367,1089"/>
                <TextEquiv>
                    <Unicode>Wien.</Unicode>
                </TextEquiv>
            </TextLine>
            <TextLine id="r1l19" custom="readingOrder {index:18;}">
                <Coords points="412,1139 1314,1144 1538,1130 1538,1100 412,1107"/>
                <Baseline points="421,1129 476,1129 531,1129 587,1128 642,1128 698,1128 753,1128 808,1128 864,1128 919,1127 975,1127 1030,1127 1085,1126 1141,1126 1196,1126 1252,1125 1307,1125 1362,1125 1418,1124 1473,1124 1529,1123"/>
                <TextEquiv>
                    <Unicode>alle, ein wenig dort, das andre da Ihr schönster und echtester</Unicode>
                </TextEquiv>
            </TextLine>
            <TextLine id="r1l20" custom="readingOrder {index:19;}">
                <Coords points="231,1137 283,1140 290,1136 306,1144 341,1139 353,1149 384,1142 384,1112 367,1111 352,1096 346,1102 327,1095 307,1099 299,1093 288,1101 279,1095 264,1101 230,1100"/>
                <Baseline points="239,1132 266,1131 293,1130 320,1129 347,1129 374,1131"/>
                <TextEquiv>
                    <Unicode>Milien</Unicode>
                </TextEquiv>
            </TextLine>
            <TextLine id="r1l21" custom="readingOrder {index:20;}">
                <Coords points="402,1166 1546,1175 1521,1123 402,1145"/>
                <Baseline points="411,1168 467,1168 523,1167 579,1167 636,1167 692,1167 748,1167 805,1167 861,1167 917,1166 974,1166 1030,1166 1086,1166 1142,1166 1199,1165 1255,1165 1311,1164 1368,1164 1424,1163 1480,1163 1537,1162"/>
                <TextEquiv>
                    <Unicode>Ton ist das Leichte mit Trogödie auf dem Grund, das Lachen</Unicode>
                </TextEquiv>
            </TextLine>
            <TextLine id="r1l22" custom="readingOrder {index:21;}">
                <Coords points="213,1190 226,1190 230,1186 236,1189 245,1180 254,1179 273,1179 281,1186 288,1180 299,1186 331,1185 330,1140 306,1144 298,1137 262,1140 230,1135 212,1141"/>
                <Baseline points="222,1172 247,1171 272,1170 297,1169 322,1170"/>
                <TextEquiv>
                    <Unicode>efühl.</Unicode>
                </TextEquiv>
            </TextLine>
            <TextLine id="r1l23" custom="readingOrder {index:22;}">
                <Coords points="412,1219 1396,1216 1549,1209 1549,1181 412,1182"/>
                <Baseline points="421,1207 479,1207 538,1207 597,1207 656,1207 715,1207 774,1207 833,1207 892,1206 951,1206 1009,1206 1068,1205 1127,1205 1186,1204 1245,1204 1304,1203 1363,1203 1422,1202 1481,1201 1540,1201"/>
                <TextEquiv>
                    <Unicode>mit Entsagen, die Zunge dem Dasein herausgestreckt und Trä¬</Unicode>
                </TextEquiv>
            </TextLine>
            <TextLine id="r1l24" custom="readingOrder {index:23;}">
                <Coords points="226,1219 242,1215 278,1216 284,1222 289,1216 329,1221 342,1215 355,1224 383,1225 382,1171 360,1173 341,1166 321,1185 300,1188 292,1180 281,1186 274,1179 262,1179 225,1189"/>
                <Baseline points="235,1213 262,1211 290,1211 317,1211 345,1210 373,1209"/>
                <TextEquiv>
                    <Unicode>einmal</Unicode>
                </TextEquiv>
            </TextLine>
            <TextLine id="r1l25" custom="readingOrder {index:24;}">
                <Coords points="407,1270 1436,1254 1543,1242 1543,1202 407,1217"/>
                <Baseline points="417,1246 472,1246 528,1247 584,1247 640,1247 696,1247 752,1247 807,1247 863,1246 919,1246 975,1245 1031,1245 1087,1244 1143,1244 1198,1243 1254,1243 1310,1242 1366,1241 1422,1241 1478,1241 1534,1240"/>
                <TextEquiv>
                    <Unicode>nen in der Brust. Hiei ist der tänzelnde Atem dieser Stadt</Unicode>
                </TextEquiv>
            </TextLine>
            <TextLine id="r1l26" custom="readingOrder {index:25;}">
                <Coords points="177,1256 200,1259 211,1268 231,1257 253,1272 284,1259 303,1264 314,1253 348,1263 380,1262 378,1217 300,1223 290,1216 262,1221 239,1216 176,1228"/>
                <Baseline points="187,1258 213,1255 239,1253 265,1252 291,1252 317,1251 343,1251 369,1250"/>
                <TextEquiv>
                    <Unicode>Klleicht nie</Unicode>
                </TextEquiv>
            </TextLine>
            <TextLine id="r1l27" custom="readingOrder {index:26;}">
                <Coords points="409,1297 1521,1299 1545,1242 409,1271"/>
                <Baseline points="419,1286 474,1286 530,1286 586,1286 642,1286 698,1286 753,1286 809,1286 865,1286 921,1286 977,1285 1032,1285 1088,1284 1144,1284 1200,1284 1256,1284 1311,1283 1367,1283 1423,1283 1479,1283 1535,1283"/>
                <TextEquiv>
                    <Unicode>und dieses Letens voll da; das Schwere ist in ihm. Manche</Unicode>
                </TextEquiv>
            </TextLine>
            <TextLine id="r1l28" custom="readingOrder {index:27;}">
                <Coords points="178,1296 202,1301 262,1294 270,1302 296,1302 326,1292 367,1299 390,1293 388,1263 353,1264 319,1254 296,1265 285,1260 268,1268 261,1261 231,1264 225,1258 210,1267 200,1258 176,1255"/>
                <Baseline points="187,1295 214,1293 241,1290 269,1289 296,1288 324,1287 351,1287 379,1287"/>
                <TextEquiv>
                    <Unicode>on neben</Unicode>
                </TextEquiv>
            </TextLine>
            <TextLine id="r1l29" custom="readingOrder {index:28;}">
                <Coords points="407,1332 1535,1322 1505,1286 1370,1281 407,1295"/>
                <Baseline points="417,1327 472,1326 527,1326 583,1326 638,1325 694,1325 749,1326 805,1326 860,1326 916,1326 971,1326 1026,1326 1082,1326 1137,1326 1193,1326 1248,1325 1304,1324 1359,1323 1415,1321 1470,1320 1526,1318"/>
                <TextEquiv>
                    <Unicode>dieser Arbeiten haben eine Form neues Rokoko, dessen Schick¬</Unicode>
                </TextEquiv>
            </TextLine>
            <TextLine id="r1l30" custom="readingOrder {index:29;}">
                <Coords points="183,1347 201,1339 218,1344 261,1328 287,1347 332,1333 342,1339 366,1334 385,1339 384,1306 342,1292 281,1303 252,1290 208,1305 181,1296"/>
                <Baseline points="191,1333 217,1331 243,1330 269,1329 296,1329 322,1328 348,1328 375,1327"/>
                <TextEquiv>
                    <Unicode>alt ergibt</Unicode>
                </TextEquiv>
            </TextLine>
            <TextLine id="r1l31" custom="readingOrder {index:30;}">
                <Coords points="413,1374 1439,1377 1548,1339 412,1329"/>
                <Baseline points="421,1367 476,1366 532,1366 588,1366 644,1365 700,1365 756,1365 812,1365 868,1365 924,1365 980,1366 1035,1366 1091,1366 1147,1365 1203,1365 1259,1365 1315,1364 1371,1364 1427,1363 1483,1362 1539,1360"/>
                <TextEquiv>
                    <Unicode>salsgehalt auch immanent ist der geazilsten Form. Greift</Unicode>
                </TextEquiv>
            </TextLine>
            <TextLine id="r1l32" custom="readingOrder {index:31;}">
                <Coords points="197,1383 223,1374 239,1383 246,1377 284,1384 319,1375 329,1384 340,1374 346,1380 381,1372 379,1335 340,1340 330,1333 314,1343 286,1347 262,1327 240,1338 231,1334 218,1344 195,1340"/>
                <Baseline points="207,1375 234,1373 261,1372 289,1371 316,1370 343,1368 371,1367"/>
                <TextEquiv>
                    <Unicode>t sich ihm</Unicode>
                </TextEquiv>
            </TextLine>
            <TextLine id="r1l33" custom="readingOrder {index:32;}">
                <Coords points="406,1411 1502,1415 1543,1406 1543,1357 406,1377"/>
                <Baseline points="415,1402 473,1403 532,1405 591,1405 650,1406 709,1406 768,1406 827,1406 886,1406 945,1406 1003,1406 1062,1405 1121,1405 1180,1405 1239,1404 1298,1404 1357,1404 1416,1404 1475,1404 1534,1404"/>
                <TextEquiv>
                    <Unicode>Schnitzler an das tragische Pathos allein, kann es sein, daß</Unicode>
                </TextEquiv>
            </TextLine>
            <TextLine id="r1l34" custom="readingOrder {index:33;}">
                <Coords points="189,1425 299,1412 322,1417 350,1410 358,1417 373,1416 387,1410 386,1373 352,1380 341,1375 328,1383 316,1372 281,1385 268,1378 230,1380 221,1372 201,1387 187,1387"/>
                <Baseline points="197,1411 222,1411 248,1410 274,1409 299,1408 325,1406 351,1405 377,1404"/>
                <TextEquiv>
                    <Unicode>Seite der</Unicode>
                </TextEquiv>
            </TextLine>
            <TextLine id="r1l35" custom="readingOrder {index:34;}">
                <Coords points="412,1451 1553,1443 1455,1404 412,1409"/>
                <Baseline points="421,1444 477,1445 533,1445 589,1445 645,1446 701,1446 757,1445 814,1445 870,1445 926,1445 982,1444 1038,1444 1094,1444 1150,1443 1207,1443 1263,1443 1319,1442 1375,1442 1431,1442 1487,1442 1544,1442"/>
                <TextEquiv>
                    <Unicode>er sich schwer vergeeist. Die Oesterreicher überschreien sich da</Unicode>
                </TextEquiv>
            </TextLine>
            <TextLine id="r1l36" custom="readingOrder {index:35;}">
                <Coords points="203,1457 223,1450 293,1470 317,1454 347,1460 373,1450 392,1453 391,1412 381,1412 372,1422 349,1410 301,1419 282,1414 275,1420 235,1416 222,1424 202,1421"/>
                <Baseline points="212,1451 240,1452 268,1451 297,1449 325,1447 353,1446 382,1448"/>
                <TextEquiv>
                    <Unicode>ein Tiefe</Unicode>
                </TextEquiv>
            </TextLine>
            <TextLine id="r1l37" custom="readingOrder {index:36;}">
                <Coords points="408,1499 1480,1494 1547,1443 408,1458"/>
                <Baseline points="417,1485 473,1485 529,1485 585,1485 641,1485 697,1485 753,1485 809,1485 865,1485 921,1485 977,1484 1033,1484 1089,1484 1145,1484 1201,1483 1257,1483 1313,1483 1369,1482 1425,1482 1481,1482 1538,1481"/>
                <TextEquiv>
                    <Unicode>leicht. Er darf nicht heraus aus seinem Ring. Aber er hat</Unicode>
                </TextEquiv>
            </TextLine>
            <TextLine id="r1l38" custom="readingOrder {index:37;}">
                <Coords points="182,1495 300,1501 311,1492 341,1501 355,1493 390,1504 390,1452 373,1448 347,1460 324,1454 296,1475 262,1457 182,1460"/>
                <Baseline points="191,1489 218,1489 245,1490 272,1490 299,1490 326,1489 353,1488 381,1486"/>
                <TextEquiv>
                    <Unicode>hnein. In</Unicode>
                </TextEquiv>
            </TextLine>
            <TextLine id="r1l39" custom="readingOrder {index:38;}">
                <Coords points="416,1534 1499,1534 1540,1495 416,1499"/>
                <Baseline points="425,1526 480,1525 535,1525 591,1525 646,1525 701,1525 757,1525 812,1525 867,1525 923,1525 978,1524 1033,1524 1089,1524 1144,1524 1199,1523 1255,1523 1310,1522 1365,1522 1421,1521 1476,1519 1532,1518"/>
                <TextEquiv>
                    <Unicode>zweifellos Liebe. Liebe zu den Menschen. Deshalb das</Unicode>
                </TextEquiv>
            </TextLine>
            <TextLine id="r1l40" custom="readingOrder {index:39;}">
                <Coords points="186,1547 252,1533 261,1540 289,1533 329,1543 347,1532 366,1543 387,1540 385,1501 362,1494 333,1501 310,1493 299,1503 276,1496 184,1500"/>
                <Baseline points="195,1531 221,1530 247,1530 273,1529 299,1528 325,1526 351,1525 377,1523"/>
                <TextEquiv>
                    <Unicode>n erregtes</Unicode>
                </TextEquiv>
            </TextLine>
            <TextLine id="r1l41" custom="readingOrder {index:40;}">
                <Coords points="420,1576 1535,1572 1555,1533 420,1535"/>
                <Baseline points="429,1565 484,1564 540,1564 596,1564 652,1563 708,1563 763,1563 819,1564 875,1564 931,1564 987,1564 1042,1564 1098,1564 1154,1564 1210,1564 1266,1563 1321,1562 1377,1562 1433,1560 1489,1559 1545,1557"/>
                <TextEquiv>
                    <Unicode>skeptische Lächeln, das er ihnen gern mitgibt. Darum ist seine</Unicode>
                </TextEquiv>
            </TextLine>
            <TextLine id="r1l42" custom="readingOrder {index:41;}">
                <Coords points="182,1584 209,1585 229,1576 267,1589 295,1575 312,1580 321,1572 385,1576 383,1546 368,1547 349,1533 308,1542 298,1533 276,1540 253,1532 181,1546"/>
                <Baseline points="191,1576 217,1573 243,1571 269,1569 296,1568 322,1567 348,1567 375,1567"/>
                <TextEquiv>
                    <Unicode>gestaltend,</Unicode>
                </TextEquiv>
            </TextLine>
            <TextLine id="r1l43" custom="readingOrder {index:42;}">
                <Coords points="415,1615 1553,1609 1552,1581 1431,1559 415,1578"/>
                <Baseline points="424,1605 482,1604 541,1604 600,1603 659,1603 718,1603 777,1603 836,1603 895,1603 954,1604 1012,1604 1071,1604 1130,1603 1189,1603 1248,1603 1307,1602 1366,1601 1425,1600 1484,1598 1543,1596"/>
                <TextEquiv>
                    <Unicode>Kunst sehr demokratisch, ganz im Gegensatz zu dem anderen</Unicode>
                </TextEquiv>
            </TextLine>
            <TextLine id="r1l44" custom="readingOrder {index:43;}">
                <Coords points="182,1629 202,1620 210,1626 217,1620 244,1622 269,1610 313,1619 331,1612 385,1610 384,1580 331,1573 307,1580 299,1574 257,1593 223,1576 215,1584 198,1581 180,1590"/>
                <Baseline points="191,1611 217,1610 243,1610 269,1608 296,1606 322,1605 348,1604 375,1603"/>
                <TextEquiv>
                    <Unicode>nd, etwas</Unicode>
                </TextEquiv>
            </TextLine>
            <TextLine id="r1l45" custom="readingOrder {index:44;}">
                <Coords points="408,1647 1551,1638 1530,1605 408,1606"/>
                <Baseline points="418,1644 474,1644 530,1644 586,1643 642,1643 698,1643 754,1642 811,1642 867,1642 923,1642 979,1641 1035,1641 1091,1641 1147,1641 1204,1641 1260,1640 1316,1640 1372,1640 1428,1640 1484,1639 1541,1639"/>
                <TextEquiv>
                    <Unicode>Vertreter des Oesterreichischen: von Hofmannsthal. Dennoch</Unicode>
                </TextEquiv>
            </TextLine>
            <TextLine id="r1l46" custom="readingOrder {index:45;}">
                <Coords points="187,1662 244,1660 251,1654 268,1665 281,1653 294,1653 309,1665 326,1651 352,1662 376,1651 390,1653 388,1613 367,1610 353,1617 328,1610 310,1618 270,1610 238,1623 186,1621"/>
                <Baseline points="196,1650 222,1648 248,1647 274,1646 301,1645 327,1644 353,1643 380,1644"/>
                <TextEquiv>
                    <Unicode>er Skepsis</Unicode>
                </TextEquiv>
            </TextLine>
            <TextLine id="r1l47" custom="readingOrder {index:46;}">
                <Coords points="409,1685 1551,1695 1550,1643 409,1646"/>
                <Baseline points="419,1685 475,1684 531,1683 587,1682 643,1682 699,1681 755,1681 812,1681 868,1681 924,1681 980,1681 1036,1681 1092,1681 1148,1681 1205,1681 1261,1681 1317,1681 1373,1680 1429,1680 1485,1680 1542,1680"/>
                <TextEquiv>
                    <Unicode>ist er voll Reserve, selbst in dei Opposition, selbst im Angriff.</Unicode>
                </TextEquiv>
            </TextLine>
            <TextLine id="r1l48" custom="readingOrder {index:47;}">
                <Coords points="191,1701 226,1694 260,1705 279,1693 316,1692 339,1702 353,1691 363,1696 396,1684 396,1654 336,1661 324,1652 313,1664 279,1655 267,1665 238,1656 190,1658"/>
                <Baseline points="199,1689 225,1690 252,1690 279,1689 306,1687 333,1686 360,1686 387,1687"/>
                <TextEquiv>
                    <Unicode>ungen der</Unicode>
                </TextEquiv>
            </TextLine>
            <TextLine id="r1l49" custom="readingOrder {index:48;}">
                <Coords points="414,1737 1553,1716 1553,1689 1315,1674 414,1686"/>
                <Baseline points="423,1724 479,1724 535,1723 591,1722 647,1722 703,1722 759,1721 815,1721 871,1721 927,1721 983,1721 1039,1721 1095,1721 1151,1720 1207,1720 1263,1720 1319,1719 1375,1719 1431,1718 1487,1717 1543,1716"/>
                <TextEquiv>
                    <Unicode>Das macht die Tradition und der Boden Schließlich ist seine</Unicode>
                </TextEquiv>
            </TextLine>
            <TextLine id="r1l50" custom="readingOrder {index:49;}">
                <Coords points="185,1744 223,1740 236,1732 253,1739 262,1733 292,1739 307,1731 348,1739 374,1728 389,1730 388,1705 316,1691 311,1697 294,1692 251,1702 206,1696 193,1710 184,1710"/>
                <Baseline points="195,1729 221,1728 247,1728 273,1726 300,1726 326,1724 352,1723 379,1721"/>
                <TextEquiv>
                    <Unicode>die Atmo¬</Unicode>
                </TextEquiv>
            </TextLine>
            <TextLine id="r1l51" custom="readingOrder {index:50;}">
                <Coords points="407,1764 1558,1774 1558,1731 1485,1722 407,1733"/>
                <Baseline points="417,1762 473,1761 530,1761 586,1760 643,1760 700,1760 756,1760 813,1760 869,1760 926,1760 983,1761 1039,1761 1096,1761 1152,1761 1209,1761 1266,1760 1322,1760 1379,1760 1435,1759 1492,1758 1549,1757"/>
                <TextEquiv>
                    <Unicode>künstlerische Gesinnung ohne Wechsel, ohne Tadel, von abso¬</Unicode>
                </TextEquiv>
            </TextLine>
            <TextLine id="r1l52" custom="readingOrder {index:51;}">
                <Coords points="190,1777 234,1772 263,1781 285,1765 302,1778 345,1777 354,1769 368,1774 386,1766 385,1731 348,1739 310,1731 269,1747 252,1733 189,1742"/>
                <Baseline points="199,1765 224,1767 249,1767 275,1767 300,1766 326,1765 351,1763 377,1761"/>
                <TextEquiv>
                    <Unicode>en=, einer</Unicode>
                </TextEquiv>
            </TextLine>
            <TextLine id="r1l53" custom="readingOrder {index:52;}">
                <Coords points="416,1819 1550,1797 1513,1765 416,1765"/>
                <Baseline points="425,1801 480,1800 536,1800 592,1800 648,1800 703,1800 759,1799 815,1799 871,1799 926,1800 982,1800 1038,1800 1094,1800 1149,1800 1205,1800 1261,1800 1317,1800 1372,1800 1428,1800 1484,1799 1540,1799"/>
                <TextEquiv>
                    <Unicode>lutem Anstand. Nach solch Gesagten vermag man ruhig nun</Unicode>
                </TextEquiv>
            </TextLine>
            <TextLine id="r1l54" custom="readingOrder {index:53;}">
                <Coords points="182,1824 195,1824 210,1812 249,1811 280,1825 296,1813 306,1819 330,1810 356,1823 375,1811 390,1812 388,1769 346,1782 334,1773 306,1779 285,1765 265,1782 239,1772 222,1780 214,1773 181,1777"/>
                <Baseline points="191,1809 218,1808 245,1807 272,1806 299,1805 326,1804 353,1804 380,1804"/>
                <TextEquiv>
                    <Unicode>Bedeutung,</Unicode>
                </TextEquiv>
            </TextLine>
            <TextLine id="r1l55" custom="readingOrder {index:54;}">
                <Coords points="409,1846 1527,1843 1557,1800 408,1820"/>
                <Baseline points="417,1845 473,1844 530,1842 586,1841 643,1840 699,1840 756,1839 812,1839 869,1839 925,1839 982,1839 1038,1840 1095,1840 1151,1840 1208,1840 1264,1840 1321,1839 1377,1839 1434,1838 1490,1837 1547,1835"/>
                <TextEquiv>
                    <Unicode>zu beginnen, sein neuestes Buch zu verreißen: „Badearzt</Unicode>
                </TextEquiv>
            </TextLine>
            <TextLine id="r1l56" custom="readingOrder {index:55;}">
                <Coords points="186,1863 230,1854 270,1861 316,1846 334,1859 346,1847 388,1855 387,1814 355,1820 325,1810 293,1821 287,1817 280,1825 250,1811 212,1810 184,1818"/>
                <Baseline points="195,1845 221,1847 247,1848 273,1847 300,1845 326,1844 352,1843 379,1841"/>
                <TextEquiv>
                    <Unicode>pllen, ohne</Unicode>
                </TextEquiv>
            </TextLine>
            <TextLine id="r1l57" custom="readingOrder {index:56;}">
                <Coords points="417,1883 1494,1893 1543,1884 1543,1843 417,1853"/>
                <Baseline points="427,1881 482,1881 537,1881 592,1881 648,1881 703,1881 758,1881 814,1881 869,1881 924,1880 980,1880 1035,1880 1090,1879 1145,1879 1201,1879 1256,1878 1311,1878 1367,1878 1422,1877 1477,1877 1533,1876"/>
                <TextEquiv>
                    <Unicode>Gräsler“ (bei S. Fischer, Berlin). Der Nahmen ist nicht</Unicode>
                </TextEquiv>
            </TextLine>
            <TextLine id="r1l58" custom="readingOrder {index:57;}">
                <Coords points="203,1892 231,1899 244,1893 256,1900 276,1894 312,1903 355,1893 381,1900 388,1892 400,1894 399,1843 387,1843 376,1853 346,1848 335,1857 316,1847 281,1861 241,1854 202,1857"/>
                <Baseline points="213,1886 238,1887 263,1887 289,1887 314,1886 340,1886 365,1884 391,1882"/>
                <TextEquiv>
                    <Unicode>der Zeit</Unicode>
                </TextEquiv>
            </TextLine>
            <TextLine id="r1l59" custom="readingOrder {index:58;}">
                <Coords points="420,1928 1550,1926 1549,1885 1439,1879 420,1882"/>
                <Baseline points="429,1922 484,1921 540,1920 595,1919 651,1918 706,1918 762,1918 817,1918 873,1918 928,1918 984,1919 1040,1919 1095,1919 1151,1919 1206,1919 1262,1919 1317,1918 1373,1917 1428,1916 1484,1914 1540,1912"/>
                <TextEquiv>
                    <Unicode>gut, vieles zu plauschisch, manches unwichtig, zahlreiches ge¬</Unicode>
                </TextEquiv>
            </TextLine>
            <TextLine id="r1l60" custom="readingOrder {index:59;}">
                <Coords points="205,1935 243,1941 256,1931 275,1930 301,1939 312,1931 335,1939 357,1929 372,1940 380,1934 399,1939 397,1888 376,1898 341,1901 312,1893 294,1899 243,1896 229,1908 204,1901"/>
                <Baseline points="215,1928 244,1926 273,1923 302,1923 331,1921 360,1921 389,1922"/>
                <TextEquiv>
                    <Unicode>t, weniger</Unicode>
                </TextEquiv>
            </TextLine>
            <TextLine id="r1l61" custom="readingOrder {index:60;}">
                <Coords points="417,1973 1550,1953 1462,1916 417,1924"/>
                <Baseline points="427,1961 482,1960 538,1960 594,1959 649,1958 705,1958 761,1958 816,1958 872,1958 928,1958 984,1958 1039,1958 1095,1958 1151,1958 1206,1958 1262,1957 1318,1957 1373,1956 1429,1956 1485,1954 1541,1953"/>
                <TextEquiv>
                    <Unicode>dehnt. In der inneren Führung erweist sich jedoch Interessan¬</Unicode>
                </TextEquiv>
            </TextLine>
            <TextLine id="r1l62" custom="readingOrder {index:61;}">
                <Coords points="191,1972 204,1968 223,1978 247,1972 262,1981 327,1969 352,1976 365,1966 391,1975 390,1936 373,1940 347,1929 334,1939 311,1931 295,1939 283,1931 257,1930 222,1941 200,1927 189,1929"/>
                <Baseline points="199,1965 225,1966 251,1966 277,1966 303,1965 329,1964 355,1962 381,1959"/>
                <TextEquiv>
                    <Unicode>die Dunst¬</Unicode>
                </TextEquiv>
            </TextLine>
            <TextLine id="r1l63" custom="readingOrder {index:62;}">
                <Coords points="410,2003 1554,2008 1565,1958 410,1975"/>
                <Baseline points="419,2001 475,2000 532,2000 589,1999 646,1998 703,1998 759,1997 816,1997 873,1997 930,1996 987,1996 1043,1996 1100,1996 1157,1996 1214,1996 1271,1996 1327,1996 1384,1996 1441,1996 1498,1996 1555,1996"/>
                <TextEquiv>
                    <Unicode>tes: ein Mann zwischen drei Frauen Seine Technik beginnt.</Unicode>
                </TextEquiv>
            </TextLine>
            <TextLine id="r1l64" custom="readingOrder {index:63;}">
                <Coords points="190,2027 248,2031 286,2007 331,2031 338,2024 400,2020 400,1983 363,1968 348,1977 327,1969 261,1981 246,1971 237,1979 205,1968 190,1971"/>
                <Baseline points="199,2005 226,2004 253,2004 280,2003 308,2003 335,2003 362,2004 390,2006"/>
                <TextEquiv>
                    <Unicode>inne wird</Unicode>
                </TextEquiv>
            </TextLine>
            <TextLine id="r1l65" custom="readingOrder {index:64;}">
                <Coords points="421,2064 1431,2047 1558,2007 421,2011"/>
                <Baseline points="431,2043 486,2042 542,2040 598,2039 654,2038 710,2038 766,2037 822,2036 878,2036 934,2035 990,2035 1045,2035 1101,2034 1157,2034 1213,2034 1269,2034 1325,2034 1381,2034 1437,2034 1493,2034 1549,2034"/>
                <TextEquiv>
                    <Unicode>Psychologie hebt zärtlich an. Aufzeichnung beginnt. Notieren</Unicode>
                </TextEquiv>
            </TextLine>
            <TextLine id="r1l66" custom="readingOrder {index:65;}">
                <Coords points="455,2092 1490,2087 1557,2070 1557,2036 455,2060"/>
                <Baseline points="465,2078 519,2078 573,2078 627,2078 681,2078 735,2078 789,2078 843,2077 897,2077 951,2077 1006,2077 1060,2076 1114,2076 1168,2076 1222,2076 1276,2076 1330,2075 1384,2076 1438,2076 1492,2076 1547,2076"/>
                <TextEquiv>
                    <Unicode>.. es wird gedacht, gelächelt, geweint, dunkel gespürt. Die</Unicode>
                </TextEquiv>
            </TextLine>
            <TextLine id="r1l67" custom="readingOrder {index:66;}">
                <Coords points="188,2094 209,2100 263,2091 272,2097 297,2086 357,2092 370,2100 394,2093 395,2050 363,2047 352,2053 329,2034 262,2048 241,2034 236,2038 221,2030 209,2036 189,2028"/>
                <Baseline points="197,2084 223,2084 250,2084 277,2084 303,2085 330,2086 357,2086 384,2085"/>
                <TextEquiv>
                    <Unicode>Urteil nach</Unicode>
                </TextEquiv>
            </TextLine>
            <TextLine id="r1l68" custom="readingOrder {index:67;}">
                <Coords points="411,2117 1550,2121 1550,2073 411,2072"/>
                <Baseline points="421,2118 477,2117 533,2117 589,2117 645,2116 701,2116 757,2116 813,2115 869,2115 925,2115 981,2114 1037,2114 1093,2114 1149,2114 1205,2113 1261,2113 1317,2113 1373,2113 1429,2113 1485,2113 1541,2113"/>
                <TextEquiv>
                    <Unicode>Luft wird erregt. Nach tausend kleinen Manövern kommt es</Unicode>
                </TextEquiv>
            </TextLine>
            <TextLine id="r1l69" custom="readingOrder {index:68;}">
                <Coords points="193,2146 206,2144 220,2129 263,2137 271,2131 286,2140 295,2134 365,2132 398,2123 397,2095 382,2092 365,2100 330,2090 309,2100 292,2087 279,2095 191,2094"/>
                <Baseline points="201,2125 227,2126 254,2126 281,2125 308,2125 335,2123 362,2122 389,2120"/>
                <TextEquiv>
                    <Unicode>st nun ein¬</Unicode>
                </TextEquiv>
            </TextLine>
            <TextLine id="r1l70" custom="readingOrder {index:69;}">
                <Coords points="428,2171 1556,2154 1507,2115 428,2128"/>
                <Baseline points="437,2160 492,2159 548,2158 603,2157 659,2156 714,2156 770,2155 825,2155 881,2154 936,2153 992,2153 1047,2152 1103,2152 1158,2152 1214,2152 1269,2152 1325,2152 1380,2152 1436,2152 1491,2153 1547,2153"/>
                <TextEquiv>
                    <Unicode>zum Letzten. Da kommt der R spekt: kein Deutungsversuch.</Unicode>
                </TextEquiv>
            </TextLine>
            <TextLine id="r1l71" custom="readingOrder {index:70;}">
                <Coords points="201,2170 218,2170 225,2177 242,2170 274,2169 285,2175 311,2165 341,2178 369,2170 381,2180 394,2178 393,2140 371,2129 318,2133 313,2139 307,2133 283,2139 238,2128 200,2136"/>
                <Baseline points="210,2163 235,2164 260,2164 285,2163 310,2163 335,2162 360,2162 385,2164"/>
                <TextEquiv>
                    <Unicode>Atem mit</Unicode>
                </TextEquiv>
            </TextLine>
            <TextLine id="r1l72" custom="readingOrder {index:71;}">
                <Coords points="425,2205 1399,2223 1455,2193 1556,2210 1556,2154 425,2168"/>
                <Baseline points="435,2198 490,2197 546,2197 601,2196 657,2195 713,2195 768,2195 824,2195 879,2195 935,2195 991,2195 1046,2195 1102,2195 1157,2195 1213,2195 1269,2195 1324,2196 1380,2196 1435,2196 1491,2196 1547,2196"/>
                <TextEquiv>
                    <Unicode>Dann Liebe und Tod. Noch eine Frau, reifes Lächeln voll</Unicode>
                </TextEquiv>
            </TextLine>
            <TextLine id="r1l73" custom="readingOrder {index:72;}">
                <Coords points="191,2232 206,2231 225,2210 241,2217 252,2209 280,2210 288,2217 330,2206 361,2215 366,2209 396,2210 395,2178 370,2171 337,2178 312,2164 299,2174 241,2170 224,2176 207,2168 189,2174"/>
                <Baseline points="199,2208 225,2207 252,2206 279,2204 306,2203 333,2202 360,2202 387,2203"/>
                <TextEquiv>
                    <Unicode>Zeitkultur.</Unicode>
                </TextEquiv>
            </TextLine>
            <TextLine id="r1l74" custom="readingOrder {index:73;}">
                <Coords points="420,2240 553,2254 735,2231 767,2250 879,2226 990,2253 1052,2227 1052,2200 977,2193 533,2209 420,2195"/>
                <Baseline points="429,2236 459,2235 490,2234 520,2233 551,2233 582,2233 612,2232 643,2232 674,2233 704,2233 735,2233 766,2233 796,2233 827,2234 858,2234 888,2234 919,2235 950,2235 980,2235 1011,2235 1042,2235"/>
                <TextEquiv>
                    <Unicode>Bitterheit. Das ist der Schluß.</Unicode>
                </TextEquiv>
            </TextLine>
            <TextLine id="r1l75" custom="readingOrder {index:74;}">
                <Coords points="201,2253 226,2256 235,2248 256,2253 265,2247 282,2254 291,2246 325,2245 342,2253 358,2243 368,2251 394,2242 393,2214 327,2207 286,2213 269,2209 264,2215 252,2208 234,2215 226,2209 210,2227 200,2227"/>
                <Baseline points="210,2246 235,2244 260,2243 285,2241 310,2240 335,2240 360,2239 385,2239"/>
                <TextEquiv>
                    <Unicode>Zeit. Man</Unicode>
                </TextEquiv>
            </TextLine>
            <TextLine id="r1l76" custom="readingOrder {index:75;}">
                <Coords points="200,2296 213,2300 237,2288 269,2301 310,2286 329,2296 353,2286 381,2295 406,2289 405,2246 389,2243 355,2249 325,2245 284,2256 274,2247 199,2251"/>
                <Baseline points="209,2280 235,2281 262,2281 289,2281 315,2281 342,2280 369,2280 396,2280"/>
                <TextEquiv>
                    <Unicode>diese Zeit</Unicode>
                </TextEquiv>
            </TextLine>
            <TextLine id="r1l77" custom="readingOrder {index:76;}">
                <Coords points="472,2284 1516,2295 1563,2252 1372,2220 1265,2251 472,2254"/>
                <Baseline points="481,2283 534,2282 588,2282 641,2282 695,2282 749,2282 802,2283 856,2283 909,2283 963,2284 1017,2284 1070,2284 1124,2285 1177,2285 1231,2285 1285,2284 1338,2284 1392,2283 1445,2283 1499,2281 1553,2279"/>
                <TextEquiv>
                    <Unicode>Die Technik dieser Schreibweise war zeitweise die durch¬</Unicode>
                </TextEquiv>
            </TextLine>
            <TextLine id="r1l78" custom="readingOrder {index:77;}">
                <Coords points="250,2331 265,2334 278,2329 287,2334 311,2325 325,2329 362,2323 375,2330 404,2328 402,2296 387,2301 364,2289 345,2292 326,2287 315,2292 308,2286 293,2295 278,2293 265,2302 248,2299"/>
                <Baseline points="259,2323 285,2321 312,2319 339,2318 366,2316 393,2317"/>
                <TextEquiv>
                    <Unicode>unter¬</Unicode>
                </TextEquiv>
            </TextLine>
            <TextLine id="r1l79" custom="readingOrder {index:78;}">
                <Coords points="431,2337 1463,2334 1557,2327 1557,2291 431,2296"/>
                <Baseline points="440,2328 495,2326 550,2325 606,2324 661,2323 716,2323 772,2323 827,2323 882,2323 938,2323 993,2324 1048,2325 1104,2325 1159,2325 1214,2326 1270,2326 1325,2326 1380,2326 1436,2325 1491,2324 1547,2323"/>
                <TextEquiv>
                    <Unicode>gängige. Schnitzler scheint heute ihr typischer und gesündester</Unicode>
                </TextEquiv>
            </TextLine>
            <TextLine id="r1l80" custom="readingOrder {index:79;}">
                <Coords points="269,2346 280,2345 309,2367 365,2364 380,2376 393,2376 392,2324 383,2324 377,2330 362,2323 355,2327 295,2326 269,2331"/>
                <Baseline points="279,2361 305,2358 331,2357 357,2357 384,2358"/>
                <TextEquiv>
                    <Unicode>lebt,</Unicode>
                </TextEquiv>
            </TextLine>
            <TextLine id="r1l81" custom="readingOrder {index:80;}">
                <Coords points="195,2365 204,2365 212,2370 221,2368 225,2372 232,2368 245,2367 255,2376 260,2372 274,2372 274,2323 264,2323 255,2329 247,2325 232,2329 225,2323 208,2329 195,2329"/>
                <Baseline points="204,2363 234,2361 264,2363"/>
                <TextEquiv>
                    <Unicode>ion</Unicode>
                </TextEquiv>
            </TextLine>
            <TextLine id="r1l82" custom="readingOrder {index:81;}">
                <Coords points="420,2372 1563,2360 1438,2324 420,2337"/>
                <Baseline points="429,2365 485,2364 541,2364 597,2364 654,2364 710,2364 766,2364 822,2365 879,2365 935,2365 991,2366 1047,2366 1104,2366 1160,2366 1216,2366 1272,2366 1329,2366 1385,2365 1441,2364 1497,2363 1554,2362"/>
                <TextEquiv>
                    <Unicode>Vertreter. Dock liegt im psychologischen Sezieren die Grenze</Unicode>
                </TextEquiv>
            </TextLine>
            <TextLine id="r1l83" custom="readingOrder {index:82;}">
                <Coords points="181,2421 202,2414 215,2422 245,2402 267,2401 277,2407 357,2403 395,2417 394,2376 381,2378 364,2363 300,2365 283,2379 242,2368 214,2373 204,2366 180,2376"/>
                <Baseline points="191,2403 218,2400 246,2399 274,2398 301,2399 329,2398 357,2397 385,2395"/>
                <TextEquiv>
                    <Unicode>ies wird</Unicode>
                </TextEquiv>
            </TextLine>
            <TextLine id="r1l84" custom="readingOrder {index:83;}">
                <Coords points="431,2412 1562,2410 1562,2374 1491,2363 431,2368"/>
                <Baseline points="440,2405 495,2404 551,2403 607,2403 662,2403 718,2403 774,2403 829,2403 885,2403 941,2404 997,2404 1052,2404 1108,2405 1164,2405 1219,2405 1275,2405 1331,2404 1386,2404 1442,2403 1498,2402 1554,2401"/>
                <TextEquiv>
                    <Unicode>dieser Kunst von vornherein. Sie ist Kunst wie jede, be¬</Unicode>
                </TextEquiv>
            </TextLine>
            <TextLine id="r1l85" custom="readingOrder {index:84;}">
                <Coords points="196,2450 220,2437 245,2454 294,2444 326,2451 352,2443 365,2452 406,2443 405,2409 380,2404 375,2410 356,2403 324,2410 313,2403 277,2407 258,2401 234,2411 225,2405 208,2412 195,2408"/>
                <Baseline points="205,2441 232,2439 259,2437 287,2436 314,2434 342,2434 369,2434 397,2436"/>
                <TextEquiv>
                    <Unicode>eTatsache</Unicode>
                </TextEquiv>
            </TextLine>
            <TextLine id="r1l86" custom="readingOrder {index:85;}">
                <Coords points="422,2452 1559,2453 1559,2408 422,2414"/>
                <Baseline points="431,2446 487,2445 543,2443 599,2443 655,2442 711,2442 767,2441 823,2441 879,2441 935,2442 991,2442 1047,2442 1103,2442 1159,2442 1215,2442 1271,2442 1327,2442 1383,2442 1439,2441 1495,2440 1551,2439"/>
                <TextEquiv>
                    <Unicode>schränkt wie jede. Weniger in Breite und Stoffgebiet. Davon</Unicode>
                </TextEquiv>
            </TextLine>
            <TextLine id="r1l87" custom="readingOrder {index:86;}">
                <Coords points="188,2499 227,2481 255,2486 263,2478 269,2484 355,2492 364,2482 407,2476 407,2459 379,2461 352,2441 315,2451 287,2444 245,2454 226,2440 187,2450"/>
                <Baseline points="197,2478 222,2478 247,2478 272,2477 297,2476 322,2475 347,2475 372,2475 397,2477"/>
                <TextEquiv>
                    <Unicode>die Kraft,</Unicode>
                </TextEquiv>
            </TextLine>
            <TextLine id="r1l88" custom="readingOrder {index:87;}">
                <Coords points="430,2490 1487,2491 1560,2481 1560,2438 430,2449"/>
                <Baseline points="440,2484 495,2484 551,2483 606,2482 662,2482 717,2481 773,2481 828,2481 884,2480 939,2480 995,2480 1051,2480 1106,2479 1162,2479 1217,2479 1273,2479 1328,2479 1384,2479 1439,2479 1495,2478 1551,2478"/>
                <TextEquiv>
                    <Unicode>hat sie mehr als andere. Die Grenze geht in die Höhe. Aus</Unicode>
                </TextEquiv>
            </TextLine>
            <TextLine id="r1l89" custom="readingOrder {index:88;}">
                <Coords points="192,2522 218,2523 232,2533 250,2525 262,2532 294,2527 301,2534 320,2522 329,2530 336,2522 354,2530 398,2517 397,2486 363,2483 354,2493 346,2486 286,2486 269,2478 256,2486 226,2481 206,2495 191,2492"/>
                <Baseline points="202,2522 228,2520 255,2518 281,2518 308,2516 334,2515 361,2515 388,2514"/>
                <TextEquiv>
                    <Unicode>oft schwach</Unicode>
                </TextEquiv>
            </TextLine>
            <TextLine id="r1l90" custom="readingOrder {index:89;}">
                <Coords points="435,2528 1557,2523 1557,2494 1445,2474 435,2490"/>
                <Baseline points="444,2522 499,2521 554,2521 609,2520 664,2520 719,2519 774,2519 830,2519 885,2518 940,2518 995,2518 1050,2518 1105,2518 1160,2518 1216,2517 1271,2517 1326,2517 1381,2517 1436,2517 1491,2516 1547,2516"/>
                <TextEquiv>
                    <Unicode>Psychologischem heraus führt kein Rausch, kein Unmittelbaves,</Unicode>
                </TextEquiv>
            </TextLine>
            <TextLine id="r1l91" custom="readingOrder {index:90;}">
                <Coords points="182,2575 215,2564 262,2565 270,2573 311,2555 361,2565 399,2560 398,2528 387,2530 377,2521 344,2530 319,2521 303,2534 287,2525 274,2533 248,2524 228,2532 201,2522 181,2530"/>
                <Baseline points="191,2559 219,2558 247,2557 275,2557 304,2556 332,2556 360,2555 389,2553"/>
                <TextEquiv>
                    <Unicode>ämen aus</Unicode>
                </TextEquiv>
            </TextLine>
            <TextLine id="r1l92" custom="readingOrder {index:91;}">
                <Coords points="427,2581 1457,2569 1558,2522 426,2525"/>
                <Baseline points="436,2562 491,2561 547,2561 602,2561 658,2560 714,2560 769,2560 825,2559 881,2559 936,2559 992,2558 1048,2558 1103,2558 1159,2558 1215,2557 1270,2557 1326,2556 1382,2556 1437,2555 1493,2555 1549,2554"/>
                <TextEquiv>
                    <Unicode>diese Kunst wird nicht kosmisch. Sie rätselt, ist klug und geist¬</Unicode>
                </TextEquiv>
            </TextLine>
            <TextLine id="r1l93" custom="readingOrder {index:92;}">
                <Coords points="185,2618 206,2615 228,2600 266,2606 288,2591 326,2610 367,2602 400,2614 401,2563 185,2566"/>
                <Baseline points="194,2597 222,2595 250,2595 278,2594 307,2595 335,2595 363,2596 392,2597"/>
                <TextEquiv>
                    <Unicode>ben. Daß</Unicode>
                </TextEquiv>
            </TextLine>
            <TextLine id="r1l94" custom="readingOrder {index:93;}">
                <Coords points="426,2621 1564,2606 1537,2554 426,2563"/>
                <Baseline points="435,2601 491,2601 547,2600 603,2600 659,2599 715,2599 771,2599 827,2598 883,2598 939,2597 995,2597 1051,2596 1107,2596 1163,2596 1219,2595 1275,2595 1331,2595 1387,2595 1443,2595 1499,2595 1555,2595"/>
                <TextEquiv>
                    <Unicode>reich, umschreibt aber trifft nicht b's an Gott. Sie wird nicht</Unicode>
                </TextEquiv>
            </TextLine>
            <TextLine id="r1l95" custom="readingOrder {index:94;}">
                <Coords points="189,2641 219,2641 228,2650 251,2640 290,2647 312,2634 358,2646 395,2642 395,2610 366,2601 353,2609 333,2604 325,2609 289,2589 265,2605 188,2602"/>
                <Baseline points="199,2637 225,2636 252,2636 278,2635 305,2635 331,2634 358,2634 385,2635"/>
                <TextEquiv>
                    <Unicode>ichkeit und</Unicode>
                </TextEquiv>
            </TextLine>
            <TextLine id="r1l96" custom="readingOrder {index:95;}">
                <Coords points="432,2649 1526,2650 1565,2603 431,2610"/>
                <Baseline points="441,2642 496,2641 552,2640 608,2640 663,2639 719,2638 775,2638 830,2638 886,2637 942,2637 998,2636 1053,2636 1109,2636 1165,2636 1220,2636 1276,2636 1332,2636 1387,2636 1443,2636 1499,2637 1555,2637"/>
                <TextEquiv>
                    <Unicode>ganz rein, primitiv, nur=menschlich. Aber das will sie auch</Unicode>
                </TextEquiv>
            </TextLine>
            <TextLine id="r1l97" custom="readingOrder {index:96;}">
                <Coords points="188,2678 201,2678 214,2689 235,2679 276,2691 327,2679 349,2692 370,2679 398,2687 398,2644 340,2640 325,2648 312,2634 289,2646 248,2642 231,2649 188,2640"/>
                <Baseline points="197,2675 224,2675 251,2676 278,2676 306,2675 333,2675 360,2675 388,2676"/>
                <TextEquiv>
                    <Unicode>Herz stoße,</Unicode>
                </TextEquiv>
            </TextLine>
            <TextLine id="r1l98" custom="readingOrder {index:97;}">
                <Coords points="434,2688 1557,2687 1556,2642 1474,2637 434,2653"/>
                <Baseline points="443,2682 498,2681 553,2680 608,2679 663,2679 719,2678 774,2678 829,2677 884,2677 939,2677 995,2677 1050,2676 1105,2676 1160,2676 1215,2676 1271,2676 1326,2675 1381,2675 1436,2675 1491,2674 1547,2673"/>
                <TextEquiv>
                    <Unicode>nicht. Sie hat ihre Maße und streckt sich nach der Proportion.</Unicode>
                </TextEquiv>
            </TextLine>
            <TextLine id="r1l99" custom="readingOrder {index:98;}">
                <Coords points="183,2728 198,2730 217,2720 258,2730 292,2719 342,2717 359,2727 408,2731 408,2686 395,2682 382,2686 373,2678 348,2693 333,2678 283,2691 260,2683 215,2690 200,2677 183,2677"/>
                <Baseline points="193,2716 218,2715 244,2715 270,2715 296,2715 321,2715 347,2716 373,2716 399,2717"/>
                <TextEquiv>
                    <Unicode>Herzen, daß</Unicode>
                </TextEquiv>
            </TextLine>
            <TextLine id="r1l100" custom="readingOrder {index:99;}">
                <Coords points="431,2730 1561,2701 1326,2673 431,2698"/>
                <Baseline points="441,2721 496,2720 552,2719 607,2718 663,2718 718,2717 774,2717 829,2716 885,2716 940,2716 996,2715 1051,2715 1107,2715 1162,2714 1218,2714 1273,2713 1329,2713 1384,2712 1440,2711 1495,2710 1551,2708"/>
                <TextEquiv>
                    <Unicode>In klugem Wissen des harmonischen Abschlusses ihres Geriets</Unicode>
                </TextEquiv>
            </TextLine>
            <TextLine id="r1l101" custom="readingOrder {index:100;}">
                <Coords points="195,2764 249,2777 281,2765 302,2778 315,2778 331,2765 365,2765 397,2779 412,2777 412,2736 348,2718 327,2718 320,2726 284,2720 258,2730 217,2719 194,2725"/>
                <Baseline points="204,2755 232,2756 260,2756 288,2755 317,2754 345,2753 373,2754 402,2757"/>
                <TextEquiv>
                    <Unicode>Lage seien.</Unicode>
                </TextEquiv>
            </TextLine>
            <TextLine id="r1l102" custom="readingOrder {index:101;}">
                <Coords points="422,2764 1547,2774 1558,2710 422,2734"/>
                <Baseline points="431,2761 486,2759 542,2758 598,2757 654,2756 710,2756 766,2755 821,2755 877,2754 933,2754 989,2754 1045,2754 1101,2754 1157,2754 1212,2754 1268,2754 1324,2754 1380,2754 1436,2754 1492,2754 1548,2754"/>
                <TextEquiv>
                    <Unicode>kommt ihr nie falscher Ehrgeiz. Sie füllt ihren Platz mit</Unicode>
                </TextEquiv>
            </TextLine>
            <TextLine id="r1l103" custom="readingOrder {index:102;}">
                <Coords points="430,2805 1568,2806 1568,2769 1459,2754 430,2769"/>
                <Baseline points="439,2800 497,2799 556,2798 615,2797 674,2796 733,2795 792,2794 851,2794 910,2793 969,2793 1027,2793 1086,2793 1145,2793 1204,2793 1263,2793 1322,2793 1381,2793 1440,2793 1499,2793 1558,2794"/>
                <TextEquiv>
                    <Unicode>Anstand und voll meisterlichem Gelingen, als Ganzes beschant.</Unicode>
                </TextEquiv>
            </TextLine>
            <TextLine id="r1l104" custom="readingOrder {index:103;}">
                <Coords points="428,2839 1562,2844 1528,2797 1382,2789 428,2809"/>
                <Baseline points="437,2838 492,2837 548,2836 604,2836 660,2835 715,2835 771,2834 827,2834 883,2834 938,2834 994,2834 1050,2833 1106,2833 1161,2833 1217,2833 1273,2833 1329,2833 1384,2832 1440,2832 1496,2831 1552,2830"/>
                <TextEquiv>
                    <Unicode>Daß ihr letzte Größe versagt blieb, kümmert sie nicht, sie ist</Unicode>
                </TextEquiv>
            </TextLine>
            <TextLine id="r1l105" custom="readingOrder {index:104;}">
                <Coords points="198,2849 215,2855 243,2849 264,2860 277,2847 296,2852 312,2841 343,2856 350,2850 391,2856 408,2850 408,2812 374,2799 352,2809 329,2796 295,2802 280,2815 258,2802 241,2811 217,2800 198,2802"/>
                <Baseline points="207,2843 234,2842 261,2841 288,2841 316,2841 343,2841 370,2841 398,2842"/>
                <TextEquiv>
                    <Unicode>kann, weil</Unicode>
                </TextEquiv>
            </TextLine>
            <TextLine id="r1l106" custom="readingOrder {index:105;}">
                <Coords points="428,2885 1483,2887 1558,2841 428,2844"/>
                <Baseline points="437,2878 492,2878 548,2877 603,2877 659,2876 714,2876 770,2875 825,2874 881,2874 936,2873 992,2872 1048,2872 1103,2871 1159,2871 1214,2870 1270,2870 1325,2869 1381,2869 1436,2869 1492,2869 1548,2869"/>
                <TextEquiv>
                    <Unicode>nur gerichtet, sich selbst zu genügen. Dies ist sehr viel. Sie</Unicode>
                </TextEquiv>
            </TextLine>
            <TextLine id="r1l107" custom="readingOrder {index:106;}">
                <Coords points="187,2891 204,2885 244,2895 262,2885 287,2898 296,2888 315,2901 341,2885 352,2892 358,2886 397,2893 414,2887 413,2849 391,2857 376,2850 336,2855 312,2841 293,2853 286,2847 220,2855 203,2846 186,2848"/>
                <Baseline points="197,2886 223,2885 249,2884 275,2883 301,2882 327,2881 353,2881 379,2881 405,2881"/>
                <TextEquiv>
                    <Unicode>an keinem</Unicode>
                </TextEquiv>
            </TextLine>
            <TextLine id="r1l108" custom="readingOrder {index:107;}">
                <Coords points="428,2918 1564,2928 1563,2860 428,2883"/>
                <Baseline points="437,2919 492,2919 548,2919 604,2919 660,2919 716,2918 772,2918 828,2917 884,2917 940,2916 996,2916 1051,2915 1107,2915 1163,2914 1219,2914 1275,2913 1331,2913 1387,2913 1443,2913 1499,2914 1555,2914"/>
                <TextEquiv>
                    <Unicode>will Gerechtigkeit vor ihrer Zeit. Ihre Zeit ist in ihr wie in</Unicode>
                </TextEquiv>
            </TextLine>
            <TextLine id="r1l109" custom="readingOrder {index:108;}">
                <Coords points="192,2930 220,2941 239,2925 269,2936 330,2924 364,2927 402,2945 421,2943 420,2891 367,2886 311,2900 266,2886 244,2895 191,2887"/>
                <Baseline points="201,2922 227,2923 253,2923 279,2922 306,2922 332,2920 358,2920 384,2920 411,2922"/>
                <TextEquiv>
                    <Unicode>machen erst</Unicode>
                </TextEquiv>
            </TextLine>
            <TextLine id="r1l110" custom="readingOrder {index:109;}">
                <Coords points="193,2992 1342,2966 1341,2925 1275,2911 193,2930"/>
                <Baseline points="202,2967 258,2966 315,2965 371,2964 428,2963 484,2962 541,2961 597,2960 654,2960 710,2959 767,2958 824,2957 880,2956 937,2956 993,2955 1050,2954 1106,2954 1163,2953 1219,2952 1276,2952 1333,2951"/>
                <TextEquiv>
                    <Unicode>s, die schöp¬ einem Spiegel. Das ist gerug des Anspruchs.</Unicode>
                </TextEquiv>
            </TextLine>
            <TextLine id="r1l111" custom="readingOrder {index:110;}">
                <Coords points="192,3095 859,3074 960,3100 1249,3068 1249,3021 1177,3012 192,3015"/>
                <Baseline points="202,3075 253,3074 305,3074 357,3073 409,3073 461,3073 513,3073 564,3073 616,3074 668,3074 720,3074 772,3074 824,3074 876,3075 927,3074 979,3074 1031,3074 1083,3073 1135,3073 1187,3072 1239,3070"/>
                <TextEquiv>
                    <Unicode>en!</Unicode>
                </TextEquiv>
            </TextLine>
            <TextEquiv>
                <Unicode>Graesler
Badearzt
29. Doktor
a un en 
 e ree ene ee en den  en en  ee en un    
S PKTEFNGATNEE
ferische Stadt. Sie hat in alle Bücher etwas gegeben. Den
iß seinem
Duft haben sie alle Auch alle ein wenig die spielende Anmut,
zen Leib
das Spielerische und die verbundenen Augen und oft das
der glatte
maßlose Entsetzen vor dem Tod. Wehmut und Ernst, Tragödie
nur einen
und Begeisterung. die klugen Männer und die kleinen Mäd¬
Tradition,
chen und viele spielerische Frauen; das verteilt sich denn auf
Wien.
alle, ein wenig dort, das andre da Ihr schönster und echtester
Milien
Ton ist das Leichte mit Trogödie auf dem Grund, das Lachen
efühl.
mit Entsagen, die Zunge dem Dasein herausgestreckt und Trä¬
einmal
nen in der Brust. Hiei ist der tänzelnde Atem dieser Stadt
Klleicht nie
und dieses Letens voll da; das Schwere ist in ihm. Manche
on neben
dieser Arbeiten haben eine Form neues Rokoko, dessen Schick¬
alt ergibt
salsgehalt auch immanent ist der geazilsten Form. Greift
t sich ihm
Schnitzler an das tragische Pathos allein, kann es sein, daß
Seite der
er sich schwer vergeeist. Die Oesterreicher überschreien sich da
ein Tiefe
leicht. Er darf nicht heraus aus seinem Ring. Aber er hat
hnein. In
zweifellos Liebe. Liebe zu den Menschen. Deshalb das
n erregtes
skeptische Lächeln, das er ihnen gern mitgibt. Darum ist seine
gestaltend,
Kunst sehr demokratisch, ganz im Gegensatz zu dem anderen
nd, etwas
Vertreter des Oesterreichischen: von Hofmannsthal. Dennoch
er Skepsis
ist er voll Reserve, selbst in dei Opposition, selbst im Angriff.
ungen der
Das macht die Tradition und der Boden Schließlich ist seine
die Atmo¬
künstlerische Gesinnung ohne Wechsel, ohne Tadel, von abso¬
en=, einer
lutem Anstand. Nach solch Gesagten vermag man ruhig nun
Bedeutung,
zu beginnen, sein neuestes Buch zu verreißen: „Badearzt
pllen, ohne
Gräsler“ (bei S. Fischer, Berlin). Der Nahmen ist nicht
der Zeit
gut, vieles zu plauschisch, manches unwichtig, zahlreiches ge¬
t, weniger
dehnt. In der inneren Führung erweist sich jedoch Interessan¬
die Dunst¬
tes: ein Mann zwischen drei Frauen Seine Technik beginnt.
inne wird
Psychologie hebt zärtlich an. Aufzeichnung beginnt. Notieren
.. es wird gedacht, gelächelt, geweint, dunkel gespürt. Die
Urteil nach
Luft wird erregt. Nach tausend kleinen Manövern kommt es
st nun ein¬
zum Letzten. Da kommt der R spekt: kein Deutungsversuch.
Atem mit
Dann Liebe und Tod. Noch eine Frau, reifes Lächeln voll
Zeitkultur.
Bitterheit. Das ist der Schluß.
Zeit. Man
diese Zeit
Die Technik dieser Schreibweise war zeitweise die durch¬
unter¬
gängige. Schnitzler scheint heute ihr typischer und gesündester
lebt,
ion
Vertreter. Dock liegt im psychologischen Sezieren die Grenze
ies wird
dieser Kunst von vornherein. Sie ist Kunst wie jede, be¬
eTatsache
schränkt wie jede. Weniger in Breite und Stoffgebiet. Davon
die Kraft,
hat sie mehr als andere. Die Grenze geht in die Höhe. Aus
oft schwach
Psychologischem heraus führt kein Rausch, kein Unmittelbaves,
ämen aus
diese Kunst wird nicht kosmisch. Sie rätselt, ist klug und geist¬
ben. Daß
reich, umschreibt aber trifft nicht b's an Gott. Sie wird nicht
ichkeit und
ganz rein, primitiv, nur=menschlich. Aber das will sie auch
Herz stoße,
nicht. Sie hat ihre Maße und streckt sich nach der Proportion.
Herzen, daß
In klugem Wissen des harmonischen Abschlusses ihres Geriets
Lage seien.
kommt ihr nie falscher Ehrgeiz. Sie füllt ihren Platz mit
Anstand und voll meisterlichem Gelingen, als Ganzes beschant.
Daß ihr letzte Größe versagt blieb, kümmert sie nicht, sie ist
kann, weil
nur gerichtet, sich selbst zu genügen. Dies ist sehr viel. Sie
an keinem
will Gerechtigkeit vor ihrer Zeit. Ihre Zeit ist in ihr wie in
machen erst
s, die schöp¬ einem Spiegel. Das ist gerug des Anspruchs.
en!</Unicode>
            </TextEquiv>
        </TextRegion>
        <TextRegion orientation="0.0" id="r2" custom="readingOrder {index:1;}">
            <Coords points="1866,3768 1866,3922 1894,3922 1894,3768"/>
            <TextLine id="r2l1" custom="readingOrder {index:0;}">
                <Coords points="1859,3892 1867,3891 1873,3886 1884,3894 1887,3889 1892,3887 1896,3882 1905,3881 1899,3844 1885,3846 1876,3842 1862,3831 1850,3832"/>
                <Baseline points="1866,3872 1894,3868"/>
                <TextEquiv>
                    <Unicode>C</Unicode>
                </TextEquiv>
            </TextLine>
            <TextEquiv>
                <Unicode>C</Unicode>
            </TextEquiv>
        </TextRegion>
        <TextRegion orientation="0.0" id="r3" custom="readingOrder {index:2;}">
            <Coords points="1876,4035 1876,4189 1898,4189 1898,4035"/>
            <TextLine id="r3l1" custom="readingOrder {index:0;}">
                <Coords points="1868,4149 1877,4147 1881,4149 1886,4146 1887,4143 1907,4138 1901,4101 1891,4103 1884,4102 1878,4103 1875,4106 1867,4105 1860,4107"/>
                <Baseline points="1876,4139 1898,4135"/>
                <TextEquiv>
                    <Unicode>20</Unicode>
                </TextEquiv>
            </TextLine>
            <TextEquiv>
                <Unicode>20</Unicode>
            </TextEquiv>
        </TextRegion>
        <TextRegion orientation="0.0" id="r4" custom="readingOrder {index:3;}">
            <Coords points="1816,202 1816,4179 3338,4179 3338,202"/>
            <TextLine id="r4l1" custom="readingOrder {index:0;}">
                <Coords points="1806,218 1912,251 2036,227 2087,252 2198,227 2198,167 2136,176 2114,166 2099,179 2029,169 1986,195 1968,176 1806,171"/>
                <Baseline points="1816,222 1842,223 1869,223 1895,224 1922,224 1948,225 1975,226 2002,226 2028,227 2055,227 2081,227 2108,227 2134,227 2161,225 2188,224"/>
                <TextEquiv>
                    <Unicode>box 4/9</Unicode>
                </TextEquiv>
            </TextLine>
            <TextLine id="r4l2" custom="readingOrder {index:1;}">
                <Coords points="2010,592 3247,598 3247,544 3170,503 2254,542 2095,508 2010,549"/>
                <Baseline points="2019,590 2083,591 2147,591 2211,591 2275,591 2339,592 2403,592 2468,592 2532,592 2596,593 2660,593 2724,593 2788,593 2853,594 2917,594 2981,594 3045,594 3109,594 3173,595 3238,595"/>
                <TextEquiv>
                    <Unicode>DR. ARTHUR SCHNITZLER</Unicode>
                </TextEquiv>
            </TextLine>
            <TextLine id="r4l3" custom="readingOrder {index:2;}">
                <Coords points="1850,644 1860,644 1877,655 1923,641 1935,641 1944,648 1951,644 1963,650 1976,648 1975,616 1936,618 1925,607 1895,625 1887,621 1850,623"/>
                <Baseline points="1859,641 1886,636 1913,637 1940,638 1967,636"/>
                <TextEquiv>
                    <Unicode>—L</Unicode>
                </TextEquiv>
            </TextLine>
            <TextLine id="r4l4" custom="readingOrder {index:3;}">
                <Coords points="2226,879 2270,879 2303,858 2320,870 2362,863 2379,879 2413,867 2440,890 2455,880 2505,888 2529,681 2404,700 2256,804 2236,801"/>
                <Baseline points="2239,853 2264,847 2290,843 2316,841 2341,842 2367,844 2393,848 2418,854 2444,862 2470,871 2496,881"/>
                <TextEquiv>
                    <Unicode>4</Unicode>
                </TextEquiv>
            </TextLine>
            <TextLine id="r4l5" custom="readingOrder {index:4;}">
                <Coords points="2406,1041 2437,1039 2449,1054 2468,1045 2491,1049 2530,1084 2599,1088 2614,1111 2653,1116 2676,1042 2643,1005 2621,999 2562,1019 2525,988 2493,994 2483,987 2436,1004 2416,999"/>
                <Baseline points="2418,1028 2444,1030 2470,1031 2496,1032 2522,1035 2548,1040 2574,1048 2600,1059 2626,1075 2653,1097"/>
                <TextEquiv>
                    <Unicode>—</Unicode>
                </TextEquiv>
            </TextLine>
            <TextLine id="r4l6" custom="readingOrder {index:5;}">
                <Coords points="2371,1191 2395,1196 2433,1173 2545,1182 2568,1199 2604,1202 2628,1186 2644,1191 2647,1151 2621,1153 2560,1116 2518,1128 2468,1110 2410,1134 2378,1112"/>
                <Baseline points="2383,1173 2408,1168 2433,1166 2458,1166 2483,1169 2509,1172 2534,1176 2559,1180 2584,1183 2609,1184 2635,1184"/>
                <TextEquiv>
                    <Unicode>S</Unicode>
                </TextEquiv>
            </TextLine>
            <TextLine id="r4l7" custom="readingOrder {index:6;}">
                <Coords points="2751,1206 2774,1208 2785,1199 2794,1207 2809,1194 2830,1207 2862,1185 2895,1208 2940,1189 2950,1197 2967,1186 2982,1190 2982,1162 2960,1148 2885,1144 2849,1121 2827,1141 2817,1136 2800,1143 2786,1128 2767,1143 2752,1139"/>
                <Baseline points="2760,1187 2786,1179 2813,1174 2839,1174 2866,1176 2893,1178 2919,1180 2946,1182 2973,1180"/>
                <TextEquiv>
                    <Unicode>P W. #</Unicode>
                </TextEquiv>
            </TextLine>
            <TextLine id="r4l8" custom="readingOrder {index:7;}">
                <Coords points="2400,1196 2413,1197 2430,1209 2473,1198 2493,1224 2509,1217 2523,1222 2531,1183 2460,1180 2453,1168 2429,1172 2420,1160 2410,1157"/>
                <Baseline points="2411,1190 2437,1192 2463,1198 2489,1206 2515,1214"/>
                <TextEquiv>
                    <Unicode>8.</Unicode>
                </TextEquiv>
            </TextLine>
            <TextLine id="r4l9" custom="readingOrder {index:8;}">
                <Coords points="2897,1237 2922,1234 2934,1246 2959,1247 2964,1242 2972,1246 2993,1229 3008,1230 3032,1248 3041,1248 3043,1198 3026,1197 3002,1175 2976,1191 2959,1185 2917,1199 2899,1194"/>
                <Baseline points="2907,1216 2932,1215 2957,1216 2982,1217 3007,1218 3033,1220"/>
                <TextEquiv>
                    <Unicode></Unicode>
                </TextEquiv>
            </TextLine>
            <TextLine id="r4l10" custom="readingOrder {index:9;}">
                <Coords points="2470,1235 2479,1234 2482,1236 2488,1227 2501,1225 2498,1205 2487,1206 2482,1211 2480,1211 2476,1214 2467,1215"/>
                <Baseline points="2480,1240 2494,1238"/>
                <TextEquiv>
                    <Unicode></Unicode>
                </TextEquiv>
            </TextLine>
            <TextLine id="r4l11" custom="readingOrder {index:10;}">
                <Coords points="2538,1253 2548,1254 2559,1267 2577,1258 2582,1262 2608,1256 2621,1258 2631,1270 2652,1269 2664,1274 2671,1215 2656,1219 2647,1214 2629,1221 2617,1214 2611,1219 2576,1195 2566,1198 2546,1194"/>
                <Baseline points="2550,1237 2576,1241 2603,1245 2630,1248 2657,1250"/>
                <TextEquiv>
                    <Unicode></Unicode>
                </TextEquiv>
            </TextLine>
            <TextLine id="r4l12" custom="readingOrder {index:11;}">
                <Coords points="2415,1240 2423,1244 2435,1258 2457,1251 2464,1263 2478,1259 2488,1265 2501,1236 2491,1231 2475,1233 2461,1201 2444,1208 2432,1202"/>
                <Baseline points="2429,1232 2455,1245 2481,1256"/>
                <TextEquiv>
                    <Unicode>##</Unicode>
                </TextEquiv>
            </TextLine>
            <TextLine id="r4l13" custom="readingOrder {index:12;}">
                <Coords points="2561,1617 2583,1613 2592,1600 2597,1601 2606,1588 2610,1591 2621,1589 2615,1555 2604,1557 2596,1565 2590,1566 2586,1563 2578,1570 2571,1567 2563,1574 2554,1576"/>
                <Baseline points="2569,1603 2613,1595"/>
                <TextEquiv>
                    <Unicode>47</Unicode>
                </TextEquiv>
            </TextLine>
            <TextLine id="r4l14" custom="readingOrder {index:13;}">
                <Coords points="2567,1635 2576,1633 2603,1650 2616,1635 2628,1641 2637,1640 2631,1597 2622,1598 2617,1603 2601,1596 2598,1600 2588,1599 2579,1603 2571,1596 2561,1598"/>
                <Baseline points="2576,1632 2601,1629 2626,1625"/>
                <TextEquiv>
                    <Unicode>40</Unicode>
                </TextEquiv>
            </TextLine>
            <TextLine id="r4l15" custom="readingOrder {index:14;}">
                <Coords points="2564,1670 2575,1672 2581,1671 2585,1677 2595,1679 2600,1643 2591,1642 2586,1637 2582,1637 2579,1634 2570,1633"/>
                <Baseline points="2574,1663 2588,1665"/>
                <TextEquiv>
                    <Unicode>##</Unicode>
                </TextEquiv>
            </TextLine>
            <TextLine id="r4l16" custom="readingOrder {index:15;}">
                <Coords points="2317,1684 2327,1684 2335,1695 2343,1690 2347,1690 2350,1694 2359,1695 2363,1658 2350,1655 2345,1648 2341,1652 2320,1648"/>
                <Baseline points="2328,1672 2352,1674"/>
                <TextEquiv>
                    <Unicode>55</Unicode>
                </TextEquiv>
            </TextLine>
            <TextLine id="r4l17" custom="readingOrder {index:16;}">
                <Coords points="1837,1837 1848,1836 1863,1843 1887,1838 1891,1842 1916,1843 1914,1806 1901,1806 1896,1812 1890,1812 1879,1803 1867,1804 1856,1798 1848,1801 1845,1797 1835,1797"/>
                <Baseline points="1846,1834 1876,1833 1906,1832"/>
                <TextEquiv>
                    <Unicode>the</Unicode>
                </TextEquiv>
            </TextLine>
            <TextLine id="r4l18" custom="readingOrder {index:17;}">
                <Coords points="1816,1878 1836,1874 1842,1880 1855,1877 1876,1883 1889,1876 1921,1874 1918,1842 1864,1840 1846,1849 1813,1840"/>
                <Baseline points="1825,1875 1853,1871 1882,1869 1911,1869"/>
                <TextEquiv>
                    <Unicode>rod</Unicode>
                </TextEquiv>
            </TextLine>
            <TextLine id="r4l19" custom="readingOrder {index:18;}">
                <Coords points="1883,1921 1890,1922 1898,1928 1905,1925 1907,1930 1917,1932 1928,1878 1919,1876 1912,1879 1909,1875 1903,1875 1901,1877 1892,1875"/>
                <Baseline points="1896,1906 1911,1909"/>
                <TextEquiv>
                    <Unicode>1</Unicode>
                </TextEquiv>
            </TextLine>
            <TextLine id="r4l20" custom="readingOrder {index:19;}">
                <Coords points="3116,2098 3132,2103 3165,2079 3172,2087 3197,2082 3213,2088 3227,2081 3239,2094 3262,2084 3273,2093 3312,2096 3314,2051 3244,2050 3221,2030 3213,2037 3197,2020 3163,2027 3150,2017 3118,2014"/>
                <Baseline points="3126,2075 3151,2076 3176,2076 3201,2076 3227,2076 3252,2077 3277,2079 3303,2082"/>
                <TextEquiv>
                    <Unicode></Unicode>
                </TextEquiv>
            </TextLine>
            <TextLine id="r4l21" custom="readingOrder {index:20;}">
                <Coords points="1858,2116 1869,2118 1875,2113 1878,2117 1886,2115 1890,2119 1899,2114 1914,2117 1917,2068 1908,2068 1892,2073 1891,2071 1879,2077 1877,2075 1875,2077 1870,2071 1861,2071"/>
                <Baseline points="1868,2101 1906,2103"/>
                <TextEquiv>
                    <Unicode>IIK</Unicode>
                </TextEquiv>
            </TextLine>
            <TextLine id="r4l22" custom="readingOrder {index:21;}">
                <Coords points="3171,2110 3180,2111 3190,2102 3196,2103 3205,2113 3220,2114 3221,2088 3205,2087 3197,2082 3190,2084 3183,2077 3173,2077"/>
                <Baseline points="3181,2102 3211,2104"/>
                <TextEquiv>
                    <Unicode>#</Unicode>
                </TextEquiv>
            </TextLine>
            <TextLine id="r4l23" custom="readingOrder {index:22;}">
                <Coords points="3225,2142 3234,2143 3240,2139 3251,2146 3276,2131 3282,2129 3293,2131 3300,2094 3281,2090 3271,2093 3261,2083 3249,2087 3245,2082 3235,2081"/>
                <Baseline points="3239,2116 3285,2124"/>
                <TextEquiv>
                    <Unicode></Unicode>
                </TextEquiv>
            </TextLine>
            <TextLine id="r4l24" custom="readingOrder {index:23;}">
                <Coords points="2973,2155 3007,2158 3025,2150 3033,2157 3060,2134 3083,2150 3112,2127 3126,2140 3166,2124 3232,2128 3230,2105 3170,2105 3133,2081 3088,2082 3078,2073 3056,2084 3018,2126 2993,2118 2971,2123"/>
                <Baseline points="2982,2145 3008,2140 3035,2135 3062,2132 3088,2130 3115,2128 3142,2128 3168,2128 3195,2128 3222,2129"/>
                <TextEquiv>
                    <Unicode></Unicode>
                </TextEquiv>
            </TextLine>
            <TextLine id="r4l25" custom="readingOrder {index:24;}">
                <Coords points="2956,2206 2982,2204 3009,2219 3022,2203 3066,2182 3083,2190 3105,2185 3115,2169 3130,2178 3164,2174 3183,2157 3175,2120 3128,2140 3106,2131 3086,2151 3050,2137 3035,2156 3022,2147 3013,2151 2988,2184 2977,2178 2952,2186"/>
                <Baseline points="2965,2202 2991,2198 3017,2193 3043,2188 3069,2182 3095,2176 3121,2170 3147,2164 3173,2158"/>
                <TextEquiv>
                    <Unicode></Unicode>
                </TextEquiv>
            </TextLine>
            <TextLine id="r4l26" custom="readingOrder {index:25;}">
                <Coords points="3108,2203 3132,2200 3143,2188 3162,2204 3186,2195 3213,2213 3235,2195 3254,2196 3252,2169 3235,2167 3222,2156 3202,2170 3181,2160 3173,2168 3164,2159 3157,2167 3143,2163 3106,2171"/>
                <Baseline points="3117,2193 3142,2190 3167,2189 3193,2188 3218,2187 3244,2186"/>
                <TextEquiv>
                    <Unicode>Ks</Unicode>
                </TextEquiv>
            </TextLine>
            <TextLine id="r4l27" custom="readingOrder {index:26;}">
                <Coords points="2950,2266 2995,2270 3029,2243 3072,2243 3097,2223 3142,2248 3174,2223 3202,2243 3255,2243 3251,2194 3148,2204 3096,2181 3089,2190 3066,2182 3017,2208 2986,2201 2946,2210"/>
                <Baseline points="2959,2257 2984,2245 3010,2236 3036,2230 3062,2228 3088,2226 3113,2227 3139,2228 3165,2228 3191,2227 3217,2226 3243,2221"/>
                <TextEquiv>
                    <Unicode>WNRR</Unicode>
                </TextEquiv>
            </TextLine>
            <TextLine id="r4l28" custom="readingOrder {index:27;}">
                <Coords points="3033,2278 3065,2272 3083,2286 3095,2283 3116,2301 3126,2294 3137,2306 3156,2303 3170,2314 3187,2314 3191,2245 3163,2236 3147,2249 3127,2236 3112,2235 3098,2221 3067,2246 3035,2240"/>
                <Baseline points="3042,2270 3069,2276 3097,2280 3124,2282 3152,2281 3180,2277"/>
                <TextEquiv>
                    <Unicode></Unicode>
                </TextEquiv>
            </TextLine>
            <TextLine id="r4l29" custom="readingOrder {index:28;}">
                <Coords points="2906,2329 2933,2321 2954,2329 2990,2326 3011,2309 3031,2322 3043,2315 3081,2335 3105,2329 3101,2284 3062,2271 3035,2286 3005,2262 2985,2272 2965,2260 2921,2289 2902,2286"/>
                <Baseline points="2915,2320 2940,2317 2965,2312 2991,2306 3016,2303 3042,2302 3067,2304 3093,2310"/>
                <TextEquiv>
                    <Unicode>Pr, i ud </Unicode>
                </TextEquiv>
            </TextLine>
            <TextLine id="r4l30" custom="readingOrder {index:29;}">
                <Coords points="1826,2338 1835,2338 1846,2348 1852,2348 1863,2341 1869,2345 1878,2343 1884,2348 1916,2341 1916,2304 1890,2304 1871,2311 1862,2305 1851,2307 1845,2303 1826,2303"/>
                <Baseline points="1835,2334 1870,2333 1906,2335"/>
                <TextEquiv>
                    <Unicode>ket,</Unicode>
                </TextEquiv>
            </TextLine>
            <TextLine id="r4l31" custom="readingOrder {index:30;}">
                <Coords points="2816,2372 2844,2371 2859,2358 2873,2366 2912,2362 2939,2347 2968,2356 2984,2344 3072,2337 3070,2320 3030,2320 3010,2309 2995,2321 2927,2322 2887,2338 2854,2327 2823,2302 2808,2305"/>
                <Baseline points="2822,2351 2848,2353 2875,2353 2902,2350 2928,2346 2955,2341 2982,2336 3008,2333 3035,2332 3062,2335"/>
                <TextEquiv>
                    <Unicode>D</Unicode>
                </TextEquiv>
            </TextLine>
            <TextLine id="r4l32" custom="readingOrder {index:31;}">
                <Coords points="2873,2395 2923,2400 2939,2392 2958,2405 2969,2401 2979,2406 3010,2400 3030,2382 3059,2386 3054,2343 3023,2339 2996,2347 2984,2344 2969,2356 2933,2347 2914,2356 2893,2354 2888,2361 2869,2358"/>
                <Baseline points="2882,2390 2909,2384 2937,2379 2964,2375 2992,2373 3019,2370 3047,2367"/>
                <TextEquiv>
                    <Unicode></Unicode>
                </TextEquiv>
            </TextLine>
            <TextLine id="r4l33" custom="readingOrder {index:32;}">
                <Coords points="2374,2429 2454,2434 2485,2401 2525,2424 2540,2409 2592,2405 2625,2423 2639,2415 2666,2422 2665,2373 2607,2386 2582,2370 2573,2378 2542,2364 2522,2372 2499,2350 2458,2361 2439,2348 2408,2373 2372,2365"/>
                <Baseline points="2383,2408 2410,2408 2437,2408 2464,2407 2492,2407 2519,2406 2546,2405 2574,2403 2601,2403 2628,2402 2656,2401"/>
                <TextEquiv>
                    <Unicode></Unicode>
                </TextEquiv>
            </TextLine>
            <TextLine id="r4l34" custom="readingOrder {index:33;}">
                <Coords points="2870,2434 2879,2432 2884,2428 2895,2435 2897,2433 2908,2435 2923,2433 2917,2392 2909,2393 2901,2400 2897,2399 2896,2401 2885,2393 2864,2397"/>
                <Baseline points="2878,2420 2911,2415"/>
                <TextEquiv>
                    <Unicode>8</Unicode>
                </TextEquiv>
            </TextLine>
            <TextLine id="r4l35" custom="readingOrder {index:34;}">
                <Coords points="2320,2468 2378,2477 2416,2441 2431,2456 2449,2443 2466,2452 2476,2443 2494,2461 2515,2452 2536,2471 2554,2454 2568,2463 2607,2431 2627,2447 2661,2438 2661,2398 2635,2416 2616,2401 2530,2418 2483,2403 2461,2426 2427,2409 2380,2408 2320,2429"/>
                <Baseline points="2329,2451 2355,2451 2382,2449 2409,2449 2436,2448 2463,2448 2490,2448 2517,2448 2544,2448 2571,2449 2598,2448 2625,2448 2652,2448"/>
                <TextEquiv>
                    <Unicode></Unicode>
                </TextEquiv>
            </TextLine>
            <TextLine id="r4l36" custom="readingOrder {index:35;}">
                <Coords points="2141,2469 2151,2468 2169,2449 2176,2457 2182,2455 2188,2460 2199,2454 2203,2458 2210,2452 2253,2458 2252,2417 2241,2417 2232,2423 2218,2410 2209,2407 2202,2411 2196,2405 2190,2406 2177,2393 2171,2393 2149,2416 2140,2416"/>
                <Baseline points="2151,2451 2181,2450 2212,2449 2243,2449"/>
                <TextEquiv>
                    <Unicode>0</Unicode>
                </TextEquiv>
            </TextLine>
            <TextLine id="r4l37" custom="readingOrder {index:36;}">
                <Coords points="2563,2491 2597,2495 2628,2473 2654,2496 2666,2491 2690,2506 2723,2489 2742,2497 2761,2480 2819,2501 2814,2405 2760,2434 2750,2427 2730,2434 2702,2417 2681,2439 2660,2426 2629,2449 2606,2432 2561,2460"/>
                <Baseline points="2572,2490 2598,2482 2624,2476 2651,2473 2677,2471 2704,2470 2730,2470 2757,2470 2783,2468 2810,2466"/>
                <TextEquiv>
                    <Unicode></Unicode>
                </TextEquiv>
            </TextLine>
            <TextLine id="r4l38" custom="readingOrder {index:37;}">
                <Coords points="2128,2515 2147,2506 2167,2513 2191,2482 2205,2489 2216,2486 2239,2499 2262,2490 2255,2447 2232,2455 2212,2450 2189,2460 2170,2449 2142,2475 2134,2471 2121,2475"/>
                <Baseline points="2133,2495 2162,2491 2192,2487 2221,2482 2251,2475"/>
                <TextEquiv>
                    <Unicode>e</Unicode>
                </TextEquiv>
            </TextLine>
            <TextLine id="r4l39" custom="readingOrder {index:38;}">
                <Coords points="2804,2516 2876,2516 2920,2500 2966,2527 3007,2525 3061,2492 3146,2519 3213,2512 3211,2448 3181,2438 3119,2451 3083,2437 3031,2446 3002,2426 2939,2439 2924,2428 2802,2449"/>
                <Baseline points="2813,2491 2839,2494 2865,2497 2891,2498 2917,2499 2943,2500 2969,2499 2995,2499 3021,2498 3047,2496 3073,2495 3099,2492 3125,2490 3151,2488 3177,2485 3203,2482"/>
                <TextEquiv>
                    <Unicode>SLR—</Unicode>
                </TextEquiv>
            </TextLine>
            <TextLine id="r4l40" custom="readingOrder {index:39;}">
                <Coords points="2243,2552 2314,2550 2345,2536 2363,2548 2383,2535 2417,2547 2454,2527 2486,2545 2593,2542 2591,2488 2561,2490 2513,2452 2468,2497 2419,2476 2365,2488 2328,2458 2241,2494"/>
                <Baseline points="2252,2522 2277,2521 2302,2521 2328,2521 2353,2521 2378,2521 2404,2520 2429,2520 2455,2519 2480,2519 2505,2517 2531,2515 2556,2513 2582,2509"/>
                <TextEquiv>
                    <Unicode> </Unicode>
                </TextEquiv>
            </TextLine>
            <TextLine id="r4l41" custom="readingOrder {index:40;}">
                <Coords points="2081,2548 2103,2537 2124,2545 2139,2532 2159,2528 2163,2521 2178,2530 2193,2519 2198,2522 2209,2510 2237,2510 2231,2480 2210,2489 2190,2481 2171,2502 2148,2505 2133,2516 2123,2512 2118,2517 2082,2500 2072,2504"/>
                <Baseline points="2089,2537 2116,2534 2144,2527 2171,2521 2199,2516 2227,2510"/>
                <TextEquiv>
                    <Unicode></Unicode>
                </TextEquiv>
            </TextLine>
            <TextLine id="r4l42" custom="readingOrder {index:41;}">
                <Coords points="1987,2593 2000,2588 2006,2591 2023,2573 2043,2584 2050,2582 2076,2560 2110,2563 2108,2537 2083,2537 2073,2529 2055,2534 2035,2517 2027,2522 2011,2508 2005,2509 1994,2523 1981,2524"/>
                <Baseline points="1994,2568 2020,2567 2047,2564 2074,2561 2101,2559"/>
                <TextEquiv>
                    <Unicode>A</Unicode>
                </TextEquiv>
            </TextLine>
            <TextLine id="r4l43" custom="readingOrder {index:42;}">
                <Coords points="1951,2681 2127,2624 2188,2586 2241,2586 2261,2570 2241,2507 2179,2530 2163,2521 2148,2550 2112,2570 2086,2558 2065,2571 2028,2561 1996,2596 1970,2584 1951,2610 1928,2610"/>
                <Baseline points="1946,2637 1973,2635 2000,2631 2027,2626 2054,2618 2081,2610 2108,2600 2135,2590 2162,2578 2189,2567 2216,2556 2244,2546"/>
                <TextEquiv>
                    <Unicode></Unicode>
                </TextEquiv>
            </TextLine>
            <TextLine id="r4l44" custom="readingOrder {index:43;}">
                <Coords points="1979,2731 3341,2769 3328,2701 1979,2701"/>
                <Baseline points="1988,2739 2055,2741 2122,2742 2189,2743 2256,2744 2323,2745 2390,2746 2458,2746 2525,2747 2592,2748 2659,2748 2726,2749 2793,2750 2860,2750 2928,2751 2995,2751 3062,2752 3129,2753 3196,2754 3263,2755 3331,2756"/>
                <TextEquiv>
                    <Unicode>Viennese writer, best known in America for his “Casanova’s Home</Unicode>
                </TextEquiv>
            </TextLine>
            <TextLine id="r4l45" custom="readingOrder {index:44;}">
                <Coords points="1825,2820 2102,2782 3328,2819 3341,2757 1923,2730 1825,2775"/>
                <Baseline points="1834,2801 1908,2797 1983,2794 2058,2791 2133,2790 2208,2789 2283,2789 2358,2789 2433,2789 2508,2790 2583,2791 2657,2792 2732,2794 2807,2795 2882,2796 2957,2797 3032,2798 3107,2798 3182,2798 3257,2797 3332,2796"/>
                <TextEquiv>
                    <Unicode>h.Coming,“ whose new novel.Dr. Grnceler,? has just been published</Unicode>
                </TextEquiv>
            </TextLine>
            <TextLine id="r4l46" custom="readingOrder {index:45;}">
                <Coords points="1902,2864 2438,2828 3346,2872 3347,2797 1902,2802"/>
                <Baseline points="1911,2842 1982,2840 2053,2838 2125,2837 2196,2837 2267,2837 2339,2837 2410,2837 2481,2838 2553,2839 2624,2840 2695,2841 2767,2842 2838,2843 2909,2844 2981,2845 3052,2845 3123,2846 3195,2846 3266,2846 3338,2846"/>
                <TextEquiv>
                    <Unicode>here hr Thomas Seitzer. The new piece Is Ihe study of a physicinn in</Unicode>
                </TextEquiv>
            </TextLine>
            <TextLine id="r4l47" custom="readingOrder {index:46;}">
                <Coords points="1905,2910 3284,2906 3341,2864 1906,2835"/>
                <Baseline points="1915,2885 1985,2884 2056,2883 2127,2883 2198,2883 2269,2883 2339,2883 2410,2884 2481,2884 2552,2885 2623,2886 2693,2887 2764,2888 2835,2889 2906,2890 2977,2890 3047,2891 3118,2892 3189,2892 3260,2892 3331,2892"/>
                <TextEquiv>
                    <Unicode>search of a wile and his experiences with three women who capture his</Unicode>
                </TextEquiv>
            </TextLine>
            <TextLine id="r4l48" custom="readingOrder {index:47;}">
                <Coords points="1908,2926 3347,2947 3248,2898 2049,2911 1909,2868"/>
                <Baseline points="1917,2931 1988,2930 2059,2930 2130,2929 2201,2929 2272,2930 2343,2930 2414,2931 2485,2931 2556,2932 2627,2933 2698,2934 2769,2935 2840,2935 2911,2937 2982,2938 3053,2939 3124,2939 3195,2940 3266,2941 3338,2941"/>
                <TextEquiv>
                    <Unicode>laner. Again Schnitzler wenves his siender narrative with astonishing</Unicode>
                </TextEquiv>
            </TextLine>
            <TextLine id="r4l49" custom="readingOrder {index:48;}">
                <Coords points="1916,2975 3335,2991 3316,2948 1917,2934"/>
                <Baseline points="1925,2976 1995,2975 2065,2974 2135,2974 2205,2974 2275,2974 2345,2975 2415,2975 2485,2976 2555,2977 2625,2977 2695,2978 2765,2979 2835,2980 2905,2981 2975,2982 3045,2983 3115,2984 3185,2985 3255,2986 3325,2987"/>
                <TextEquiv>
                    <Unicode>frugality, gaineng a poignant insight by use ofthe barest suggestions of</Unicode>
                </TextEquiv>
            </TextLine>
            <TextLine id="r4l50" custom="readingOrder {index:49;}">
                <Coords points="1921,3018 2867,3013 3322,3060 3340,2989 1921,2977"/>
                <Baseline points="1931,3023 2004,3022 2078,3022 2151,3021 2225,3021 2299,3021 2372,3022 2446,3022 2520,3023 2593,3024 2667,3024 2740,3025 2814,3026 2888,3027 2961,3027 3035,3028 3109,3028 3182,3029 3256,3029 3330,3029"/>
                <TextEquiv>
                    <Unicode>observation. The piece will not exeite as did•Casanova,“ yet it will</Unicode>
                </TextEquiv>
            </TextLine>
            <TextLine id="r4l51" custom="readingOrder {index:50;}">
                <Coords points="1913,3092 3099,3092 3187,3080 3188,3041 1914,3019"/>
                <Baseline points="1923,3069 1985,3068 2048,3067 2111,3067 2173,3067 2236,3067 2299,3067 2361,3068 2424,3068 2487,3069 2550,3070 2612,3071 2675,3072 2738,3072 2800,3074 2863,3074 2926,3075 2988,3076 3051,3077 3114,3078 3177,3078"/>
                <TextEquiv>
                    <Unicode>interest all these renders who follow this writer’s beauty of strle.</Unicode>
                </TextEquiv>
            </TextLine>
            <TextLine id="r4l52" custom="readingOrder {index:51;}">
                <Coords points="1985,3189 3233,3185 3304,3178 3304,3139 2618,3121 2549,3156 2475,3117 1985,3159"/>
                <Baseline points="1995,3179 2063,3181 2131,3182 2200,3183 2268,3183 2336,3182 2405,3181 2473,3180 2541,3179 2610,3177 2678,3175 2747,3173 2815,3172 2883,3171 2952,3170 3020,3169 3088,3169 3157,3170 3225,3171 3294,3173"/>
                <TextEquiv>
                    <Unicode>was a Just provision of the geds#terent at first sight. They write o</Unicode>
                </TextEquiv>
            </TextLine>
            <TextLine id="r4l53" custom="readingOrder {index:52;}">
                <Coords points="2620,3210 3315,3224 3332,3187 2620,3170"/>
                <Baseline points="2629,3201 2663,3202 2698,3203 2733,3204 2767,3205 2802,3206 2837,3207 2871,3208 2906,3208 2941,3209 2976,3210 3010,3210 3045,3211 3080,3211 3114,3212 3149,3212 3184,3212 3218,3213 3253,3213 3288,3213 3323,3213"/>
                <TextEquiv>
                    <Unicode>the opposing poles of life, but they</Unicode>
                </TextEquiv>
            </TextLine>
            <TextLine id="r4l54" custom="readingOrder {index:53;}">
                <Coords points="1913,3256 1987,3220 2580,3232 2617,3224 2617,3183 1912,3203"/>
                <Baseline points="1921,3232 1955,3228 1989,3225 2023,3222 2058,3221 2092,3219 2126,3218 2161,3218 2195,3218 2229,3218 2264,3219 2298,3219 2332,3220 2366,3220 2401,3221 2435,3221 2469,3221 2504,3221 2538,3220 2572,3219 2607,3217"/>
                <TextEquiv>
                    <Unicode>Pthat made Vienna the heme of</Unicode>
                </TextEquiv>
            </TextLine>
            <TextLine id="r4l55" custom="readingOrder {index:54;}">
                <Coords points="2632,3247 3329,3248 3329,3220 3234,3209 2632,3215"/>
                <Baseline points="2642,3239 2675,3240 2709,3241 2743,3242 2777,3242 2811,3243 2845,3243 2878,3243 2912,3243 2946,3244 2980,3244 3014,3244 3048,3244 3082,3245 3115,3245 3149,3246 3183,3246 3217,3247 3251,3248 3285,3249 3319,3250"/>
                <TextEquiv>
                    <Unicode>share the sensitiveness and the in¬</Unicode>
                </TextEquiv>
            </TextLine>
            <TextLine id="r4l56" custom="readingOrder {index:55;}">
                <Coords points="1981,3268 2618,3265 2605,3224 1981,3221"/>
                <Baseline points="1990,3254 2022,3255 2055,3255 2087,3256 2120,3256 2152,3257 2185,3257 2218,3258 2250,3258 2283,3258 2315,3259 2348,3259 2380,3259 2413,3259 2446,3259 2478,3259 2511,3259 2543,3259 2576,3259 2609,3258"/>
                <TextEquiv>
                    <Unicode>Arthur Schnitzter. The gestre of</Unicode>
                </TextEquiv>
            </TextLine>
            <TextLine id="r4l57" custom="readingOrder {index:56;}">
                <Coords points="2634,3283 3339,3297 3322,3252 2635,3247"/>
                <Baseline points="2643,3277 2677,3278 2711,3280 2745,3281 2780,3281 2814,3282 2848,3282 2883,3283 2917,3283 2951,3283 2986,3283 3020,3283 3054,3283 3088,3283 3123,3284 3157,3284 3191,3284 3226,3285 3260,3285 3294,3286 3329,3287"/>
                <TextEquiv>
                    <Unicode>siaht of the same sure art. Schnitz¬</Unicode>
                </TextEquiv>
            </TextLine>
            <TextLine id="r4l58" custom="readingOrder {index:57;}">
                <Coords points="1913,3297 2612,3302 2612,3267 2579,3261 1913,3267"/>
                <Baseline points="1922,3292 1956,3293 1990,3294 2024,3295 2058,3295 2092,3296 2126,3296 2160,3297 2194,3297 2228,3297 2262,3297 2296,3297 2330,3298 2364,3298 2398,3298 2432,3298 2466,3298 2500,3298 2534,3298 2568,3298 2603,3298"/>
                <TextEquiv>
                    <Unicode>Europe's wit and wisdom before the</Unicode>
                </TextEquiv>
            </TextLine>
            <TextLine id="r4l59" custom="readingOrder {index:58;}">
                <Coords points="1862,3323 1871,3321 1874,3318 1888,3327 1891,3322 1900,3320 1884,3253 1875,3255 1871,3252 1864,3255 1861,3254 1858,3257 1856,3255 1847,3257"/>
                <Baseline points="1869,3313 1887,3309"/>
                <TextEquiv>
                    <Unicode>90</Unicode>
                </TextEquiv>
            </TextLine>
            <TextLine id="r4l60" custom="readingOrder {index:59;}">
                <Coords points="2644,3321 2970,3341 3154,3320 3242,3342 3338,3321 3312,3287 2898,3303 2855,3283 2645,3282"/>
                <Baseline points="2653,3314 2686,3315 2720,3316 2754,3317 2788,3318 2821,3319 2855,3319 2889,3320 2923,3320 2956,3321 2990,3322 3024,3322 3058,3323 3091,3323 3125,3324 3159,3324 3193,3324 3226,3325 3260,3325 3294,3325 3328,3325"/>
                <TextEquiv>
                    <Unicode>er anid once, speaking of Chekov:</Unicode>
                </TextEquiv>
            </TextLine>
            <TextLine id="r4l61" custom="readingOrder {index:60;}">
                <Coords points="1920,3337 2594,3347 2622,3339 2623,3298 2536,3314 2411,3294 1920,3298"/>
                <Baseline points="1929,3329 1963,3330 1997,3332 2031,3332 2065,3333 2100,3334 2134,3334 2168,3335 2202,3335 2236,3335 2271,3335 2305,3335 2339,3335 2373,3335 2407,3336 2442,3336 2476,3336 2510,3336 2544,3336 2578,3337 2613,3337"/>
                <TextEquiv>
                    <Unicode>war, the home öf Fränz Lehar and</Unicode>
                </TextEquiv>
            </TextLine>
            <TextLine id="r4l62" custom="readingOrder {index:61;}">
                <Coords points="1872,3368 1878,3368 1885,3365 1891,3356 1893,3358 1903,3356 1898,3326 1889,3328 1882,3323 1878,3324 1875,3328 1866,3330"/>
                <Baseline points="1878,3349 1892,3347"/>
                <TextEquiv>
                    <Unicode>41</Unicode>
                </TextEquiv>
            </TextLine>
            <TextLine id="r4l63" custom="readingOrder {index:62;}">
                <Coords points="2623,3359 3134,3380 3176,3363 3228,3383 3329,3373 3331,3332 2624,3314"/>
                <Baseline points="2633,3340 2667,3344 2701,3347 2736,3350 2770,3353 2805,3355 2839,3356 2873,3357 2908,3358 2942,3359 2977,3360 3011,3360 3045,3361 3080,3361 3114,3362 3149,3362 3183,3363 3217,3364 3252,3365 3286,3366 3321,3368"/>
                <TextEquiv>
                    <Unicode># ronld not have denesshat he did;</Unicode>
                </TextEquiv>
            </TextLine>
            <TextLine id="r4l64" custom="readingOrder {index:63;}">
                <Coords points="1928,3375 2274,3385 2310,3367 2420,3394 2537,3372 2576,3389 2619,3378 2620,3339 1928,3335"/>
                <Baseline points="1938,3364 1971,3365 2005,3367 2038,3368 2072,3369 2105,3370 2139,3371 2172,3371 2206,3372 2239,3372 2273,3373 2307,3373 2340,3373 2374,3374 2407,3374 2441,3374 2474,3374 2508,3374 2541,3374 2575,3374 2609,3374"/>
                <TextEquiv>
                    <Unicode>The Merry Widow.“ of Strauss and</Unicode>
                </TextEquiv>
            </TextLine>
            <TextLine id="r4l65" custom="readingOrder {index:64;}">
                <Coords points="2631,3394 2970,3393 3204,3428 3337,3410 3338,3373 2632,3356"/>
                <Baseline points="2641,3388 2675,3389 2709,3391 2744,3391 2778,3393 2812,3393 2847,3394 2881,3395 2915,3396 2950,3396 2984,3397 3018,3398 3053,3399 3087,3399 3121,3400 3156,3400 3190,3401 3224,3401 3259,3402 3293,3402 3328,3402"/>
                <TextEquiv>
                    <Unicode>Eut I have triedto do in iny way whnt.</Unicode>
                </TextEquiv>
            </TextLine>
            <TextLine id="r4l66" custom="readingOrder {index:65;}">
                <Coords points="1919,3410 2613,3418 2613,3382 2105,3386 1920,3363"/>
                <Baseline points="1929,3399 1962,3401 1996,3402 2030,3405 2063,3406 2097,3407 2131,3408 2164,3409 2198,3410 2232,3410 2266,3411 2299,3411 2333,3411 2367,3411 2400,3411 2434,3411 2468,3411 2501,3411 2535,3411 2569,3410 2603,3410"/>
                <TextEquiv>
                    <Unicode>*The Dlue Danube,“ it is meet and</Unicode>
                </TextEquiv>
            </TextLine>
            <TextLine id="r4l67" custom="readingOrder {index:66;}">
                <Coords points="2614,3424 2675,3443 2874,3434 2924,3453 2949,3433 2988,3451 3032,3423 3033,3399 2729,3405 2701,3393 2686,3404 2615,3386"/>
                <Baseline points="2623,3420 2649,3420 2676,3421 2702,3421 2729,3422 2756,3424 2782,3424 2809,3426 2835,3427 2862,3428 2889,3429 2915,3430 2942,3431 2968,3431 2995,3431 3022,3431"/>
                <TextEquiv>
                    <Unicode>1he hes dene in lis.“</Unicode>
                </TextEquiv>
            </TextLine>
            <TextLine id="r4l68" custom="readingOrder {index:67;}">
                <Coords points="1914,3455 2613,3455 2613,3417 1914,3410"/>
                <Baseline points="1923,3442 1957,3443 1991,3444 2025,3444 2059,3445 2093,3445 2127,3445 2161,3446 2195,3446 2229,3446 2263,3446 2297,3446 2331,3446 2365,3446 2399,3446 2433,3446 2467,3446 2501,3446 2535,3446 2569,3446 2603,3446"/>
                <TextEquiv>
                    <Unicode>Proper that the kindly ironie figure of</Unicode>
                </TextEquiv>
            </TextLine>
            <TextLine id="r4l69" custom="readingOrder {index:68;}">
                <Coords points="2659,3481 3273,3498 3339,3487 3341,3441 3136,3443 3115,3461 3013,3436 2986,3452 2660,3441"/>
                <Baseline points="2669,3470 2702,3469 2735,3469 2768,3469 2801,3469 2834,3470 2867,3472 2900,3473 2933,3475 2966,3476 3000,3478 3033,3479 3066,3480 3099,3482 3132,3483 3165,3484 3198,3485 3231,3485 3264,3486 3297,3485 3331,3484"/>
                <TextEquiv>
                    <Unicode>Arthur Schnitzler was à playwright</Unicode>
                </TextEquiv>
            </TextLine>
            <TextLine id="r4l70" custom="readingOrder {index:69;}">
                <Coords points="1912,3486 2437,3496 2580,3478 2580,3446 1913,3458"/>
                <Baseline points="1922,3478 1954,3479 1986,3480 2019,3481 2051,3481 2084,3482 2116,3482 2148,3482 2181,3482 2213,3481 2246,3481 2278,3481 2310,3481 2343,3481 2375,3481 2408,3481 2440,3481 2472,3482 2505,3483 2537,3484 2570,3485"/>
                <TextEquiv>
                    <Unicode>Dr. Schnitzler should dwell there.</Unicode>
                </TextEquiv>
            </TextLine>
            <TextLine id="r4l71" custom="readingOrder {index:70;}">
                <Coords points="2625,3517 3318,3530 3334,3491 2625,3477"/>
                <Baseline points="2634,3505 2668,3507 2703,3509 2737,3511 2772,3512 2806,3513 2841,3514 2875,3515 2910,3516 2944,3516 2979,3517 3013,3517 3048,3517 3082,3518 3117,3518 3151,3518 3186,3518 3220,3518 3255,3518 3289,3518 3324,3518"/>
                <TextEquiv>
                    <Unicode>before he became a novelist and in</Unicode>
                </TextEquiv>
            </TextLine>
            <TextLine id="r4l72" custom="readingOrder {index:71;}">
                <Coords points="1910,3534 2015,3518 2079,3539 2206,3521 2564,3534 2601,3530 2602,3487 2208,3502 1910,3474"/>
                <Baseline points="1919,3518 1952,3519 1986,3519 2020,3520 2053,3520 2087,3520 2121,3520 2154,3520 2188,3520 2222,3520 2256,3520 2289,3520 2323,3520 2357,3520 2390,3520 2424,3521 2458,3521 2491,3522 2525,3522 2559,3523 2593,3524"/>
                <TextEquiv>
                    <Unicode>Is a city sadly ravaged b# the wur,</Unicode>
                </TextEquiv>
            </TextLine>
            <TextLine id="r4l73" custom="readingOrder {index:72;}">
                <Coords points="2621,3547 3152,3570 3340,3554 3311,3524 3181,3516 3031,3532 2974,3512 2621,3513"/>
                <Baseline points="2630,3545 2665,3546 2700,3548 2735,3549 2770,3550 2805,3551 2840,3552 2875,3553 2910,3553 2945,3554 2980,3555 3015,3556 3050,3556 3085,3557 3120,3557 3155,3557 3190,3558 3225,3558 3260,3558 3295,3558 3330,3557"/>
                <TextEquiv>
                    <Unicode>Vienna the production of bis plays</Unicode>
                </TextEquiv>
            </TextLine>
            <TextLine id="r4l74" custom="readingOrder {index:73;}">
                <Coords points="1915,3566 2599,3574 2620,3537 1915,3528"/>
                <Baseline points="1924,3558 1958,3558 1992,3559 2026,3559 2061,3559 2095,3559 2129,3559 2164,3559 2198,3559 2232,3559 2267,3559 2301,3559 2335,3559 2369,3560 2404,3560 2438,3560 2472,3560 2507,3561 2541,3561 2575,3562 2610,3563"/>
                <TextEquiv>
                    <Unicode>yet one which has retained with un¬</Unicode>
                </TextEquiv>
            </TextLine>
            <TextLine id="r4l75" custom="readingOrder {index:74;}">
                <Coords points="2616,3588 3320,3613 3332,3568 2616,3554"/>
                <Baseline points="2625,3584 2659,3584 2694,3585 2729,3585 2764,3586 2799,3587 2834,3588 2868,3589 2903,3591 2938,3592 2973,3592 3008,3594 3043,3594 3078,3595 3112,3595 3147,3596 3182,3596 3217,3595 3252,3595 3287,3594 3322,3593"/>
                <TextEquiv>
                    <Unicode>asways occurs under lispersonal</Unicode>
                </TextEquiv>
            </TextLine>
            <TextLine id="r4l76" custom="readingOrder {index:75;}">
                <Coords points="1917,3606 2193,3604 2228,3625 2362,3601 2429,3617 2453,3598 2607,3618 2607,3575 2551,3565 1918,3565"/>
                <Baseline points="1927,3596 1960,3596 1994,3596 2027,3596 2061,3597 2094,3597 2128,3597 2161,3597 2195,3598 2228,3598 2262,3598 2295,3598 2329,3599 2362,3599 2396,3599 2429,3599 2463,3599 2496,3599 2530,3599 2563,3599 2597,3599"/>
                <TextEquiv>
                    <Unicode>daunted courage much of its old color</Unicode>
                </TextEquiv>
            </TextLine>
            <TextLine id="r4l77" custom="readingOrder {index:76;}">
                <Coords points="2602,3615 2647,3635 2807,3617 2971,3645 3293,3641 3333,3638 3334,3599 2833,3603 2770,3583 2713,3600 2603,3572"/>
                <Baseline points="2612,3618 2647,3619 2683,3620 2718,3621 2754,3622 2789,3623 2825,3624 2860,3625 2896,3627 2931,3627 2967,3628 3003,3629 3038,3630 3074,3630 3109,3631 3145,3631 3180,3631 3216,3631 3251,3631 3287,3630 3323,3630"/>
                <TextEquiv>
                    <Unicode>Tdirection. He takes great pleasure</Unicode>
                </TextEquiv>
            </TextLine>
            <TextLine id="r4l78" custom="readingOrder {index:77;}">
                <Coords points="1904,3656 1932,3657 1949,3640 1990,3651 2052,3651 2073,3638 2129,3647 2154,3636 2193,3646 2193,3618 2163,3610 2148,3616 2131,3602 2043,3599 1992,3610 1979,3598 1961,3606 1904,3595"/>
                <Baseline points="1914,3628 1941,3631 1968,3632 1995,3633 2022,3633 2049,3632 2076,3631 2103,3631 2130,3631 2157,3631 2184,3633"/>
                <TextEquiv>
                    <Unicode>and goyness.</Unicode>
                </TextEquiv>
            </TextLine>
            <TextLine id="r4l79" custom="readingOrder {index:78;}">
                <Coords points="2604,3691 2711,3664 3340,3681 3340,3632 2647,3635 2604,3612"/>
                <Baseline points="2613,3662 2648,3662 2684,3663 2720,3664 2756,3664 2792,3664 2828,3665 2863,3665 2899,3665 2935,3665 2971,3665 3007,3665 3043,3666 3079,3666 3114,3666 3150,3666 3186,3666 3222,3666 3258,3667 3294,3667 3330,3668"/>
                <TextEquiv>
                    <Unicode>and infinite pains In stagecraft, not</Unicode>
                </TextEquiv>
            </TextLine>
            <TextLine id="r4l80" custom="readingOrder {index:79;}">
                <Coords points="1944,3688 2608,3691 2608,3655 2539,3641 2308,3655 2222,3621 2134,3649 1945,3640"/>
                <Baseline points="1953,3676 1985,3677 2017,3677 2049,3678 2082,3678 2114,3679 2146,3680 2179,3680 2211,3681 2243,3682 2276,3682 2308,3683 2340,3683 2372,3683 2405,3684 2437,3684 2469,3684 2502,3683 2534,3683 2566,3683 2599,3682"/>
                <TextEquiv>
                    <Unicode>Somewhat outside of Vienna proper,</Unicode>
                </TextEquiv>
            </TextLine>
            <TextLine id="r4l81" custom="readingOrder {index:80;}">
                <Coords points="2620,3695 2691,3716 3165,3701 3341,3730 3341,3676 3246,3666 2620,3674"/>
                <Baseline points="2629,3700 2664,3700 2699,3701 2734,3702 2769,3703 2804,3703 2839,3704 2875,3704 2910,3704 2945,3705 2980,3705 3015,3705 3050,3705 3085,3705 3121,3705 3156,3705 3191,3705 3226,3705 3261,3704 3296,3703 3332,3703"/>
                <TextEquiv>
                    <Unicode>only in bis own but in dhie work of</Unicode>
                </TextEquiv>
            </TextLine>
            <TextLine id="r4l82" custom="readingOrder {index:81;}">
                <Coords points="1908,3723 2614,3725 2614,3691 1908,3683"/>
                <Baseline points="1917,3712 1951,3713 1985,3714 2020,3714 2054,3714 2089,3715 2123,3715 2157,3715 2192,3716 2226,3716 2261,3716 2295,3716 2329,3716 2364,3717 2398,3717 2433,3717 2467,3717 2501,3718 2536,3718 2570,3719 2605,3720"/>
                <TextEquiv>
                    <Unicode>removed from the roadway by a bit of</Unicode>
                </TextEquiv>
            </TextLine>
            <TextLine id="r4l83" custom="readingOrder {index:82;}">
                <Coords points="2622,3753 2755,3738 3081,3760 3334,3736 3306,3712 3164,3700 3115,3719 2845,3699 2622,3719"/>
                <Baseline points="2631,3738 2665,3738 2700,3739 2734,3739 2769,3740 2804,3741 2838,3741 2873,3742 2908,3742 2942,3743 2977,3743 3012,3743 3046,3743 3081,3743 3116,3743 3150,3743 3185,3742 3220,3741 3254,3740 3289,3739 3324,3738"/>
                <TextEquiv>
                    <Unicode>others and he is a constant theatre¬</Unicode>
                </TextEquiv>
            </TextLine>
            <TextLine id="r4l84" custom="readingOrder {index:83;}">
                <Coords points="1915,3761 2608,3767 2608,3729 2574,3722 1915,3727"/>
                <Baseline points="1924,3751 1957,3752 1991,3753 2025,3754 2058,3755 2092,3755 2126,3755 2159,3756 2193,3756 2227,3756 2261,3756 2294,3756 2328,3756 2362,3756 2395,3755 2429,3755 2463,3755 2496,3755 2530,3755 2564,3755 2598,3755"/>
                <TextEquiv>
                    <Unicode>ground and a path, is the unassuming</Unicode>
                </TextEquiv>
            </TextLine>
            <TextLine id="r4l85" custom="readingOrder {index:84;}">
                <Coords points="2627,3784 3165,3790 3205,3773 3337,3802 3327,3736 2628,3750"/>
                <Baseline points="2637,3773 2671,3774 2706,3775 2740,3776 2775,3777 2809,3778 2844,3778 2878,3779 2913,3779 2947,3780 2982,3780 3017,3780 3051,3780 3086,3780 3120,3780 3155,3780 3189,3780 3224,3780 3258,3779 3293,3779 3328,3778"/>
                <TextEquiv>
                    <Unicode>goer. Musical comedy, for which</Unicode>
                </TextEquiv>
            </TextLine>
            <TextLine id="r4l86" custom="readingOrder {index:85;}">
                <Coords points="1907,3798 2610,3807 2610,3770 2565,3760 1908,3758"/>
                <Baseline points="1917,3788 1951,3789 1985,3790 2019,3791 2053,3792 2088,3793 2122,3794 2156,3794 2190,3794 2224,3794 2259,3794 2293,3795 2327,3795 2361,3795 2395,3795 2430,3795 2464,3795 2498,3795 2532,3795 2566,3795 2601,3795"/>
                <TextEquiv>
                    <Unicode>residence of Dr. Schnitzler. It is a</Unicode>
                </TextEquiv>
            </TextLine>
            <TextLine id="r4l87" custom="readingOrder {index:86;}">
                <Coords points="2624,3816 3334,3818 3334,3795 3203,3776 3148,3796 3102,3778 2624,3785"/>
                <Baseline points="2633,3811 2667,3813 2702,3814 2736,3815 2771,3816 2806,3817 2840,3818 2875,3818 2909,3819 2944,3819 2979,3820 3013,3820 3048,3820 3082,3820 3117,3819 3152,3819 3186,3818 3221,3818 3255,3817 3290,3815 3325,3814"/>
                <TextEquiv>
                    <Unicode>Vienna is Justly famed of old, Is a</Unicode>
                </TextEquiv>
            </TextLine>
            <TextLine id="r4l88" custom="readingOrder {index:87;}">
                <Coords points="1916,3828 2266,3857 2373,3825 2527,3854 2620,3846 2621,3806 1916,3798"/>
                <Baseline points="1925,3826 1959,3826 1993,3827 2028,3827 2062,3827 2096,3828 2131,3828 2165,3828 2199,3828 2234,3828 2268,3829 2302,3829 2337,3829 2371,3829 2405,3830 2440,3830 2474,3831 2508,3831 2543,3832 2577,3833 2612,3834"/>
                <TextEquiv>
                    <Unicode>before-the-war sort of house, more</Unicode>
                </TextEquiv>
            </TextLine>
            <TextLine id="r4l89" custom="readingOrder {index:88;}">
                <Coords points="2620,3855 2877,3873 3025,3853 3109,3874 3334,3855 3334,3823 2620,3821"/>
                <Baseline points="2630,3853 2664,3853 2699,3854 2734,3854 2768,3854 2803,3855 2838,3855 2872,3856 2907,3856 2942,3856 2977,3856 3011,3856 3046,3857 3081,3857 3115,3857 3150,3857 3185,3857 3219,3857 3254,3856 3289,3856 3324,3856"/>
                <TextEquiv>
                    <Unicode>particular delight of tho doctor and</Unicode>
                </TextEquiv>
            </TextLine>
            <TextLine id="r4l90" custom="readingOrder {index:89;}">
                <Coords points="1912,3872 2603,3878 2604,3847 2482,3851 2362,3824 2259,3850 1912,3827"/>
                <Baseline points="1921,3864 1954,3865 1988,3865 2022,3866 2055,3866 2089,3867 2123,3867 2156,3867 2190,3867 2224,3867 2258,3867 2291,3867 2325,3868 2359,3868 2392,3868 2426,3868 2460,3868 2493,3869 2527,3869 2561,3870 2595,3871"/>
                <TextEquiv>
                    <Unicode>comfortable Sthan pretentlous. The</Unicode>
                </TextEquiv>
            </TextLine>
            <TextLine id="r4l91" custom="readingOrder {index:90;}">
                <Coords points="2620,3890 3034,3908 3110,3891 3158,3909 3340,3889 3295,3861 3112,3850 2621,3856"/>
                <Baseline points="2629,3888 2664,3888 2699,3889 2734,3890 2769,3890 2804,3891 2839,3892 2874,3892 2909,3892 2944,3893 2979,3893 3014,3893 3049,3893 3084,3894 3119,3894 3154,3893 3189,3893 3224,3893 3259,3893 3294,3892 3330,3892"/>
                <TextEquiv>
                    <Unicode>a Franz Lehar first uight will always</Unicode>
                </TextEquiv>
            </TextLine>
            <TextLine id="r4l92" custom="readingOrder {index:91;}">
                <Coords points="1910,3897 2028,3918 2607,3914 2588,3875 1910,3873"/>
                <Baseline points="1919,3903 1952,3903 1986,3903 2020,3903 2054,3903 2088,3903 2122,3904 2156,3904 2190,3905 2224,3905 2258,3906 2291,3906 2325,3906 2359,3907 2393,3907 2427,3907 2461,3907 2495,3906 2529,3905 2563,3905 2597,3904"/>
                <TextEquiv>
                    <Unicode>ercafor of Anatol and the ancient Cas¬</Unicode>
                </TextEquiv>
            </TextLine>
            <TextLine id="r4l93" custom="readingOrder {index:92;}">
                <Coords points="2628,3936 3305,3940 3338,3934 3339,3889 3307,3906 2628,3895"/>
                <Baseline points="2638,3925 2672,3927 2707,3928 2741,3928 2776,3929 2810,3929 2845,3930 2879,3930 2914,3931 2948,3931 2983,3931 3018,3931 3052,3931 3087,3931 3121,3931 3156,3931 3190,3931 3225,3931 3259,3931 3294,3930 3329,3930"/>
                <TextEquiv>
                    <Unicode>find him in his customary place</Unicode>
                </TextEquiv>
            </TextLine>
            <TextLine id="r4l94" custom="readingOrder {index:93;}">
                <Coords points="1913,3943 2614,3958 2614,3915 2575,3911 1914,3917"/>
                <Baseline points="1923,3939 1957,3939 1991,3939 2025,3939 2059,3939 2093,3940 2127,3940 2161,3941 2195,3942 2229,3942 2264,3943 2298,3944 2332,3944 2366,3944 2400,3945 2434,3944 2468,3944 2502,3944 2536,3943 2570,3942 2605,3940"/>
                <TextEquiv>
                    <Unicode>anova and of Dr. Greasler, just puli¬</Unicode>
                </TextEquiv>
            </TextLine>
            <TextLine id="r4l95" custom="readingOrder {index:94;}">
                <Coords points="2619,3982 2958,3963 2986,3982 3102,3965 3222,3986 3340,3968 3340,3934 2619,3941"/>
                <Baseline points="2627,3965 2662,3965 2697,3965 2732,3965 2767,3965 2802,3965 2837,3966 2873,3967 2908,3967 2943,3967 2978,3968 3013,3968 3048,3969 3083,3969 3119,3969 3154,3969 3189,3968 3224,3967 3259,3966 3294,3965 3330,3963"/>
                <TextEquiv>
                    <Unicode>down in the first row of the orches¬</Unicode>
                </TextEquiv>
            </TextLine>
            <TextLine id="r4l96" custom="readingOrder {index:95;}">
                <Coords points="1916,3993 2613,3987 2613,3947 2589,3945 1916,3941"/>
                <Baseline points="1925,3974 1960,3974 1996,3975 2032,3975 2067,3976 2103,3977 2139,3978 2175,3979 2210,3980 2246,3981 2282,3981 2318,3982 2353,3982 2389,3982 2425,3982 2461,3982 2496,3981 2532,3980 2568,3978 2604,3976"/>
                <TextEquiv>
                    <Unicode>IIshed by Thomas Seltzer, lives here</Unicode>
                </TextEquiv>
            </TextLine>
            <TextLine id="r4l97" custom="readingOrder {index:96;}">
                <Coords points="2630,4006 3293,4019 3340,4004 3340,3968 3222,3987 3106,3968 2630,3974"/>
                <Baseline points="2640,4002 2674,4002 2709,4003 2743,4003 2778,4003 2812,4004 2847,4004 2881,4004 2916,4004 2950,4004 2985,4004 3019,4004 3054,4004 3088,4004 3123,4004 3157,4004 3192,4004 3226,4004 3261,4004 3295,4004 3330,4004"/>
                <TextEquiv>
                    <Unicode>tra. He is wont to insist on that</Unicode>
                </TextEquiv>
            </TextLine>
            <TextLine id="r4l98" custom="readingOrder {index:97;}">
                <Coords points="1910,4021 2442,4023 2474,4040 2609,4023 2609,3987 1910,3993"/>
                <Baseline points="1920,4010 1955,4012 1991,4013 2027,4015 2062,4016 2098,4017 2134,4018 2170,4019 2205,4019 2241,4020 2277,4020 2313,4020 2348,4020 2384,4020 2420,4020 2456,4020 2491,4019 2527,4019 2563,4019 2599,4019"/>
                <TextEquiv>
                    <Unicode>with his mamilg. On the second</Unicode>
                </TextEquiv>
            </TextLine>
            <TextLine id="r4l99" custom="readingOrder {index:98;}">
                <Coords points="2627,4049 3326,4044 3326,4018 3278,4008 2627,4009"/>
                <Baseline points="2637,4040 2671,4040 2705,4040 2739,4041 2773,4041 2807,4041 2841,4041 2875,4041 2909,4041 2943,4041 2977,4041 3011,4042 3045,4042 3079,4042 3113,4042 3147,4042 3181,4042 3215,4042 3249,4043 3283,4043 3317,4043"/>
                <TextEquiv>
                    <Unicode>location whenever he attends the</Unicode>
                </TextEquiv>
            </TextLine>
            <TextLine id="r4l100" custom="readingOrder {index:99;}">
                <Coords points="1913,4061 2070,4064 2115,4042 2205,4067 2479,4053 2602,4069 2603,4024 1913,4025"/>
                <Baseline points="1923,4049 1956,4050 1990,4050 2023,4051 2057,4052 2090,4053 2124,4053 2157,4054 2191,4054 2224,4055 2258,4055 2291,4056 2325,4056 2358,4056 2392,4056 2425,4056 2459,4056 2492,4056 2526,4056 2559,4055 2593,4055"/>
                <TextEquiv>
                    <Unicode>with his family. On the second</Unicode>
                </TextEquiv>
            </TextLine>
            <TextLine id="r4l101" custom="readingOrder {index:100;}">
                <Coords points="2622,4092 3091,4076 3267,4109 3332,4089 3333,4063 3252,4040 2623,4047"/>
                <Baseline points="2632,4079 2666,4079 2701,4079 2735,4079 2770,4079 2805,4079 2839,4079 2874,4080 2908,4080 2943,4080 2978,4080 3012,4081 3047,4081 3081,4081 3116,4082 3151,4082 3185,4082 3220,4082 3254,4082 3289,4082 3324,4081"/>
                <TextEquiv>
                    <Unicode>theatre. Franz Lehar, Ineidentally,</Unicode>
                </TextEquiv>
            </TextLine>
            <TextLine id="r4l102" custom="readingOrder {index:101;}">
                <Coords points="1897,4086 2609,4104 2609,4068 2581,4061 2176,4074 2109,4051 1936,4062 1897,4041"/>
                <Baseline points="1907,4090 1941,4091 1976,4091 2010,4091 2045,4091 2080,4091 2114,4092 2149,4092 2184,4092 2218,4092 2253,4092 2288,4092 2322,4092 2357,4092 2392,4093 2426,4093 2461,4093 2496,4093 2530,4093 2565,4094 2600,4094"/>
                <TextEquiv>
                    <Unicode>Ia tall desk, with several striking</Unicode>
                </TextEquiv>
            </TextLine>
            <TextLine id="r4l103" custom="readingOrder {index:102;}">
                <Coords points="2627,4121 2738,4117 2815,4143 2886,4127 3244,4134 3244,4087 2627,4085"/>
                <Baseline points="2637,4117 2666,4117 2696,4118 2726,4118 2756,4119 2786,4119 2816,4119 2845,4119 2875,4119 2905,4118 2935,4118 2965,4118 2995,4117 3025,4117 3054,4117 3084,4117 3114,4117 3144,4117 3174,4117 3204,4117 3234,4117"/>
                <TextEquiv>
                    <Unicode>is an old friend of Schnitzler’s.</Unicode>
                </TextEquiv>
            </TextLine>
            <TextLine id="r4l104" custom="readingOrder {index:103;}">
                <Coords points="1907,4135 2484,4148 2533,4131 2608,4148 2608,4104 2574,4101 1907,4102"/>
                <Baseline points="1917,4129 1951,4129 1985,4129 2019,4129 2053,4129 2087,4129 2121,4130 2155,4130 2189,4130 2223,4130 2257,4131 2291,4131 2325,4132 2359,4132 2393,4132 2427,4133 2461,4133 2495,4133 2529,4133 2563,4133 2598,4133"/>
                <TextEquiv>
                    <Unicode>paintings about him on the walls and</Unicode>
                </TextEquiv>
            </TextLine>
            <TextLine id="r4l105" custom="readingOrder {index:104;}">
                <Coords points="2654,4161 3319,4164 3319,4117 3222,4141 2933,4142 2654,4119"/>
                <Baseline points="2663,4161 2695,4163 2727,4164 2759,4164 2792,4165 2824,4165 2856,4166 2889,4166 2921,4166 2953,4166 2986,4166 3018,4166 3050,4166 3082,4166 3115,4165 3147,4165 3179,4164 3212,4164 3244,4163 3276,4162 3309,4162"/>
                <TextEquiv>
                    <Unicode>The Prchent anccess of his son on</Unicode>
                </TextEquiv>
            </TextLine>
            <TextLine id="r4l106" custom="readingOrder {index:105;}">
                <Coords points="1906,4167 2522,4168 2522,4138 1906,4137"/>
                <Baseline points="1915,4167 1944,4167 1974,4168 2004,4168 2034,4168 2064,4168 2094,4169 2124,4169 2154,4169 2184,4169 2214,4169 2243,4169 2273,4169 2303,4169 2333,4169 2363,4169 2393,4169 2423,4169 2453,4169 2483,4169 2513,4169"/>
                <TextEquiv>
                    <Unicode>asoft and commodions Couen hen</Unicode>
                </TextEquiv>
            </TextLine>
            <TextEquiv>
                <Unicode>box 4/9
DR. ARTHUR SCHNITZLER
—L
4
—
S
P W. #
8.



##
47
40
##
55
the
rod
1

IIK
#



Ks
WNRR

Pr, i ud 
ket,
D


8

0

e
SLR—
 

A

Viennese writer, best known in America for his “Casanova’s Home
h.Coming,“ whose new novel.Dr. Grnceler,? has just been published
here hr Thomas Seitzer. The new piece Is Ihe study of a physicinn in
search of a wile and his experiences with three women who capture his
laner. Again Schnitzler wenves his siender narrative with astonishing
frugality, gaineng a poignant insight by use ofthe barest suggestions of
observation. The piece will not exeite as did•Casanova,“ yet it will
interest all these renders who follow this writer’s beauty of strle.
was a Just provision of the geds#terent at first sight. They write o
the opposing poles of life, but they
Pthat made Vienna the heme of
share the sensitiveness and the in¬
Arthur Schnitzter. The gestre of
siaht of the same sure art. Schnitz¬
Europe's wit and wisdom before the
90
er anid once, speaking of Chekov:
war, the home öf Fränz Lehar and
41
# ronld not have denesshat he did;
The Merry Widow.“ of Strauss and
Eut I have triedto do in iny way whnt.
*The Dlue Danube,“ it is meet and
1he hes dene in lis.“
Proper that the kindly ironie figure of
Arthur Schnitzler was à playwright
Dr. Schnitzler should dwell there.
before he became a novelist and in
Is a city sadly ravaged b# the wur,
Vienna the production of bis plays
yet one which has retained with un¬
asways occurs under lispersonal
daunted courage much of its old color
Tdirection. He takes great pleasure
and goyness.
and infinite pains In stagecraft, not
Somewhat outside of Vienna proper,
only in bis own but in dhie work of
removed from the roadway by a bit of
others and he is a constant theatre¬
ground and a path, is the unassuming
goer. Musical comedy, for which
residence of Dr. Schnitzler. It is a
Vienna is Justly famed of old, Is a
before-the-war sort of house, more
particular delight of tho doctor and
comfortable Sthan pretentlous. The
a Franz Lehar first uight will always
ercafor of Anatol and the ancient Cas¬
find him in his customary place
anova and of Dr. Greasler, just puli¬
down in the first row of the orches¬
IIshed by Thomas Seltzer, lives here
tra. He is wont to insist on that
with his mamilg. On the second
location whenever he attends the
with his family. On the second
theatre. Franz Lehar, Ineidentally,
Ia tall desk, with several striking
is an old friend of Schnitzler’s.
paintings about him on the walls and
The Prchent anccess of his son on
asoft and commodions Couen hen</Unicode>
            </TextEquiv>
        </TextRegion>
    </Page>
</PcGts>
