3484 4256
17 3294 88 3348 idet
-4 2154 97 2207 moc
-5 2196 98 2247 als
-2 2237 78 2291 des
32 2274 88 2337 as
-11 2578 92 2630 tung
-2 2701 91 2751 Dokt
-5 2747 93 2798 licht
34 2790 93 2846 zig
296 201 1219 296 29. Doktor Graesler
1303 205 1718 277 Badearzt
1791 207 2252 312 box 4/6
524 247 1721 299 DÖRr J.ASTE DaA
2350 829 2868 977 1. Beiblatt.
2121 952 3078 1044 Druck und Verlag von Rudolf Mosse in Berlin.
517 861 1998 1064 Berliner Tageblatt.
2975 1015 3067 1088 S
830 1052 1834 1129 ennenenen enen en enene enen  eeen gene ere eree
1837 1084 3071 1134 haben muß als diese Geschütze, die immer wieder einzeln geladen
346 1061 605 1137 Seneneeen
616 1114 1838 1163 verständigen festgelegt und bieten den Schuhmachern ausreichenden
1837 1116 3083 1174 werden müssen. Eine russische Wasserstoffgas=Erzeu¬
215 1119 620 1185 allerletzter Zeit sind
620 1155 1829 1206 Verdienst. Einer Weigerung der Schuhmacher, zu den Richtpreisen
1844 1166 3080 1213 gungsanlage und ein Gasflaschenwagen, die Gondel des
223 1168 618 1219 550 Mark drei
621 1197 1832 1263 zu arbeiten, werde die Behörde mit entsprechenden Mitteln zu be¬
1841 1197 3082 1258 französischen Luftschiffs „Alsace" und ein bei Kowno erbeuteter
216 1202 616 1269 oran die Heimstätte
622 1243 916 1311 gegnen wissen.
1843 1243 3074 1309 russischer Fesselballon mit Fallschirm sind die um¬
227 1250 607 1311 e Heimstätte viele
1850 1294 2672 1350 fangreichsten Trophäen auf der Ausstellung.
672 1289 1832 1342 Ziehung der Wohlfahrtsgeldlotterie. Am gestrigen letz¬
245 1296 622 1350 man nicht wußte,
619 1324 1831 1379 ten Ziehungstage der Wohlfahrtsgeldlotterie wurden noch
1900 1311 3085 1382 Ganz besonders interessant sind die Flugzeugmodelle, die
224 1340 612 1404 ußergewöhnlich
624 1363 1838 1423 folgende größere Gewinne gezogen: 5000 Mark auf Nr. 259028,
1841 1369 3090 1435 Knaben im Alter von 13 bis 17 Jahren angefertigt haben, und die
212 1375 617 1427 eien unnötige Aus¬
624 1402 1544 1461 je 1000 Mark auf Nr. 110 281, 194 706 und 286 649.
1844 1414 3082 1473 ein beredtes Zeugnis für die Popularität unserer jüngsten Wafse ab¬
245 1420 608 1474 würden. Stadtrat
672 1428 1829 1506 Neue Räume der Zentraleinkaufsgesellschaft. Der Aktien¬
244 1458 614 1520 Die Insassen der
1839 1455 3087 1510 legen. Früher spielten unsere Knaben mit Segelschiffen und Eisen¬
618 1484 1839 1540 bauverein Unter den Linden in Berlin hat vom 1. Oktober d. J. ab
207 1502 609 1561 gegt werden. Durch
1846 1495 3080 1554 bahnen. Jetzt müssen es Flugzeuge sein. Es ist außerordentlich
621 1534 1835 1609 die freiwerdenden Räume des Hotels Lindenhof an die Zen¬
221 1546 613 1598 der Heimstätten sehr
1844 1545 3088 1600 wichtig, daß die Jugend, die einst, sei es in kriegerischer oder fried¬
623 1582 1432 1638 traleinkaufsgesellschaft vermietet.
1855 1579 3079 1651 licher Arbeit diese Maschinen benutzen soll, schon jetzt mit ihrem
229 1594 622 1645 kurzer Erörterung
1852 1630 2281 1692 System vertraut wird.
223 1630 613 1700 Vorlage des Magi¬
665 1620 1845 1685 Wegen Uebertretung der Bezugsscheinvorschriften sind
1890 1650 3079 1724 Die große Anzahl von Fliegerphotographien, die auf
617 1669 1843 1736 die in Berlin, Beusselstraße, und in Charlottenburg, Tau¬
209 1691 614 1780 Obst. Gemüse= und
1848 1715 3085 1759 der Ausstellung zu sehen sind, lassen erkennen, wie weit unsere
627 1713 1838 1764 roggener Straße, gelegenen Geschäfte der Firma M. G.,
225 1754 610 1814 Teil auf Charlotten¬
619 1754 1838 1814 wie uns der Magistrat der Stadt Charlottenburg mitteilt, auf
1847 1750 3090 1821 Flieger in Feindesland geflogen sind, und zeigen die Wirkungen
215 1798 622 1859 inde Charlottenburg
624 1801 1846 1848 Antrag der Reichsbekleidungsstelle geschlossen worden. Die
1860 1784 3084 1848 unserer Bomben und an der Schärfe der Photographien die Vorzüg¬
625 1840 1836 1892 Inhaberin der Firma hatte in einer großen Anzahl von Fällen die
218 1847 616 1913 BBedingungen festsetzt,
1849 1838 3119 1902 lichkeit unseres optischen Materials. Das sind Dokumente, die sich
2676 1886 2926 1962 M
627 1959 1848 2037 entrindelen Baumstamm; Dr. Gräsler aber, der seinen lichten
1860 1951 3094 2023 gemacht hätten, und während sich ein Gespräch über das trotz
632 2019 1837 2068 Anzug keinerlei Fährlichkeiten aussetzen wollte, blieb stehen,
1854 2014 3085 2061 der reizvollsten Umgebung doch so langsame Aufblühen des
223 1966 609 2119 adearzt
624 2060 1848 2109 erzählte von seinen Reisen weiter, seine Stimme, sonst trotz
1857 2063 3103 2112 Badestädichens entspann, unterließ Dr. Gräsler keineswegs.
621 2091 1843 2158 häufigen Räusperns etwas belegt, erklang ihm selbst mit einer
1848 2104 3101 2156 an dem Herrn des Hauses seine ärztlichen Beobachtungen an¬
622 2146 1845 2193 neuen oder ihm wenigstens fremd gewordenen Weichheit, und
1854 2147 3097 2197 zustellen, vermochte aber vorerst nichts Auffallendes an ihm
224 2142 597 2238 [Nachdruck verboten.]
620 2178 1851 2243 er fand sich mit einer Teilnahme angehört, deren er lange schon
1852 2177 3093 2236 zu entdecken als eine gewisse Unruhe des Blicks sowie ein oft
620 2230 1839 2279 entwöhnt war. Am Ende erbot er sich, die Geschwister heim¬
1852 2220 3098 2274 wiederkehrendes wie verächtliches Zucken der Mundwinkel.
1861 2267 3107 2321 Als Sabine das Abendessen meldete, wollte Dr. Gräsler sich
621 2268 1845 2322 zubegleiten, so daß der Vater, wenn er schon zu Hause wäre,
217 2264 624 2340 te Sabine. „Aber
630 2314 1852 2366 ohne weiteres an eine zufällige Begegnung glauben könnte, wo¬
1848 2310 3104 2364 verabschieden, doch der Förster, in übertriebener Liebens¬
245 2322 618 2381 Herr Doktor, wie
624 2353 1843 2397 durch dann die Bekanntschaft in der harmlosesten Weise ein¬
1853 2342 3091 2408 würdigkeit, ließ es nicht zu, und so saß der Doktor bald mit
221 2365 623 2422 gen Blick zu ihrem
626 2394 1847 2452 geleitet sei. Sabine nickte in einer kurzen, ihr ganz eigenen
1858 2395 3097 2442 Eltern und Kindern am Familientische, über dem von der
235 2404 620 2481 nsern Wald zeigten,
1860 2433 3091 2494 holzgetäfelten Decke eine grünbeschirmte Lampe herabhing.
636 2432 1848 2488 Art, was dem Doktor eine entschiedenere Zustimmung er¬
1861 2480 3090 2529 Er sprach von dem bevorstehenden Samstagkränzchen im Kur¬
630 2473 1851 2532 schien, als Worte bedeutet hätten. Auf dem sich leicht bergab
638 2524 1849 2579 senkenden, immer breiter werdenden Waldwege war es nun
1866 2522 3097 2572 saal und wandte sich mit der Frage an Sabine, ob sie an der¬
223 2526 626 2609 gehört wirklich uns
636 2564 1858 2621 hauptsächlich Karl, der die Unterhaltung führte und Reise=,
1863 2567 2704 2622 lei Veranstaltungen manchmal teilnehme.
228 2588 621 2656 o weit. Da gibt es
637 2616 1852 2663 ja, Entdeckungspläne entwickelte, in deren rindlicher Abenteuer¬
1920 2587 3083 2662 „In den letzten Jahren nicht mehr,“ erwiderte Sabine.
221 2632 393 2694 rwald.“
626 2652 1855 2714 lichkeit Nachklänge kürzlich gelesener Jugendschriften nicht zu
1855 2635 3089 2702 „Früher, als ich noch jünger war.“ Und dem abwehrenden
216 2666 624 2757 , sagte der Doktor.
627 2697 1848 2745 verkennen waren. Früher, als der Doktor erwartet hatte,
1852 2693 3100 2745 Lächeln des Doktors zur Erwiderung fügte sie gleich und, wie
645 2740 1847 2785 stand man vor dem Gartenzaun, und zwischen den hohen
1853 2730 3111 2799 ihm schien, nicht ohne Bedeutung bei: „Ich bin nämlich schon
631 2770 1848 2836 Tannen in verdämmerndem Weiß schimmerte die Rückseite des
1862 2779 2245 2842 siebenundzwanzig.“
208 2762 630 2835 die Nähe des Forst¬
632 2818 1849 2875 Forsthauses mit ihren sechs schmalen, gleichförmigen Fenstern.
1912 2810 3087 2882 Der Vater warf eine spöttische Bemerkung über die klein¬
211 2819 630 2881 en Geschwistern ge¬
638 2859 1853 2909 Auf dem zertretenen Rasen zwischen Haus und Zaun roh ge¬
208 2863 625 2917 schmal, so daß eines
1859 2853 3093 2902 lichen Verhältnisse des Badestädtchens ein, fing an, mit Leb¬
637 2906 1844 2966 zimmert, stand ein länglicher Tisch mit Bank und Sesseln. Da
224 2904 616 2961 rst zwischen manns¬
1862 2903 3098 2954 haftigkeit vom Zauber der großen Städte und des bewegten
622 2942 1847 3012 Karl vorausgelaufen war, um Nachschau zu halten, blieb der
234 2947 631 3019 den Wald hinein¬
1865 2944 3108 3003 Weltlebens zu reden, und aus seinen weiteren Aeußerungen
637 2989 1849 3042 Doktor eine Weile mit Sabine allein unter den Tannen stehen.
1861 2990 3102 3049 war zu entnehmen, daß er früher Opernsänger gewesen war
645 3030 1849 3083 Sie sahen einander an, der Doktor lächelte etwas verlegen; da
1861 3039 3095 3088 und diese Laufbahn erst lange nach seiner Verheiratung auf¬
218 3017 637 3097 on sechs Jahr all¬
635 3066 1854 3118 Sabine ernst blieb, bemerkte er, die Blicke langsam nach ver¬
1869 3065 3103 3129 gegeben hatte. Während er nun allerlei Namen nannte von
221 3085 628 3139 eigentlich doch nicht
1856 3113 3097 3170 Künstlern, an deren Seite er gewirkt, von Gönnern, die ihn
638 3104 1849 3172 schiedenen Seiten wendend: „Welch ein Friede hier, und
210 3114 637 3179 ein Los. Schon als
1870 3151 3089 3202 hochgeschätzt, und endlich von Aerzten, die ihn unrichtig be¬
646 3154 1855 3208 räusperte leise. Karl erschien an einem offenen Fenster und
221 3160 635 3222 ennengelernt, besten¬
636 3203 1848 3250 winkte lebhaft. Der Doktor verlieh seinem Antlitz beruflichen
1863 3204 3104 3263 handelt hatten, wodurch er seine Stimme allzufrüh verlieren
219 3204 636 3257 mgebung; tiefer ins
1856 3248 3095 3297 mußte, leerte er ein Glas nach dem anderen, bis er ganz
633 3247 1850 3289 Ernst und folgte Sabine durch den Garten auf die Veranda,
213 3248 627 3302 Emmer verwehrt. Da
1867 3279 3091 3334 plötzlich ermüdet schien und mit einem Male einem ver¬
639 3280 1858 3335 wo der Förster und seine Frau sich eben von dem Sohn die
221 3294 640 3347 esse für ferne Gegen¬
1866 3323 3114 3389 brauchten und alten Manne gleichsah. Nun hielt es der Doktor
649 3329 1851 3380 Geschichte der nachmittägigen Begegnung berichten ließen.
217 3333 636 3386 Doktor aufs Gerate¬
1861 3368 2484 3417 an der Zeit, sich zu empfehlen.
653 3364 1857 3417 Gräsler, durch die falsche Bezeichnung Förster noch immer
237 3375 641 3429 die oder an denen
1911 3401 3083 3462 Die Geschwister begleiteten ihn zum Wagen und erkundig¬
636 3405 1858 3469 irre gemacht, hatte erwartet, sich einem langbärtigen, derben
223 3420 631 3476 rt hatte; und daß er
1861 3444 3090 3503 ten sich ängstlich nach dem Eindruck, den er von ihrem Vater
637 3454 1851 3513 Mann im Jägeranzug mit der Tabakspfeife im Mund gegen¬
216 3455 636 3521 fte, gab seiner Rede
1870 3492 3099 3547 gewonnen hätte. Dr. Gräsler, wenn er sich auch heute schon ge¬
646 3498 1860 3556 überzusehen und war nun verwundert, als ihn ein schlanker,
220 3505 640 3560 pust nicht immer zu
1867 3526 3090 3584 trauen wollte, eine ernstere Erkrankung auszuschließen, sprach
649 3537 1856 3594 glattrasierter Herr mit schwarzem, eben erst ergrauendem,
219 3548 641 3606 eröffnete sich ein an¬
1869 3576 3090 3627 die Erwartung aus, bald zu weiterer Beobachtung und lieber
640 3584 1857 3640 sorgfältig gescheiteltem Haar freundlich, aber mit einer irgend¬
217 3583 644 3645 kon wo das gläserne
1863 3619 3092 3672 noch zu einer ordentlichen Untersuchung Gelegenheit zu finden,
654 3628 1851 3678 wie theatralisch wirkenden Vornehmheit begrüßte. Dr.
221 3624 631 3688 heraufglitzerte Man
1864 3654 3088 3727 ohne die er als gewissenhafter Arzt doch nichts Bestimmtes
653 3664 1864 3716 Gräsler begann damit, den schönen Wald zu preisen, mit
215 3672 638 3737 keckte sich der Länge
2616 3693 3045 3778 (Fortsetzung folgt.)
235 3710 2219 3783 einen abgehauenen, dessen ganzer Herrlichkeit ihn erst Karl und Sabine bekannt= aussagen könnte.
