3436 4224
259 170 1174 261 29. Doktor Graesler
1260 174 1643 241 Badearzt
1801 173 2201 261 box 4/8
449 219 1795 283 S D LE  L ECZL
739 862 1163 992 Nr. 135.
546 983 1347 1057 Donnerstag, den 15. März 1917.
1660 977 3129 1046 Beitinel=Lagerian.
2402 1043 2581 1101 Sr
1160 1058 1326 1115 Ter
3049 1046 3198 1111 D
2190 1054 2950 1131 Sine hn ur — Sen
2987 1100 3327 1150 weniger als 1916,
572 1106 1748 1164 Auf eine Anfrage des Stadtverordneten Dr. Landsberger,
1752 1109 2979 1156 Direktor, Herr Steiner, tritt am 1. April von der Leitung der Speziali¬
2989 1138 3339 1195 tungen in Höhe vo
1760 1153 2978 1197 tätenbühne in der Friedrichstraße zurück und an seine Stelle tritt
525 1146 1748 1200 ob auch die Stadt Charlottenburg Schulkinder für mehrere
2988 1177 3331 1239 letzten Jahren auf
1765 1188 2970 1233 Direktor Klein. Im April wird noch ein reines Spezialitäten¬
518 1186 1738 1236 Monate auf das Land zu senden beabsichtige, erwiderte Ober¬
1767 1226 2985 1269 programm gespielt werden, während für den Mai von dem neuen
2990 1219 3339 1276 Pachtungen zu vern
519 1227 1748 1279 bürgermeister Dr. Scholz, daß sich der Magistrat bereits mit der
1762 1260 2780 1306 Leiter der Bühne ein neues Variétégenre geplant ist.
2992 1255 3356 1320 deutend höher
529 1265 1748 1323 Angelegenheit befasse und in der nächsten Sitzung den Stadtver¬
1812 1298 2974 1355 Preußisch=Süddeutsche Klassenlotterie. Bei der gestrigen
2990 1302 3339 1367 Einnahmen der Sch
520 1315 1323 1354 ordneten eine Vorlage unterbreiten werde.
1764 1333 2969 1388 Nachmittagsziehung der 3. Klasse der Preußisch=Süddeutschen Klassen¬
2995 1343 3337 1401 die Ausgaben mit
570 1343 1741 1418 In geheimer Sitzung beschäftigte sich die Versammlung mit
1757 1383 2975 1429 lotterie fiel ein Gewinn von 75000 Mark auf Abteilung I Nr. 4535
2992 1370 3354 1450 schließt mit einer #
518 1408 1745 1455 der Aufnahme einer neuen städtischen Anleihe. Wie
1752 1423 2980 1480 nach Berlin, der zweite Gewinn von 75000 Mark auf Abtei¬
2986 1431 3328 1489 118000 Mark ab.
514 1440 1745 1505 wir hören, soll es sich um eine Anleihe von vielen
1765 1456 2350 1518 lung II Nr. 4585 nach Jauer.
2988 1474 3339 1523 gung von 92 000
531 1473 1152 1549 Millionen Mark handeln.
1806 1485 2977 1565 Wieder drei Brotkartendiebe verhaftet. In der Münz¬
2992 1516 3342 1572 69 100 Mark Ausge
543 1526 1734 1609 Die Wilmersdorfer Stadtverordnetenversammlung
1749 1534 2973 1612 straße wurde gestern von Kriminalbeamten ein Mann be¬
2986 1546 3337 1614 haltung weist folge
517 1571 1735 1661 beschäftigte sich in ihrer gestrigen Sitzung gleichfalls mit dem Haus¬
1754 1594 2980 1658 obachtet, der zwischen einzelnen Schankwirtschaften hin und her
2985 1601 3343 1655 einnahmen in Buch
523 1630 1607 1684 haltsplan für 1917, der mit 17 Millionen Mark abschließt.
1762 1632 2980 1695 ging und sich auf verschiedenen Hausfluren längere Zeit aufhielt.
2987 1642 3341 1700 1916 und rund 11
562 1679 1749 1736 Oberbürgermeister Habermann gab ein Ziffernbild von dem
1755 1674 2970 1736 Es stellte sich heraus, daß er auf seinen Gängen Kunden für Brot¬
2988 1683 3340 1739 Angekauft sollen i
515 1718 1750 1775 neuen Haushaltsplan. Er führte aus, daß die Einkommensteuer ein
1759 1719 2972 1769 karten suchte und mit ihnen auf den Fluren die Geschäfte ab¬
2992 1723 3343 1793 Schmetzdorf für 805
1761 1840 2970 1895 könnte. Ich habe nämlich das Vergnügen —“—,Ah, unter¬
2980 1845 3340 1909 da schickt man
1767 1889 2980 1953 brach ihn Frau Rebner sichtlich erfreut, „Sie sind wohl der
2984 1890 3328 1953 kosten, und nun
505 1855 1746 1991 Doktor Gräsler, Badearzt
1757 1928 2970 1988 Herr Doktor, den Katharina auf dem Land bei Ludmilla kennen
2984 1939 3344 2004 es wird wohl nich
1755 1978 2903 2022 gelernt, und von dem sie das schöne Tuch bekommen hat?“
2984 1981 3183 2043 im Freie
1028 1995 1255 2078 Erzählung
1766 2027 2918 2088 „Ja, der bin ich, Dr. Gräsler ist mein Name. — „Freilich,
2979 2019 3114 2092 wahr,
1762 2061 2977 2117 Dr. Gräsler .. sie hat uns von Ihnen erzählt . .. ja. Und
1085 2061 1189 2125 von
537 2046 861 2138 [28. Fortsetzung.)
1341 2043 1727 2131 [Nachdruck verboten.]
3046 2071 3109 2129 Ke
1753 2108 2968 2159 ich will gleich nachsehen, ob es möglich ist, sie liegt nämlich zu
2980 2105 3106 2171 über
892 2108 1368 2194 Arthur Schnitzler.
1759 2139 2981 2218 Bette. Gestern ist sie erst zurückgekommen, sie wird sich wohl
2983 2155 3092 2212 war
1758 2177 2077 2248 erkältet haben.“
566 2175 1742 2244 Der Gedanke, so aufs Ungewisse hin hier in Wind und Regen
2980 2200 3138 2257 Augen,
1817 2201 2978 2285 Gräsler erschrak heftig. „Zu Bette? Seit wann?“ — „Sie
572 2234 1741 2289 schon fielen die ersten Tropfen — stundenlang auf und ab
2988 2245 3180 2301 Schnurrk
1757 2249 2975 2337 ist heute noch gar nicht aufgestanden. Es wird wohl auch ein
517 2279 1737 2328 zu laufen, war recht peinlich. Und nun begann er doch einer
2979 2284 3104 2341 Schar
1764 2304 2272 2365 wenig Fieber dabei sein.
517 2316 1743 2366 inneren Stimme Gehör zu geben, die sich schon längst schüchtern
1760 2308 2983 2407 hier gehabt, Frau Rebner?“ chon einen Arzt
2347 2349 3066 2420 „Ach, das Frühstück hat ihr nochDa
506 2364 1741 2413 gemeldet hatte: Wenn Katharina am Ende zu Hause wäre?
1762 2392 2971 2443 so gut geschmeckt, das geht schon vorüber. — „Vielleicht wür¬
519 2402 1739 2451 Vielleicht, daß sie früher aus dem Geschäfte fortgegangen war,
1760 2431 2968 2495 den Sie mir aber erlauben, da mich der Zufall eben hergeführt
509 2446 1743 2486 wenn das auch am ersten Tag na# ihrem Urlaub nicht viel
2977 2452 3066 2525 dan
1752 2477 2970 2528 hat, — ich denke Fräulein Katharina wird nichts dagegen
519 2487 1741 2536 Wahrscheinlichkeit für sich hatte. Oder ihr Urlaub war noch
1755 2516 2977 2585 haben.“ — „Nun ja, da Sie doch Arzt sind, es trifft sich vielleicht
513 2524 1746 2589 gar nicht abgelaufen, und sie verbrachte den letzten freien Tag
2968 2518 3051 2611 zu
1760 2555 1970 2618 ganz gut.“
510 2566 1739 2624 im Kreise der Familie. Er glaubte das alles selbst nicht recht,
2975 2581 3070 2637 wir
1813 2586 2967 2653 Und sie führte ihn durch ein ziemlich geräumiges, nicht er¬
507 2606 1739 2664 aber diese Erwagungen taten ihm wohl, um so mehr, als es ja
2973 2623 3120 2700 auche
1747 2631 2978 2693 leuchtetes Zimmer in ein kleineres, wo Katharina im Bette
506 2655 1733 2702 nicht übermäßig schwierig war, sich Gewißheit zu verschaffen.
3082 2669 3145 2723 Ja.
1760 2683 2971 2740 lag. Auf dem Nachtkästchen stand eine Kerze, von der ein
507 2685 1736 2746 Man bemühte sich einfach die drei Treppen hinauf und fragte
2978 2701 3153 2767 Gräsler,
3170 2712 3235 2761 un
1760 2729 2964 2782 Lichtschein über das feuchte, weiße Tuch flackerte, das vielfach
507 2733 1738 2793 oben beim Herrn Postbeamten Rebner, ob das Fräulein Tochter
2977 2750 3122 2809 er noch
1760 2772 2962 2843 zusammengefaltet auf Katharinens Stirn lag, so daß ihre
512 2782 1746 2824 nicht daheim wäre. Das würde kaum sonderlich auffallen.
2977 2793 3111 2846 er niu
1746 2820 2514 2872 Augen vorerst ganz unsichtbar waren.
516 2827 1738 2873 So genau nahm man es wohl nicht in einer Familie, wo das
2971 2828 3137 2888 ihrem
1813 2835 2969 2907 „Katharina“ rief Gräsler. Sie rückte das Tuch an¬
509 2867 1739 2914 Fräulein Tochter mit doppelt so viel Gepäck vom Lande zurück¬
2977 2870 3126 2934 Zwinke
1750 2891 2956 2956 scheinend mühsam von den Augen fort, die trüb erglänzten.
513 2913 1739 2961 kam, als sie abgereist war. Und wenn sie nicht zu Hause war,
2984 2918 3189 2975 seiner Fre
1763 2951 2963 3013 „Guten Abend“, sagte sie mit einem schwachen Lächeln, doch
517 2946 1737 2994 so erfuhr man vielleicht bei dieser Gelegenheit, unter welch
2969 2960 3201 3018 erklärte Gr
1753 2979 2069 3036 wie abwesend.
506 2989 1742 3033 einem Vorwand sie den Abend außer Haus verbrachte. Und
2981 2999 3217 3059 bleiben wer
1806 3000 2958 3078 „Katharina!“ Er stand an ihrem Bett, entfernte hastig die
508 3029 1749 3080 wenn sie daheim war, nun, um so besser, da war ja alles schön
2964 3043 3229 3100 bedeutungsv
1754 3067 2958 3109 Decke von ihrem Hals, schob das Hemd von ihren Schutern
506 3075 1736 3129 und gut, da hatte man sie eben gleich wieder und machte alles
2972 3086 3284 3143 so vermöchte er
1749 3108 2962 3162 weg und eine dunkle Röte zeigte sich. Das Fieber schien sehr hoch
510 3113 1743 3169 Nötige für morgen, übermorgen und die nächsten Tage mit ihr
2978 3124 3335 3188 erste Anzeichen un
1759 3153 2964 3206 gestiegen, die Abgeschlagenheit war beträchtlich, und so bedurfte
504 3152 1738 3210 ab. Denn dann war ja alles unsinnig, was ihm durch den
3038 3169 3347 3244 „Nun, Katharis
1749 3188 2962 3234 es für Gräsler keiner eingehenderen Untersuchung mehr, um
510 3200 1738 3249 Kopf gegangen war. Dann hatte er nichts zu tun, als ihr inner¬
2971 3198 3341 3283 tretend, „du kann
1747 3230 2958 3288 Katharinens Erkrankung als Scharlach zu erkennen. Und ihre
515 3244 1736 3297 lich abzubitten, was er ihr zugemutet in seiner erbärmlichen
2973 3256 3343 3317 nicht jede. „Aber,
1750 3279 2961 3332 eine Hand in der seinen haltend, tief bedrückt, sich wie ein
513 3282 1741 3334 Laune, an der eine andere viel mehr Schuld trug als sie. So
2983 3297 3339 3365 „das will ich Ihn
1757 3314 2957 3371 Schuldiger fühlend, sank er auf den Sessel neben dem Bett hin.
511 3315 1738 3364 stand er mit den besten Gesinnungen für sie vor der
2980 3337 3345 3401 Leute. Wenn sie
1816 3360 2963 3409 In diesem Augenblick kam der Vater heim, und schon in
503 3357 838 3422 Wohnungstür.
2971 3381 3345 3438 nur zu Gast bei L##
1755 3396 2957 3458 der Türe rief er: „Aber, Kinder, was macht ihr denn für Ge¬
584 3386 1737 3461 Er klingelte; eine kleine ältliche Frau im Hauskleid,
2967 3420 3352 3486 das Billet hin un
1750 3440 2950 3487 schichten? So habt ihr also wirklich einen Doktor —“ Seine
509 3440 1743 3512 mit vorgebundener Küchenschürze öffnete und sah ihn ver¬
2965 3467 3340 3541 Seine Frau verw
1749 3481 2955 3543 Frau trat ihm entgegen. „Nicht so laut,“ sagte sie, „der Kopf
504 3488 818 3543 wundert an.
2965 3510 3334 3569 Wohnzimmer, da
1746 3525 2960 3572 tut ihr weh. Es ist ja der Doktor, den sie draußen bei Lud¬
578 3518 1743 3597 „Verzeihung“ sagte Gräsler, „ich bin hier recht bei Herrn
2971 3550 3341 3630 Katharina mit ihr
1744 3572 2268 3627 milla kennen gelernt hat.“
511 3568 1667 3623 Postbeamten Rebner?“ — „Gewiß, ich bin seine Frau.
519 3611 866 3670 „Natürlich. Ja.
1812 3609 2921 3671 „Ach so,“ sagte der Vater nähertretend, „das freut mich i
864 3618 1738 3666 Ich möchte gern — ich wollte nämlich fragen,
518 3656 1741 3718 ob ich vielleicht ein Wort mit Fräulein Katharina sprechen
1752 3631 2994 3728 sehr, Ihre werte Bekanntschaft zu machen. Ja, sehen Sie,
3365 2477 3430 2509 Sch
