3436 4256
1740 166 2126 252 box 4/9
1189 169 1591 236 Badearzt
197 171 1126 239 29. Doktor Graesler
410 207 1602 276 K en ie . Berenene aen. Cn an de h. un en K eee ene en eenenen
415 534 790 613 Advertiser
423 585 970 674 Huntington  a
1409 642 1501 708 R
1374 678 1838 763 Saturdav. Aunril 19
457 649 837 764 MAR 30 1930
1510 775 1911 830 A Schnitzler Classic.
385 780 1052 853 PUBLISHING HOUSE
1359 796 2063 881 ·DR.) GRAESLER,“ by Arthur Schnitzler.
1372 831 1974 903 Pages 176. Simon & Schuster. 81.50.
441 843 1080 921 T0 RE-ISSUE B00K
1372 887 2045 956 Hw well vappreciated is the plain,
406 915 1088 991 Publisbed here originally in 1923.
1351 917 2043 994 wholesome, unmelodramatic presenta¬
379 955 1084 1024 Dr: Gracsier,“ by Arthur Schnitzler
1350 961 2045 1029 tion of human experience is evidenced
381 1000 1085 1062 has for some years been unobtain¬
1350 1007 2046 1055 no better than by the revival of this
1354 1037 2041 1096 book, first published in 1923. Since
377 1040 1087 1094 able. The Inner Sanctum of Simon
1346 1065 2051 1127 then Schnitzler’s novelettes have given
379 1079 1085 1125 and Schuster will republish this re¬
1348 1101 2048 1158 him a high place in the literary world
384 1114 1107 1182 markable character study on April
1353 1140 2045 1187 without regard to continents, and Dr.
376 1164 471 1216 17.
1352 1163 1500 1209 Graesler
1502 1175 2044 1224 appears in an edition uni¬
1343 1192 2038 1250 form with the Austrian's other works.
1378 1241 2053 1284 It is the simplicity of expression that
1335 1275 2051 1318 beguiles,—that, together with his easy
1332 1301 2050 1349 analysis of character, Dr. Graesler is
1344 1335 2039 1388 one of the men of 50 years of age or so
1339 1366 2038 1423 who have served well in their profession
1338 1394 2033 1457 but have come to think that days are
1342 1430 2045 1496 hastening. And he has been denied
1334 1462 2027 1512 amatory happiness. His nature is of
1330 1493 2029 1562 the kind for depths of passion, but the
1329 1524 1932 1586 depths never have been sounded.
1371 1561 2041 1629 The manner in which three young
1330 1594 2028 1651 women, after that, successively enter
461 1584 679 1664 Press
1331 1632 2015 1689 Into his life, the sadness of each in¬
1320 1663 2022 1720 eident and at last his happiness with
460 1652 873 1727 Cleveland 0
1330 1687 2032 1748 the littlé daughter of a widow whom
1322 1727 2014 1784 he marries, all his love centering in the
476 1704 860 1805 APR 15 1930
1322 1757 1617 1804 child, provide
1662 1766 2023 1824 story somewhat
1316 1796 2019 1862 melancholy, at times ironic, butgelassic.
409 1877 1061 1978 Dk. GRARCLER, hy Arthur
380 1930 1062 2034 Schnitzler, Englished by B. O. Slade
375 1957 1045 2048 (Simon & Schuster, 81.50). Re¬
382 2000 1060 2106 ealtion of & Aöver of character ihat.
367 2033 751 2115 has grown in favor.
1394 2285 1836 2369 Plain Dealer
1380 2346 1801 2425 Cleveland 0
1490 2391 1823 2499 o# 01930
1458 2481 1993 2556 Dr. Graesler'' Revived.
1415 2521 2058 2592 Vhlle we are speaking of transla¬
1370 2567 2067 2614 Itlo.: from the German, Arthur
1375 2600 2066 2659 Schr itzler’s little novel,“ Dr. Graes¬
1374 2631 2067 2682 ler“ must not be overlooked. It is
1380 2669 2068 2726 not new, even to American readers,
1385 2701 2067 2769 fer it was published here seven
1389 2732 2053 2780 years ago. But Simon & Schuster
1382 2770 2063 2835 have noted the growing popularity of
1395 2793 2060 2857 Schnitzler and the fact that many
1387 2830 2063 2886 readers find their libraries lacking
1396 2868 2065 2921 this volume, sc they have reissued it.
1382 2894 2053 2946 It is an engrossing character stüdy;
424 2877 1047 2955 Publishers feekly
1383 2924 2065 2997 not so dramatic, perhaps, as some of
521 2934 878 3016 Apr 19-30
1393 2961 2071 3026 the other novelettes, but a notable
1399 3005 1797 3056 creation nevertheless.
1432 3011 2068 3083 Kindness in a Corner“ by T. F.
401 3016 1219 3085 Arthur Schnitzler always has an appre¬
1400 3050 2081 3114 Powys (Viking Press) is a dellghtful
365 3067 1224 3135 ciative audience, that will welcome his
1389 3087 2078 3141 English novel of the sort referred to
352 3117 1220 3180 novel"Dr. Gracsler,?’ which has been un¬
1388 3122 2068 3192 as different.“ It is the story of a
1394 3153 2066 3212 quiet English village and its charm¬
361 3159 1206 3223 available for some time. A popular iilus¬
1391 3193 2067 3239 ling rector, and of how he was con¬
354 3206 1212 3263 trator, John Held, Jr., has both written
1394 3222 2067 3279 tinually bewildered and harried by
1392 3244 2077 3313 Ispiteful people who were determined¬
357 3251 1215 3306 and drawn the pictures for a very modern
1391 3288 2070 3348 to get him into trouble. Also of how
361 3301 1205 3361 brok of storics about the "Grim Youth'
1402 3323 2076 3390 temptations assalled him, a la St.
353 3351 1207 3416 of today. Negro folklore is all the rage—
1400 3354 2072 3416 Anthony, and of many other spright¬
1405 3389 2089 3451 Iy. provincial and poignant matters.
360 3388 1208 3459 here is a new volume containing the Negro
1400 3429 2087 3478 There is much humor of the kind the
354 3445 1219 3502 conception of creation in stories written
1398 3458 2083 3503 reviewers know as sly; Boccaccio in
1397 3484 2080 3538 a decorous garb. It is a book for a
359 3482 1211 3554 in the South Carolina Gullah dialeer by
1403 3523 2076 3592 summer day, or for a winter evening
356 3538 1211 3597 Stonep and Shelby. An account of pioncer¬
1433 3545 2084 3603 Pfor light and leisurely enjoyment
348 3589 1214 3629 ing, which departs from the usual, is
1405 3589 2022 3653 at anv scason. I recommend it.
363 3626 1207 3691 found in Sister Monica's, The Cross in
360 3674 1215 3723 the Wilderness,'’ the story of some Ursu¬
360 3720 1215 3783 line Sisters, who traveled to Ohio with the
363 3769 1215 3831 early immigrant wagon trains, and founded
352 3816 1217 3861 there a convent school, which has since
355 3860 1216 3918 become famous, Its main interest is not
353 3904 804 3974 religious but human.
2477 339 2679 419 Globe
2472 386 2872 471 Boston Mass
2430 461 2806 578 APR 26 1930
2374 627 2947 695 NEW EDITION OF AN OLD
2536 680 3081 744 NOVEL BY SCHNITZLER
2418 722 3071 785 Dr Graesler,“ by Arthur Schnitz¬
2376 773 3075 826 ler—Translated from the German by
2377 806 3067 834 E. C. Slade. This novel was first pub¬
2705 835 2736 858 0
2374 825 3076 895 lished here in 1923 and is one with
2367 870 3064 907 which Schnitzler enthuslasts are quite
2971 905 3067 942 nast
2380 905 2973 944 familiar. Unobtainable for the
2370 930 3068 998 few years, thei publishers offer this
2376 968 2547 1013 reissue.
2406 987 3103 1049 It is a character study of a middle-g
2377 1037 3070 1086 aged physician at a European health
2374 1071 3057 1113 resort who, in thie twilight of life,
2370 1099 3058 1153 seeks the love of a young woman. In
2374 1129 3055 1187 his travels he meets two other women,
3082 1169 3114 1210 (1
2365 1162 3064 1219 each appealing to a different side of
3075 1206 3109 1239 17
2368 1206 3061 1252 his nature. It secms to be a practice
2369 1234 3066 1279 of Schnitzler to strip life of all its
2369 1269 3078 1329 Illusions and" Dr Graesler'' is no en¬
2378 1295 3114 1357 ception. New York: Simon and Schus-
2371 1338 2480 1391 ter.
2559 1710 2637 1782 ew
2599 1766 2715 1840 uch
2464 3017 2522 3067 he
2464 3047 2575 3101 sister,
2470 3093 2572 3138 opens
2453 3124 2618 3177 tor thro
2445 3166 2657 3223 heavy nua
2463 3203 2680 3252 women, he
2455 3240 2856 3288 mind and will of the
3072 3240 3137 3292 lor-
2460 3273 2895 3330 less doctor. Here is hil
2993 3281 3158 3345 talent:
2928 3282 2964 3345 tr
2458 3311 2902 3367 the unity of his novel.
2490 3348 3166 3397 The cold dominance of Sabine, the
2442 3389 3162 3442 blithe, spirited Katharina, the care¬
2451 3430 3170 3480 less morality of Frau Sommer, the
2442 3462 3163 3514 strange woman that was his sister, all
2454 3501 3171 3553 center on the doctor. The book runs
2449 3517 3160 3593 the space of a year, with the major
2452 3576 3157 3617 action within a brief two months. No
2455 3595 3167 3666 persons or ineidents are wasted; no
2451 3636 3157 3695 words uttered that do not add more to
2458 3686 3146 3728 the clue of Dr. Graesler. Net at the
2454 3719 3154 3775 end, smoking still at his side, you will
2451 3761 3154 3812 know him only a little better as you
2455 3799 3148 3848 would a friend, would still be guessing
2443 3808 3152 3895 at the gaps betwcen his werds and
2439 3858 2618 3924 actions.
2678 3891 3112 3969 GERALD HOLLAND.
