3436 4256
1242 226 1649 321 Badearzt
252 238 1207 322 29. Doktor Graesler.
1792 230 2186 321 box 4/7
668 271 800 333 — a
1116 258 1352 334 r
1468 269 1666 342 AE
666 839 1125 1010 Nr. 113.
1598 820 3109 1053 Berliner Tageblatt.
511 988 1301 1078 Sonnabend, den 3. März 1917.
2771 1026 2966 1105 Aeeen
498 1065 3341 1135 1u900 a höhel Prristl verkrieben berden sollen. Die auf einer mittleren Linie einigen werden. Wenigstens braucht man und Abauerte, jetzt
2952 1115 3345 1179 die die Richtigkeit
498 1126 1744 1192 Reisenden, die kleine, für den Hausgebravh bestimmte Vorräte
1731 1130 2970 1183 im Augenblick nicht mit einem Abbruch der Verhandlungen zu rechnen.
504 1169 1740 1222 mitbrachten, blieben unbelästigt und ko inten die mitgebrachten
1740 1136 3362 1229 Vorerst läuft der alte Vertrag zwischen Aerztekammer und Stadt bis Papiere sollten sich
2959 1194 3335 1262 er erklärte, sie be
500 1209 1750 1261 Lebensmittel ohne veiteres mit nach Harse nehmen.) Sie dürfen
1736 1215 2971 1275 zum 15. d. M., und man wird auch darüber hinaus, so lange die
2967 1244 3322 1308 das Adelsprädikat
505 1255 1741 1312 das auch fernerhin tun. Um die Einfuhr von Kartoffeln hat sich
1741 1253 2967 1309 Einigungsversuche fortgesetzt werden, interimistisch unter den allen
2959 1280 3331 1343 Einspruch, den er
501 1284 1737 1356 das Kriegswucheramt nur insoweit bekümmert, als größere Vor¬
1738 1299 2970 1359 Verhältnissen weiteranbeiten. Das ist im Interesse der Krieger¬
2960 1325 3332 1395 berechtigten Führe
499 1336 1745 1392 räte ankamen, deren Empfänger nicht die Erlaubnis zu. Einfuhr
1736 1346 2971 1396 familien dringend wünschenswert, wenn auch die Aerzteschaft, wie
499 1378 1742 1439 von Kartoffeln nach Berlin hatten. Die Kontrolle auf dem Gör¬
1733 1374 3334 1443 wir hier bereits mitteilten, durch die immer wachsende Zahl der Fami= gezogen. Er hat
2962 1405 3324 1480 der sich nur selbst
507 1413 1735 1472 litzer Bahnyof erfolgte im Auftrage der Staatsanwaltschaft in
1737 1425 2959 1486 lien, während das festgesetzte Pauschalhonorar gleichgeblieben ist, nicht
503 1470 1742 1524 Kottbus. Dort sind größere Mengen Butter verschwunden, die
3017 1461 3341 1525 ells wir noch im
1738 1477 2970 1521 unerheblich benachteiligt ist. Die Aerztekamner hatte einen neuen
507 1504 1746 1564 man durch eine Untersuchung der Reisenden und ihres Gepäckes
2962 1485 3335 1563 Autolimusine zur ##
1735 1507 2975 1567 Vertrag verlangt, wonach pro Familie und Jahr (nicht wie
2965 1550 3333 1607 Tausende, wenn er
498 1541 958 1622 wiederzufinden hoffte.
1734 1552 2963 1613 irrtümlich berichtet war pro Besuch) 5 Mark ausgeworfen werden soll¬
1076 1583 1165 1648 *
2962 1588 3327 1648 coups zu „landen“.
1731 1593 2971 1648 ten. Die dadurch nicht unerheblichen Mehrkosten weigert sich bis jetzt
2972 1631 3337 1687 der Rennbahn zu se
558 1625 2977 1681 Wie wir erfahre, hat der Präsident des Kriegsernährungsamtes die Stadt zu bewilligen; und sie trägt sich mit dem Gedanken, statt
2957 1661 3340 1734 einem Rentag zum
495 1686 2963 1753 die Freigabe der Gemüsekonserven, soweit sie bei den der ärztlichen Versorgung in natura eine Geldent¬
2964 1707 3343 1779 gab Unsummen in
1736 1719 2965 1785 schädigung den betreffenden Familien zu gewähren Abgesehen von
502 1727 1748 1786 Groß= und Kleinhändlern lagern, bereits angeordnet. Die Ausgabe
2975 1751 3333 1814 seiner Sportfreund
1744 1746 2970 1822 all den hier schon erwähnten Unzuträglichkeiten würden durch die
502 1769 1745 1829 soll nur durch die Kommunen auf Lebensmittelkarten erfolgen. Jeder
2962 1793 3337 1863 sich Croßmann auf
1739 1811 2968 1857 erforderlichen Kontrollmaßnahmen die Unterstützungskommissare über¬
512 1815 1744 1868 Einwohner, der bei der Ausgabe der konservierten Gemüse (eine
2967 1840 3332 1907 strickte, einen Aus
1746 1844 2975 1922 mäßig belastet werden. — Vielleicht ließe sich, wie das in einigen
513 1851 1745 1903 1/ Büchse enthält etwa zwei Pfund) nichts erhalten kann, soll als
1766 1906 1888 1980 S
2978 1955 3339 2033 Gasthöf, vo man
1739 1974 2981 2032 ich dich wieder?“ fragte er, als der Wagen auf Katharinens
2964 2011 3305 2069 nicht behelligt
1746 2018 2971 2077 Wunsch in einiger Entfernung von ihrem Wohnhaus hielt.
500 1977 1746 2124 Doktor Gräsler, Badearzt
2972 2055 3345 2117 man nachher sch
1737 2060 2979 2113 Sie versprach ihm, morgen abend zu kommen. Dann stieg
1745 2101 2970 2168 sie aus, bat ihn, sie nicht bis zum Tor zu begleiten, und
1005 2106 1262 2198 Erzählung
1745 2144 2524 2215 verschwand im Schatten der Häuser.
1335 2156 1729 2240 [Nachdruck verboten.]
1071 2175 1208 2231 von
524 2156 876 2237 18 Fortsetzung.]
3029 2173 3227 2256 Kaum he
1801 2184 2981 2244 Am nächsten Morgen verspürte Dr. Gräsler keinerlei
881 2207 1379 2291 Arthur Schnitzler.
1745 2231 2984 2289 Neigung, das Spital zu besuchen; doch ale er später unter einer
2968 2176 3127 2327 ehann
1747 2283 2975 2335 kühlen, klaren Herbstsonne zu einer Tageszeit, da andere Leute
911 2277 1751 2358 ruhig, aber ohne ihn anzublicken:
562 2264 917 2357 Sie erwiderte
2966 2320 3111 2369 gemag
1740 2325 2972 2373 ihrem Berufe nachgingen, im Stadtgarten herumspazierte,
921 2328 1746 2390 Er setzte sich näher zu ihr und
519 2319 908 2396 „Warum nicht?“
2965 2358 3109 2414 trat #
1746 2365 2978 2413 meldeten sich in ihm leise Regungen des Gewissens, als wäre
1456 2361 1745 2428 Sie wehrte
516 2353 1453 2436 legte seinen Arm leise um ihren Hals.
2970 2383 3114 2453 ob der
1744 2411 2966 2455 er nicht nur sich selbst, sondern auch jemandem anderen
1378 2403 1751 2464 Er stand auf,
518 2412 1364 2461 es ab, was ihm nicht übel gefiel.
2969 2437 3121 2495 aus d
1749 2447 2982 2506 Rechenschaft schuldig, und er wußte daß diese andere Sabine
510 2449 1753 2519 entschloß sich, Katharina von nun an vollkommen als Dame
2966 2481 3128 2530 leins
1750 2486 2978 2549 war. Der Gedanke an die Anstalt des Dr. Frank drängte
519 2491 1755 2571 zu behandeln, und bat höflich um die Erlaubnis, sich eine
2965 2522 3113 2579 Gräsl
1756 2521 2977 2584 rrötzlich mit Macht sich wieder auf; Gräsler überdachte allerlei
517 2536 1750 2613 Zigarre anzünden zu dürfen. Dann, rauchend, und im
2967 2561 3105 2620 eine
1754 2561 2979 2628 bauliche Aenderungen, erwog die Errichtung neuer Bade¬
514 2579 1750 2639 Zimmer auf und ab wandelnd, sprach er ernst und mit Be¬
3020 2602 3127 2658 e nich
1747 2615 2986 2668 räume, entwarf Prospekte in Worten von überzeugender Kraft,
517 2620 1756 2679 ziehung von dem seltsamen Lauf der menschlichen Tage,
2975 2642 3116 2706 besuch
1745 2653 2974 2704 wie sie ihm bisher noch niemals so verwegen zugeströmt waren.
509 2651 1752 2718 deren man auch nicht einen vorher zu berechnen imstande
2981 2692 3094 2741 der
1748 2691 2984 2755 und schwor sich zu, daß er in derselben Stunde, in der von
524 2694 1760 2755 sei, erzählte dann von all den Orten im Norden und im
2970 2729 3086 2785 tätig
1762 2740 2980 2790 Sabine eine Nachricht käme, zurückreisen und die Sache in
514 2738 1767 2798 Süden, wohin sein Beruf ihn schon geführt hatte, und ließ
2969 2774 3088 2827 noch
1752 2775 2981 2831 Ordnung bringen werde. Wenn sie aber auch seinen letzten
513 2788 1752 2838 dahingestellt, wohin er ihn wohl noch fuhren könnte; im
2978 2818 3065 2867 läu
1755 2829 2980 2881 Brief unbeantwortet ließe, dann war alles zu Ende, zumindest
520 2824 1759 2881 Reden blieb er zuweilen neben Katharinen stehen, die Datteln
1751 2859 2977 2927 zwischen ihm und ihr. Denn auch den Kauf des Sanatoriums
2961 2858 3048 2922 Fr
509 2855 1748 2920 und Nüsse aß, und legte sachte die Hand auf ihr braunes
1748 2908 2977 2981 ausschließlich von Sabinens Verhalten abhängig zu machen,
520 2910 1762 2970 Haar. Katharina, die ihm mit Teilnahme, und zuweilen
1753 2951 2978 3003 dazu lag kein Grund vor, und es wäre wahrhaftig kein übler,
517 2947 1763 3017 durch wißbegierige Fragen ihn unterbrechend, zuhörte, ließ
1755 2992 2973 3044 ja sogar ein etwas verteufelter Gedanke, mit einer anderen
513 2985 1760 3041 manchmal ein sonderbares wie spöttisches Aufleuchten der
2980 2991 3057 3075 10
1753 3029 2982 3085 Frau Direktorin in das herrlich umgestaltete Gebäude Einzug
516 3037 1749 3094 Augen merken, was den Doktor dann immer wieder ver¬
2973 3068 3064 3120 die
1753 3061 2981 3129 zu halten — womöglich mit einer, die ihn nicht just für einen
513 3074 1762 3138 anlaßte, noch beflissener und sachlicher in seinen Reden fort¬
2981 3104 3167 3167 zu haber
1749 3120 2981 3174 egoistischen, pedantischen, langweiligen Gesellen hielt, wie eine
522 3115 1761 3178 zufahren. Als die Wanduhr Mitternacht schlug, erhob sich
3206 3027 3328 3209 0
2972 3146 3225 3206 zeiten nicht
1758 3161 2976 3218 gewisse andere junge Dame. Er lächelte vor sich hin. Wenn
520 3162 1762 3222 Katharina, als wäre es das unwiderrufliche Zeichen zum Auf¬
2975 3182 3330 3251 Holztreppe hittau
1763 3201 2978 3250 es ihm etwa beliebte, Fräulein Katharina hierzu auszuersehen,
519 3196 1754 3252 bruch; und Gräsler tat recht ungehalten, obwohl er in der
2977 3233 3332 3295 durch das schräg
1765 3238 2977 3290 dann dürfte ihn wohl niemand mehr für einen Pedanten oder
523 3240 1755 3292 Tiefe seiner Seele eine gewisse Erleichterung verspürte Bevor
2977 3267 3321 3334 Gräsler sich mi
1759 3286 2970 3332 Philister halten. Er ließ sich auf einer Bank nieder. Kinder
512 3271 1762 3349 Katharina ging, räumte sie den Tisch ab, stellte die Sessel
2974 3320 3322 3366 flüssiger, vergef
1753 3326 2975 3375 liefen an ihm vorüber. Im gelblichen Laub flossen herbstliche
525 3316 1767 3390 zurecht und machte Ordnung im Zimmer. In der Türe,
2974 3359 3332 3417 Winkeln, die Mit
1753 3362 2972 3412 Steahlen hin. Von einer fernen Fabrik her tönte das Mittags¬
523 3380 1762 3433 ganz plötzlich hob sie sich auf die Fußspitzen und reichte dem
2977 3400 3346 3456 Der erste, den G#
1758 3403 2980 3468 zeichen des Nebelhorns Heute abend, dachte er. Heute abend!
525 3411 1767 3477 Doktor die Lippen zum Kuß. „Weil Sie so brav gewesen
2973 3440 3317 3497 alte Vorhänge
1757 3434 2976 3500 Steigt die Jugend noch einmal auf? Ist es denn noch an der
530 3447 1772 3519 sind,“ sagte sie dann, und in ihren Augen blitzte es wieder
2968 3476 3330 3546 nicht daran dach
1759 3478 2981 3546 Zeit für solche Abenteuer? Sollte man nicht doch auf der Hut
536 3496 1768 3549 sonderbar spöttisch auf. Sie gingen die Treppen hinunter
2975 3513 3341 3586 machen, ließ den
1756 3519 2974 3585 sein? Fortreisen? Gleich ganz fort — das nächste Schiff
531 3528 1767 3602 im Schein einer flackernden Kerze die Gräsler vorantrug.
2967 3559 3326 3628 sargartige Kiste,
1770 3573 2988 3626 nehmen und nach Lanzerote? Oder zurück — zu Sabine? Zu
538 3562 1763 3630 An der nächsten Ecke stand ein Wagen, Gräsler stieg mit
2976 3593 3342 3674 Inhalt vermuten
1766 3602 2984 3671 dem Wesen mit der reinen Seele? Hm! Wer weiß, wie sich
535 3614 1767 3673 Katharina ein, sie lehnte sich an ihn, er umschlang ihren
2979 3655 3337 3712 vor sich liegen
1763 3643 2982 3708 ihr Leben gestaltet hätte, wenn ihr im gegebenen Moment der
533 3663 1758 3717 Hals; und so fuhren sie stumm durch die nächtlichen Straßen,
2973 3682 3342 3752 schlägen, größer
1764 3699 2982 3764 Richtige begegnet wäre — nicht gerade ein unverschämter
529 3699 1757 3756 bis, schon in der Nähe von Katharinens Wohnhaus. Gräsler
2981 3728 3335 3805 auf einem dieser
2766 3726 2984 3792 Er erhoh
524 3731 2704 3797 das junge Mädchen heftiger an sich zog und ihr Mund und Tenor oder ein kopfhängerischer Medizinmann
524 3771 3013 3859 Wangen mit leidenschaftlichen Küssen bedeckte. „Wann sehl sich und begab sich zunächst zum Mittagessen in den vornehmen!
