3436 4224
266 184 490 266 29.
1261 176 1690 253 Badearzt
481 174 1206 253 Doktor Graesler
482 174 2218 306 aiLt box 4/9
1862 690 2306 869 Ku0
1252 731 1765 874 # Zac
1454 831 2395 914 1918 — Literarischer Handweiser — Nr. 1/2
1052 845 2761 962 —ATAAATAAAA
1920 929 2779 993 Jakob Schaffner mit den Romanen „Das
1055 939 1920 1016 (Leipzig, L. Staackmann; geb. 5.50); E. Clausen,
1927 974 2769 1045 Schweizerkreuz“ (Berlin, Gebr. Paetel; 4.—)
1063 999 1904 1058 „Das Haus am Markt“ (Leipzig, Grunow;
1914 1013 2773 1074 u. „Der Dechant von Gottesbüren“ (Ber¬
1061 1038 1920 1099 geb. 5.—; harmloser Humor); M. Hart, „Der
1929 1062 2785 1124 lin, S. Fischer; geb. 5.—). Zwei gutgeleitete
1058 1078 1923 1148 Hahnim Korb“ (Stuttgart, Greiner & Pfeiffer;
1930 1105 2782 1158 Schweizer Sammlungen sind „Schweizerische
1061 1127 1913 1187 geb. 5.50; bestes Elsässertum); E. Reinacher,
1934 1149 2792 1209 Erzähler“ (Frauenfeld, Huber & Co.) und
1067 1167 1917 1237 „Die arme Elisabeth“ (Straßburger Druckerei
1938 1197 2777 1268 „Die stille Stunde" (Zürich, Orell & Füßli).
1069 1210 1912 1272 u. Verlagsanstalt; 3.—; auch elsässisch, aber mehr
1940 1242 2783 1301 — Don histor. Romanen nenne ich: U. Gjelle¬
1061 1266 1917 1313 artistisch); K. Hesselbacher, „Daheim ge¬
1931 1275 2786 1343 rup (deutsch schreibender Däne), „Der goldene
1062 1299 1914 1356 blieben“ (Heilbronn, Salzer; 1.— u. 2.50; von
1924 1344 2787 1382 Zweig“ (Leipzig, Quelle & Meper; 6.—), aus
1064 1339 1916 1398 einem protest. badischen Pfarrer); H. Raithel,
1933 1367 2779 1442 der Zeit des Tiberius, ein sauber gestaltetes Alters¬
1070 1396 1915 1455 „Die Stieglhupfer“ (Leipzig, C. F. Amelang;
1938 1423 2792 1473 werk; W. Jansen, „Das Buch Treue“ (Ham¬
1070 1430 1920 1489 geb. 5.50; recht erfreulich); H. Rephing, „Bur¬
1937 1461 2790 1516 burg, Janssen; 6.—), ein alldeutsch aufgeputzter
1073 1484 1914 1548 renhardter Leut“ (Stuttgart, Strecker & Schrö¬
1931 1506 2790 1569 Nibelungenroman; J. Karwath, „Das schle¬
1066 1517 1920 1593 der; geb. 5.50; Geschichten aus der Rauhen Alb
1944 1543 2786 1613 sische Fräulein“ (Berlin, C. Fleischel & Co.; geb.
1068 1571 1920 1619 von einem vielversprechenden evang. Lehrer);
1929 1597 2792 1659 5.50), aus der Zeit der Befreiungskriege (ernst zu
1063 1619 1919 1665 A. Supper, „Känze“ (Heilbronn, Salzer;
2176 1624 2231 1676 15
1942 1634 2798 1702 nehmen); A. müller=Guttenbrunn, „Joseph
1113 1653 1922 1712 .— u. 2.50) u. „Der Herrensohn“ (Stutt¬
1935 1680 2798 1740 der Deutsche“ (Leipzig, L. Staackmann; geb. 6.—),
1080 1698 1932 1762 gart, Deutsche Verl.=Anst.; geb. 5.—; immer
1944 1716 2803 1778 eine maßvolle Verherrlichung der Aufklärung; der
1080 1745 1925 1807 noch auf voller Schaffenshöhe); A. Berend, „Die
1937 1771 2793 1829 Roman „Sergeant Feuerstein“ (Berlin,
1072 1784 1928 1839 zu Kittelsrode“ (München, A. Tangen; geb.
1933 1812 2790 1873 Grote; 4.50) von J. v. Lauff ist üble Mache
1174 1830 1925 1888 ; schon ein wenig ins Mondäue spielend);
1943 1850 2804 1914 mit Spekulation auf die Kriegsstimmung. — Zwei
1081 1872 1929 1931 M. Sick, „Schritte in der Nacht“ (Stutt¬
1945 1898 2801 1960 Ausländer müssen noch erwähnt werden, weil sie
1074 1930 1932 1984 gart, Steinkopf; geb. 4.50; eine innerliche Natur);
1946 1931 2805 2001 in deutschen Übersetzungen viel verbreitet werden:
1079 1960 1929 2027 M. Möller, „Die Gartensonate“ (ein
1939 1985 2791 2047 Flauberts Jugendbekenntnisse „November“.
1071 2000 1933 2068 wenig weich); B. Finckh, „Inselfrühling“
1950 2036 2806 2095 (Leipzig, Kurt Wolff; geb. a.50), die jetzt — gegen¬
1080 2052 1938 2103 (Stuttgart, Strecker & Schröder; geb. 2 —; ein
1949 2077 2800 2137 den ausgesprochenen Willen des Derf. — aus Sen¬
1076 2091 1945 2147 köstliches Bodenseebuch); M. Jungnickel, „Ins
1957 2121 2793 2183 sationslust auf den Markt geworfen werden, sind
1074 2131 1937 2198 Blauehinein“ (München, Wiechmann; geb. 4.—;
1950 2170 2798 2223 so durch und durch unsittlich, daß nicht scharf genug
1091 2182 1935 2238 noch unausgegoren); H. Kurz, „Das Glück in
1952 2205 2797 2279 vor ihnen gewarnt werden kann; dagegen ist der
1087 2226 1935 2278 der Sackgasse" (Leipzig, Quelle & Meper;
1941 2259 2807 2320 erste Ceil von Maxim Gorkis Selbstbiographie
1092 2277 1942 2328 5.—). Hieran reiht sich ungezwungen die im all¬
1953 2295 2793 2355 „Meine Kindheit“ (Berlin, Ullstein & Co.;
1086 2315 1939 2371 gemeinen tüchtige Schweizer Heimatdichtung, von
1946 2339 2805 2405 geb. 5.50) ein rundes Kunstwerk nicht nur, son¬
1093 2354 1945 2416 der genannt seien: Meinrad Lienert mit
1953 2382 2796 2438 dern auch eine Quelle der Erkenntnis der russi¬
1083 2402 1949 2455 dem gesunden „Das Gesichtlein im Brun¬
1954 2425 2791 2487 schen Dolkssoele. — Das eigenartig schöne, sprach¬
1079 2458 1935 2502 nen“ (Frauenfeld, Huber & Co.; 5.80); Jo¬
1954 2474 2806 2526 lich gewählte Legendenbuch „Der Eine u. die
1090 2492 1946 2557 seph Reinharts frische „Geschichten aus
1948 2521 2800 2571 Welt“ (München, G. Müller; geb. 6.—) von
1092 2530 1918 2591 der Sommerhalde“ (Bern, A. Francke; 5.—):
1946 2553 2798 2613 K. Röttger läßt bedauern, daß dieses dankbare
1093 2584 1944 2630 A. Latzko, „Menschen im Krieg“ (Zürich,
1949 2609 2797 2670 Feld von Katholiken nicht fleißiger angebaut wird.
1097 2620 1943 2679 Rascher & Co.; 8.—; eine der nachdenklichsten
1993 2644 2800 2701 Wenn ich zum Schlusse noch den von H. H.
1087 2667 1939 2716 Kriegsdichtungen); dann als die drei besten:
1952 2680 2806 2750 Bormann hrsg. Almanach kath. Dichter, „Die
1095 2707 1941 2758 H. Christaller, die gläubige Christin, mit
1960 2733 2806 2801 Standarte“ (Saarlouis, Hausen; geb. 2.50),
1094 2752 1946 2816 „Drei Schicksale" (Zürich, Friedr. Reinhardt;
1959 2776 2798 2853 erwähne, der neben Drosastücken auch viel Lpri¬
1088 2795 1955 2854 5.80); der spmpathische E. Zahn mit dem ein
1959 2822 2802 2886 sches enthält, so wäre damit der Übergang zur
1101 2853 1947 2896 wenig problematischen Roman „Die Liebe des
1959 2864 2803 2931 Tprik gegeben, deren 1917er Ertrag aber ebenso
1101 2883 1948 2938 Severin Imboden“ (Stuttgart, Deutsche Derl.=
1961 2911 2813 2979 wie der dramatische aus Raumrücksichten auf ein
1094 2930 1942 2988 Anst.; 4.—) u. der edelschlichten Erzählung „Nacht“
1953 2965 2627 3042 späteres Heft verschoben werden muß.
1097 2977 1944 3048 (ebd.; 4.50); schließlich der eigenwillige, aber starke
2003 3044 2717 3140 Codex juris canonici.
1198 3045 1995 3153 Zum Inkrafttreten des
1946 3127 2293 3197 Hilling (Bonn).
1641 3132 1944 3202 Don Nikolaus
1958 3168 2802 3233 in Kraft. Mit feinem Verständnis hat das Ober¬
1135 3185 1955 3249 Der Ofingstsonntag (19. Mai) dieses Jahres ist
1966 3219 2808 3281 haupt der katholischen Kirche beide Ereignisse unter
1098 3230 1955 3300 für die katholische Kirche ein bedeutungsvoller Cag.
1965 3261 2809 3339 den besondern Schutz des Heiligen Geistes gestellt.
1103 3287 1949 3356 Der am gleichen Feiertage des verflossenen Jahres
1098 3329 1943 3388 (22. Mai 1917) von Hapst Benedikt XV. durch
1968 3342 2820 3401 sind noch zwei andere Textausgaben in kleinerem Format
1097 3374 1945 3437 die Bulle Providentissima Mater Ecclesia promul¬
1968 3383 2817 3434 u. eine größere Ausgabe mit den Quellenstellen u. einer
1952 3413 2821 3479 Vorrede des Kardinals Gasparri erschienen. Infolge
1099 3416 1949 3473 gierte Codex iuris canonici tritt an diesem Tage
1956 3442 2825 3496 der Schwierigkeiten, während des Krieges die römischen
1967 3477 2814 3535 Ausgaben nach Deutschland zu bringen, wurde das Ab¬
1171 3479 1955 3552 Codex iuris canonici Pli X Pontificis Maximi
1959 3518 2815 3570 drucksrecht den Verlagen Herder in Freiburg i. Br. u.
1105 3538 1948 3587 iussu digestus, Benedicti Papae XVanctoritate pro¬
1965 3543 2810 3609 Pustet in Regensburg vom Datikan übertragen (vgl. die
1111 3581 1947 3622 mulgatus. Romae 1017, Typis Polyglottis Vaticanis.
1967 3587 2802 3638 Doranzeige auf Sp. 55 dieser Nummer). — Über einige
1104 3605 1951 3662 Die erste Ausgabe erschien in den Acta Apostolicae
1116 3619 2813 3710 Sedis, Annus IX, Volumen IX, Pars II. Außerdem wichtige Schriften zum Codex iur. can. vgl. Sp. 15ff.
