3436 4224
1230 165 1639 239 Badearzt
231 164 1121 263 29. Doktor Graeslen
425 189 1665 273 LETAT
142 442 533 505 üdto vom Süpssen¬
538 441 1589 501 gepruche unt Russer=Lih und Erse Glrekberg gegere..
541 482 1754 553 Admiralstheater bringt „Hans im Glück mit Hedda Vernon;
142 488 541 544 300 Mark Geld¬
548 527 1756 600 die Biophon=Theater zeigen den Detektivfilm „Die leere
133 524 529 581 eine Anzahl von Zent¬
542 561 824 621 Wasserflasche“.
136 566 536 623 has mussig gewordenen
149 606 536 658 e verkauft, und zwar
590 621 1756 692 Im Mordprozeß gegen die Zigenner Ebender wurde, wie
134 648 529 694 ch zugelassenen
542 669 1756 727 uns ein Privat=Telegramm meldet, gestern die Beweisaufnahme
135 673 530 733 strafkammer des Land¬
535 704 1759 753 beendet. Es wurden insgesamt 55 Schuldfragen gestellt, die bei
139 713 532 770 ung mit dem Schöffen¬
547 753 1756 796 allen drei Angeklagten auf Mord an dem Förster Romänus
138 759 528 802 nur für die Kolonial¬
543 782 1516 838 lauten. Die Verhandlung wurde auf morgen vertagt.
144 792 535 842 ie ihr Mehl überhaupt
589 814 1756 873 Schachturnier in Warschau. Ein interessantes Schachturnier
130 829 538 884 stigrat Broh mit der
131 869 522 916 Fergericht die Begrün¬
548 848 1760 919 hat am 6. März in Warschäu begonnen. Es beteiligen sich an ihm
132 898 525 956 nzelverkauf ein Preis
549 898 1758 949 außer dem Großmeister Rubinste in noch folgende, in der Schach¬
142 944 520 994 inzelverkäufer gelten;
536 924 1756 993 welt wohlbekannte Meister: Flamberg, Lowtzkv Kleczynski. Langleben
549 967 1752 1049 und Belsitzmann. Jeder spielt mit jedem zwei Partien mit wechselndem
134 978 518 1032 Preis zu gestatten, als
548 1013 704 1065 Anzuge.
138 1015 537 1067 rs zurückführen. Eine
130 1049 535 1104 rhaupt nicht verkanken
588 1046 1750 1117 Zeitgemäßes „Honorar“ einer Künstlerin. In einer größe¬
125 1091 522 1157 e Urteil auf. Es war
542 1109 1755 1150 ren Stadt Mährens war, wie uns berichtet wird, bei einer Dilettanten¬
137 1128 528 1183 eblicher Unklar¬
540 1151 1762 1198 vorstellung eine beliebte Künstlerin aus Brünn als Gast aufgetreten.
138 1157 535 1227 Verhandlung an das
542 1190 1760 1250 Als „Honorar“ erhielt sie: 1½ Kilo Butter, 1 Kilo Mohn, 60 Stück
551 1236 1748 1288 Eier, 4 Kilo weißes Mehl, 6 Lungenwürste, 6 andere Würste, 1 Kilo
533 1272 599 1350 ###
819 1294 1644 1350 ODr AKKTA EREME E
548 1351 1760 1412 Sabinens Bild in seiner Seele auf. Es fiel ihm ein, daß ihn
541 1404 1759 1440 nun nichts mehr abhielt, schon heute mit dem Abendzug abzu¬
140 1354 529 1494 adearzt
540 1443 1748 1501 reisen, und daß er schon morgen früh Sabine wiedersehen
547 1481 1755 1526 könnte. Doch ließ er diesen Gedanken wieder fahren, weil er
547 1525 1754 1579 sich scheute, der Ersehnten nach einer vielleicht schlaflosen Nacht¬
141 1548 513 1633 [Nachdruck verboten.]
543 1568 1763 1616 reise müd gegenüberzutreten, und so beschloß er die gewonnene
550 1610 1758 1664 Zeit lieber zur Abfassung eines Briefes zu benützen, der seinen
545 1652 1763 1707 Besuch ankündigen und in günstiger Weise vorbereiten sollte.
141 1677 531 1746 der nur ein Gedeck
544 1689 1760 1742 Aber als er vor dem Schreibtisch saß, die Feder in der Hand,
542 1734 1757 1777 wollte ihm auch nicht ein Satz gelingen, der den Zustand seines
141 1733 526 1786 und bemerkte mit
541 1769 1753 1831 Innern auch nur annähernd auszudrücken vermocht hätte,
135 1774 527 1836 ns daß auf Anord¬
542 1815 1758 1876 und er begnügte sich mit den wenigen, aber groß und gleich¬
145 1821 527 1876 ließe, sie selbst den
543 1856 1757 1917 sam leidenschaftlich hingeworfenen Worten: „Morgen abend
144 1858 527 1919 schien sie so zu er¬
541 1904 1753 1954 bin ich bei Ihnen. Ich hoffe gütigen Empfang. In Sehnsucht
146 1901 533 1960 z, er aber ging rasch
540 1945 1752 1991 E. G. Dann faßte er ein Telegramm an Doktor Frank ab
134 1946 534 2001 hlossenen Brief Ka¬
541 1982 1757 2034 des Inhalts, daß er morgen früh ankäme und in seiner Woh¬
146 1985 525 2048 : „Mein lieber, mein
542 2025 1756 2075 nung Bescheid zu finden wünsche, ob mit den Bauarbeiten am
129 2025 534 2084 dir. Ich werde viel
543 2065 1759 2115 fünszehnten November begonnen werden könne. Er beförderte
133 2069 529 2128 du morgen fortreist,
543 2109 1754 2162 Brief und Telegramm persönlich zum Amt, begab sich wieder
131 2109 533 2167 nicht mehr. Laß es
543 2150 1749 2201 nach Hause, räumte, ordnete, verschloß, packte seine Handtasche
136 2151 531 2210 hsten Jahre wieder¬
537 2193 1746 2241 und legte ganz obenauf eine kleine antike, in Gold gefaßte
144 2198 527 2257 ja längst vergessen.
537 2228 1761 2288 Kamee, die das Haupt einer Göttin vorstellte. In der Nacht
147 2230 541 2297 Fahrt übers Meer
544 2275 1755 2313 fuhr er wohl ein halbes Dutzend Mal auf, in einer wirren
142 2273 539 2332 viele Male. Deine
548 2317 1751 2367 Traumangst, als wäre alles für immer verloren, Sabine und
148 2322 528 2375 herzlichen Worten,
551 2354 1748 2404 Katharina und das Sanatorium und sein Vermögen und seine
138 2358 525 2418 cher Weise ergriffen.
546 2401 1750 2460 Jugend und die schöne Sonne des Südens und die Kamee aus
127 2404 535 2474 hin. Aber er wollte
546 2442 1679 2504 Elfenoein, wenn er morgen die Abfahrtsstunde verschliefe.
147 2439 542 2499 zurück ins Speise¬
128 2485 543 2545 ug in den Zwischen¬
1076 2495 1201 2578 XV.
123 2533 540 2589 uch ein, um nur ja
586 2542 1753 2610 Es war ein später, aber noch mildsonniger Herbstnach¬
123 2568 532 2630 n zu müssen, die er
541 2610 1754 2656 mittag, als Dr. Gräsler in dem Badestädtchen ankam. Vor
155 2609 521 2667 Er selbst ging von
550 2643 1755 2699 dem Bahnhofsgebäude stand wohl ein halbes Dutzend Hotel¬
156 2653 535 2711 die vollkommenste
541 2684 1759 2740 wagen und zwei Droschken; die Lohndiener riefen die Namen
150 2695 529 2753 ,war fortgeschafft,
545 2733 1755 2782 ihrer Gasthöfe aus, aber ohne rechte Ueberzeugung, da zu
126 2737 531 2792 tümlicher Duft, be¬
547 2770 1742 2817 dieser vorgerückten Jahreszeit Kurbedürftige nicht anzu¬
122 2783 532 2835 rei Wochen bewohnt
546 2815 1754 2869 kommen pflegten. Dr. Gräsler fuhr nach seiner Wohnung und
131 2822 542 2882 hanze Wohnung, ob¬
1271 2856 1748 2912 Er fragte vorerst nach
548 2862 1274 2910 wies den Kutscher an, zu warten.
130 2862 529 2923 und öde. Er fühlte
549 2899 1755 2949 Briefen, war geärgert, daß keine Antwort von Dr. Frank,
128 2900 535 2958 n der Gedanke durch
545 2942 1751 2988 bitter enttäuscht, daß nicht eine begrüßende Zeile von Sabine
134 2949 530 3002 offnungen und Mög¬
551 2980 1747 3036 da war, und erkundigte sich bei der gefälligen Hauswirtin,
134 2991 541 3046 tharina einfach aus
547 3025 1755 3069 was es aus Stadt und Umgebung zu berichten gäbe, ohne
121 3026 538 3087 te; doch sah er zu¬
536 3068 1750 3123 Neues. auch aus dem Forsthause nicht, wie er dunkel ge¬
127 3065 539 3132 nes solchen Einfalls
543 3116 1753 3170 fürchtet hatte, zu erfahren Endlich, schon im tiefen Abend¬
131 3116 549 3176 nft in Frage gestellt
540 3150 1757 3209 dämmer, fuhr er die wohlbekannte Straße zwischen den züm
130 3153 543 3211 frückt schien, für alle
131 3192 1760 3260 ßtete mit einem Male größeren Teil verlassenen Villen und den finsteren Hügeln,
1773 161 2159 260 box 4/8
1757 483 2991 530 Kühl, Wurst, G. Wintter, Torte, Geor. Frande, Leidieri und¬
1763 519 2979 570 Bismark. Des weiteren wurden nicht weniger als 97 Reit¬
1761 560 2983 621 erlaubnisse für Lehrlinge ausgestellt. Es sind also im ganzen
1767 601 2981 651 für die Flach= und Hindernisrennen 1917 174 Reiter zur Ver¬
1772 646 2991 721 fügung, von denen allerdings ein großer Teil unter den Waffen
1762 684 2778 761 steht, jedoch für die Rennen beurlaubt werden dürfte.
1835 758 2934 835 Mersonal-Veründerungen bei den Justizbehörden.
1806 826 2977 891 Dienstentlassungen. Kammergerichtsrat, Geheimer Justizrat Dr.
1757 849 2983 913 Hertsc, Landgerichtsrat Deegen bei dem Landgericht I in Berlin
1761 906 2981 951 und Amtsgerichtsrat Geheimer Justizrat Spangenberg in Allendorf
1764 940 2981 994 auf ihr Ansuchen und mit Pension, Gerichtsassessor Dr. Beelitz infolge
1769 972 2886 1016 seiner Uebernahme in die allgemeine Staatsverwaltung geschieden.
1813 1003 2974 1050 Gestorben. Geheimer Justigrat und vortragender Rat im Justiz¬
1766 1028 2979 1076 ministerium Dr. Güthe, Rechtsanwälte und Notare, Geheimer Instizrat
1768 1071 2987 1123 Leonhard Friedmann in Berlin und Justizrat Kayser in Dins¬
1767 1108 2631 1166 laten sowie Rechtsanwalt Dr. Figge in Berlin.
1805 1145 2981 1217 Wetterbericht bis Montag mittag. Zeitweise heiter, jedoch vor¬
1759 1201 2979 1281 wiegend wollig mit geringen Niederschlägen, westlich der Oder etwas
1756 1247 1906 1300 milder.
1763 1290 1924 1356 S
2192 1277 2472 1361 S
1762 1349 2990 1420 unter einem sternenlosen Himmel, talaufwärts der Stätte zu,
1762 1406 2985 1453 wo ihm — nun wußte er mit einem Male unerbittlich klar,
1764 1443 2989 1498 was er sich tagelang und noch bis in die letzte Stunde töricht
1760 1486 2978 1547 zu verhehlen gesucht hatte —, ein verzweifelter, wahrscheinlich
1762 1533 2981 1582 hoffnungsloser Versuch bevorstand, die halb leichtfertig, halb
1764 1579 2980 1635 feig verscherzte Gunst des herrlichsten Wesens neu zu erobern.
1812 1611 2982 1673 Während er in seiner Seele so unablässig wie vergeblich
1769 1658 2982 1700 nach unwiderleglichen Worten der Rechtfertigung, unwider¬
1760 1700 2993 1760 stehlichen der Zärtlichkeit suchte, hielt plötzlich der Wagen
1824 1744 2976 1783 wie Dr. Gräsler vorkam, mitten auf der Landstraße —,
1763 1781 2981 1839 und mit einem Male, als wäre eben erst das Haus erleuchtet
1762 1827 2992 1891 worden, siel ein rötlicher Schein über den Fußpfad zu ihm her.
1762 1866 2986 1928 Er stieg aus; langsam, um sein heftig klopfendes Herz zu be¬
1762 1919 2984 1966 ruhigen, schritt er bis zum Eingang, auf sein Klingeln wurde
1761 1963 2987 2013 geöffnet, zugleich tat sich die Tür des Wohnzimmers auf, aus
1763 1993 2984 2055 der eben Frau Schleheim trat, während am Tische, den Blick
1756 2033 2986 2086 von einem Buch erhebend, Sabine ruhig sitzengeblieben war.
1761 2070 2987 2134 „Das ist ja hübsch, sagte die Mutter, ihm herzlich die Hand
1760 2106 2984 2175 entgegenstreckend, „daß Sie sich um uns arme, verlassene
1763 2159 2144 2220 Frauen kümmern.
2186 2169 2986 2223 „Ich war so frei, Fräulein Sabine durch
1764 2203 2983 2247 ein Wort zu verständigen.“ Nun hatte auch Sabine sich er¬
1770 2246 2981 2304 hoben und, dem Doktor, der bis an den Tisch herangetreten
1763 2289 2981 2337 war, freundlich die Hand reichend, sagte sie: „Seien Sie will¬
1763 2326 2989 2378 kommen.“ Er versuchte in ihrem Blick zu lesen, der klar, allzu
1762 2376 2990 2443 klar auf ihm ruhen blieb. Er fragte nach dem Herrn des
1765 2415 2981 2470 Hauses. „Er ist auf Reisen,“ erwiderte Frau Schleheim. „Und
1769 2455 2974 2513 darf man wissen, wo er sich zurzeit befindet?“ fragte Dr.
1766 2498 2988 2556 Gräsler weiter, während er auf Sabinens Einladung Platz
1759 2550 2987 2594 nahm. Frau Schleheim zuckte die Achseln. „Wir wissen es
1777 2580 2983 2637 selber nicht. Das passiert zuweilen. Er kommt schon wieder
1763 2629 2993 2692 nach ein paar Wochen. Wir kennen das,“ schloß sie mit einem
1767 2669 2697 2713 verständnisinnigen Blick zu ihrer Tochter hin.
2698 2664 2979 2723 „Sie bleiben
1770 2712 2986 2764 längere Zeit hier, Herr Doktor?“ fragte diese. Er sah sie an,
1761 2753 2988 2804 aber ihr Blick blieb ihm die Antwort schuldig. „Es kommt dar¬
2696 2791 2988 2847 bis ich eben
1761 2797 2641 2848 auf an,“ sagte er. „Nicht allzulange wohl,
1764 2839 2987 2907 meine Angelegenheiten erledigt habe.“ Sabine nickte wie ab¬
1758 2874 1938 2944 wesend.
1817 2898 2982 2991 Das Mädchen trat ein, um den Tisch zu decken. „Sie
1763 2957 2974 3013 bleiben doch zum Abendessen bei uns?“ fragte die Mutter.
1778 3006 2979 3058 Er ögerte mit der Antwort; wieder fragte sein Blick bei
1767 3045 2985 3091 Sabine an „Natürlich ißt der Herr Doktor mit uns. Wir
1773 3081 2980 3136 haben mit Sicherheit darauf gerechnet.“ Gräsler fühlte: Nicht
1766 3125 2973 3191 Güte erweist sie mir — Gnade vielleicht. Und er neigte stumm
1766 3173 2034 3249 sein Haupt.
2506 3169 2944 3254 (Fortsetzung folgt.)
2757 3795 3143 3911 10r.728
1829 3771 2591 3927 44 Marz 444+
