3484 4256
1275 169 1682 236 Badearzt
269 166 1199 239 29. Doktor Graesler
502 210 1676 282 —  A SAZ
575 433 1714 514 jegen das größte Verbrechen wider die Natur und den Geist.
181 448 537 517 asen rümpfen und
559 492 1719 561 gegen diesen größten Krieg — wäre nicht der Dichter der
196 502 548 559 las sich's anders.
561 538 1721 612 nächste Berufene, der nach dem König zu sprechen hätte? Was
194 549 536 613 ebensführung und
574 590 1714 652 verkündet er von der Menschheit Höhen herab Hunderttausen¬
188 594 540 661 ine Blutmischung
559 640 1725 698 den ungeduldig Wartenden, wie lautet der flammende Titel
205 648 539 711 überlegene Duld¬
198 695 548 770 achgerühmt werden
579 692 1709 749 seines Aufrufs an die vergistete, taumelnde Vernunst? —
578 741 1108 820 „Doktor Gräsler, Badearzt“.
211 745 540 811 was der große
195 792 556 858 ; im übrigen aber
652 804 1727 877 Was dem Doktor Gräsler, der im Winter auf der Insel
191 842 544 908 rkümmern, die sich
564 868 1719 925 Lanzarote und im Sommer in einem kleinen deutschen Bade¬
197 892 543 952 ungehobelte Wirk¬
573 914 1731 973 städtchen seine bescheidene berufliche Tätigkeit ausübt, zwischen
199 937 557 1008 ß hing so mancher
578 965 1726 1014 Lanzarote und Lanzarote zustößt, bildet den Inhalt der Er¬
187 987 543 1056 gantel aus Schwer¬
573 1027 1734 1081 zählung. Der Arzt Gräsler ist ein älterer, trockener Mensch,
205 1037 541 1102 Gemütes hin auf
572 1061 1720 1121 ohne inneren Halt, wie man zu sagen pflegt, Treibholz im
197 1088 554 1145 der Tod aus den
568 1115 1725 1155 Strom der Geschehnisse. Er verliebt sich beinahe ernstlich in
199 1129 545 1202 auch die, die die
572 1163 1736 1221 ein selbstbewußtes Mädchen, das ihn aber rechtzeitig erkennt,
198 1180 545 1254 der da, durch die
579 1232 1734 1274 er hat gleichzeitig ein Verhältnis mit einer lieben, leichtlebigen
194 1235 549 1302 ngeräumten hohen
576 1256 1726 1322 Verkäuferin, die er, von einem scharlachkranken Kind kom¬
187 1286 548 1348 einigermaßen zu
564 1329 1730 1366 mend, ansteckt, die ihm wegstirbt, da er sie eben zu heiraten
197 1338 549 1409 Führen und Irren
569 1355 1731 1414 gedachte. Schließlich nimmt ihn eine Witwe, die Mutter jenes
580 1406 1734 1480 Kindes, zum Mann. — Dies alles ist in der geruhsamen,
191 1444 550 1521 jahren das Autlitz
577 1456 1731 1513 überlegenen Art Schnitzlers recht anschaulich erzählt, nichtige,
197 1498 550 1557 sind, in ihr leben
581 1508 1737 1566 gänzlich uninteressante Geschehnisse werden dem Leser durch
198 1545 551 1605 ert. Eine fürchter¬
571 1553 1734 1606 die große Kunst schärfster Beobachtung und einwandfreier
187 1587 557 1653 kernichtete, was an
586 1605 1734 1661 Wiedergabe des Geschauten nahe gebracht Das Werk macht
194 1635 562 1707 ichem, so doch gut¬
571 1655 1737 1719 nicht warm, höchstens ein wenig nachdenklich! Solange man
198 1683 561 1748 e. das Leben leicht
575 1705 1737 1763 das Buch in der Hand hält. Das ist alles, es ist zu wenig für
211 1729 565 1798 des Lebens, der
576 1756 1733 1818 uns, die wir die Melodie längst kennen. Einst war sie neu,
225 1779 553 1838 unternahm eine
580 1802 1008 1875 nun ist sie abgespielt.
206 1823 568 1889 Beschaulichkeit bis
200 1870 571 1937 Wohlbehagen ver¬
673 1883 1732 1935 Der Rest ist Bedauern. Es gab ein Gott den Aus¬
194 1921 569 1988 Trostlosigkeit gelang
591 1921 1727 1991 erwählten die Gabe, zu sagen, was die Menschheit drückt,
193 1972 559 2025 ölker. So stand und
585 1979 1736 2023 was, noch ungeklärt und verworren, in den Gemütern gärt
193 2018 557 2075 it, als letzthin das
574 2025 1730 2093 und sich noch nicht an die Oberfläche der klaren Begriffe
221 2066 563 2148 „Doktor Gräsler,
591 2072 1740 2126 emporringen konnte; aus den dumpfen Ahnungen der Millio¬
582 2121 1744 2178 nen schöpft der Dichter die neue Wahrheit, die Wahrheit von
590 2172 1738 2228 morgen, er spricht aus, was die Bedrückten nicht ausdenken
186 2175 573 2259 ngemein drängende
590 2218 1738 2272 konnten. Viele Wege führen zur Wahrheit; ist der und jener
196 2228 561 2291 enderlei Rücksichten,
589 2268 1744 2330 verrammelt, läßt sich einer finden, der, abseits vom Tages¬
196 2277 568 2357 geborener Feigheit
594 2325 1733 2374 lärm, besser als jeder andere Aussicht ins freie Land eines
194 2326 569 2395 n, nicht jene Worte
587 2376 1768 2421 würdigeren Menschentums gewährt; viele, wenn nicht alle,
200 2373 562 2447 ildetsten unter uns
583 2406 1739 2495 hätten Artur Schnitzler verstanden. Und wären ihm dankbar
200 2423 562 2491 ßund unaustilgbar
1443 2461 1702 2538 Wigand.
209 2470 797 2554 cheuerfüllte Anklage gewesen.
644 2775 917 2907 J- 4
706 2858 1474 2971 damicheracher Courier
591 2964 1720 3039 Arthux Schnitzlers neuestes Werk: „Doktor Gräsler,
526 3023 1716 3061 Bädearzt,“ ist eine dünne und gehaltlose Arbeit.
530 3061 1715 3107 Esklingt in diesem Buche alles so „beiläusig“, nebensächlich;
516 3089 1720 3154 man gewinnt kein Interesse an dem Schicksal dieses alternden
525 3147 1706 3194 Mannes, der plötzlich ... allerdings ziemlich kühl und seelen¬
526 3189 1718 3237 los ... Neigung zu drei Frauen zu gleicher Zeit faßt. Die
527 3216 1717 3269 Müdigkeit und Gleichgültigkeit, die über diesem Dr. Gräsler
530 3267 1717 3321 liegt, liegt auch über der Darstellungskunst des Dichters, der
530 3311 1659 3351 uns bisher bessere und reichere Gaben zu bescheren pflegte.
600 3341 1713 3392 Albert H. Rausch erzählt die Geschichten von zwei Kriegs¬
525 3375 1713 3417 helden aus alter Zeit, von Patroklos und Jonathan,
532 3417 1717 3463 in dichterisch gehobener Sprache und mit einer den Stoffen an¬
536 3453 1709 3509 gepaßten Großzügigkeit der Darstellung. Die Umwelt der
529 3485 1719 3543 Helden tritt plastisch heraus und mutet uns als kernige Wirk¬
532 3532 1719 3583 lichkeit an, der wir heute wieder näher stehen denn je. Daß
531 3585 1716 3622 dabei erotische Nebenumstände bedeutsamer betont werden,
530 3613 1709 3650 als es notwendig scheint, ist bedauerlich; und es ist um so
531 3651 1714 3702 störender, als man die Vermutung schließlich nicht ganz los
526 3696 1722 3741 wird, daß gerade doch diese Nebenumstände die Hauptsache sein
530 3729 1713 3784 sollen. Das verstimmt, und die Erinnerung daran bleibt als
529 3775 1721 3832 bitterer Nachgeschmack nach dem sonst durchaus nicht wertlosen
526 3810 1288 3886 Buche. (E. Fleischel und Co., Berlin.)
1831 159 2216 251 box 4/9
2079 769 3189 941 Westermauns Menatmteitde, Iraunschnel
2192 1001 3005 1075 Fern vom Krieg, ja sogar fern von allem
2157 1044 3008 1115 köffentlichen und sozialen Leben geht Arthur
2164 1076 3008 1181 Schnitzler seinen schmalen, zwischen Psycho¬
2154 1131 3013 1215 flogie und Konstruktion schwankenden Pfad.
2155 1183 3026 1264 Seine neueste Erzählung =Doktor Gräsler,
2179 1218 3024 1308 [Badearzt= (Berlin, S. Fischer), deren Titel
2161 1260 3015 1345 schon nach dem Türschilb schmeckt, nimmt
2173 1307 3018 1391 das oft behandelte Thema des =Mannes von
2172 1346 3010 1429 fünfzig Jahren= auf, das Goethe in einer be¬
2173 1388 3022 1481 rühmten Novelle der „Wanderjahree zu einem
2171 1443 3023 1516 Triumph der gemeinnützigen Tätigkeit über un¬
2170 1482 3023 1559 zeitige Leidenschaft, Spielhagen in =Quisisana¬
2181 1525 3026 1613 zu so edler, mannhafter Entsagung geführt hat.
2181 1558 3043 1652 Schnitzlers Fünfzigjähriger ist ein Mann der
2179 1599 3046 1697 halben Entschlüsse, und dieser Mangel an Selbst¬
2192 1653 3048 1725 vertrauen und Verantwortungskraft bringt ihn
2197 1710 3034 1776 um das Glück, das ihm eine reine, stolze Frauen¬
2193 1746 3042 1835 seele aus freiem Entschluß mit offenem Geständnis
2194 1789 3053 1873 entgegenträgt, macht ihn zu feige und träge, um
2197 1830 3054 1920 festzuhalten, was ihm ein junges sinnliches Ding
2194 1870 3051 1949 an heiteren Liebesgeschenken darbringt, und läßt
2206 1918 3048 2011 ihn schließlich mit gefalteten Segeln in den Hafen
2210 1960 3059 2041 einer späten Dutzendehe einlaufen, für die weiter
2207 2000 3062 2091 nichts von ihm verlangt wird als eine gelassene
2206 2064 3046 2138 Empfangsbestätigung der berechneten Zärtlich¬
2212 2094 3062 2176 keit, die hier in Gestalt einer lebenserfahrenen
2205 2129 3064 2219 Witve die Angel nach ihm auswirst. Was für
2203 2179 3051 2262 diese Geschichte trotz ihrer durchsichtigen Gehalt¬
2218 2232 3061 2318 losigkeit an tieferen seelischen Werten einnimmt,
2227 2267 3071 2358 ist die sichere, lebens= und menschenkundige
2227 2316 3072 2393 Art, wie sie erzählt wird: wie eine mit untrüg¬
2224 2356 3061 2431 lichem medizinischem Scharfblick erkannte und
2221 2408 3070 2478 dargestellte Krankheitsgeschichte, die den Ver¬
2218 2442 3067 2513 lauf und die Kurven ihrer Entwicklung in sich
2222 2486 3073 2582 selbst hat. Solche Betrachtungs= und Darstel¬
2901 2566 3071 2623 Wrereen.
2225 2636 3068 2703 lungsweise bringt es mit sich, daß der „Held¬
2220 2689 3075 2728 nicht zu rechtem persönlichem Eigenleben kommt,
2226 2728 3073 2785 sondern ein Typus, fast ein Paradigma bleibt,
2230 2770 3061 2815 nach dem sich viele Fälle gleichen Alters, glei¬
2224 2826 3069 2869 cher Lebensanschauung, gleichen Temperaments
2228 2864 3080 2913 und gleicher Gewohnheiten deklinieren lassen.
2222 2916 3071 2958 Dieser Badearzt ist der alternde Philister
2219 2949 3074 3005 schlechthin, der den jugendfrohen Glauben an sich
2223 2991 3072 3035 selbst eingebüßt und dafür eine zage Zweifel¬
2223 3035 3060 3080 sucht, eine Kurzsichtigkeit für alle naturwüchsigen
2221 3069 3055 3126 Gaben dieses Lebens eingetauscht hat. Schnitz¬
2222 3123 3062 3182 ler bringt für diesen „Fall der Fälle= selbst nur
2213 3177 3070 3222 ein skeptisches Achselzucken auf, er steht ihm
2224 3203 3068 3262 gegenüber wie der Arzt, der eine haarscharfe
2219 3264 3059 3314 Diagnose stellt, aber nicht mehr den Mut zur
2223 3286 3060 3359 Therapie findet. Man bereut die Stunden
2214 3346 3058 3400 nicht, da man diesem meisterhaften Erzähler mit
2212 3398 3066 3445 den klugen, unbestochenen Augen gegenübersaß,
2225 3434 3069 3474 aber einen tieferen Gewinn oder auch nur einen
2214 3478 3070 3551 Aufschwung für seine ferneren Tage nimmt man
2217 3514 2859 3579 aus solchem Buche kaum mit heim.
