3532 4256
1295 146 1672 227 Badearzt
298 150 1222 243 29. Doktor Graesler
507 217 1698 267 eeene enenen d K. G. n  un n .  nen inerenen l. en e.
395 1021 1564 1110 gewesen! Dr. Gräsler aber zögert, greift nicht zu, sondern
384 1076 1566 1147 fährt fort und wird nun in der Stadt von doppeltem
389 1124 1551 1186 Abenteuer umstrickt. Ein junges Ding — eine entzückende
390 1168 1555 1246 norddeutsche Variante des Wiener süßen Mädels —
394 1206 1556 1296 schenkt ihm unbesonnen und lebensfroh acht Tage eines
389 1269 1544 1341 nie mehr erhofften Liebesglücks, er wird wieder jung,
391 1328 1550 1386 sieht neue Blüten am welken Lebensbaum, — da stirbt
389 1364 1559 1423 Katharine am Scharlach, den ihr Gräsler zugetragen. Nun
396 1408 1553 1480 ist die Rückkehr zu Sabine seine letzte Hoffnung. Doch
392 1459 1546 1524 der Weg ist verschlossen — für immer. Und er landet, wo
400 1507 1550 1577 er landen muß: im Philistertum eines behaglichen Däm¬
392 1558 1555 1622 mereheglücks mit einer belanglosen, netten kleinen Witwe,
401 1602 1560 1682 deren Kind er'aufziehen wird... Dies alles ist mit so
399 1649 1559 1720 warmer Menschlichkeit und so behutsam sicherer Linien¬
401 1700 1550 1768 führung erzählt und gestaltet, so tief in ein reines, mildes
398 1746 1557 1809 Verstehen gebettet, daß man mit diesen Menschen weiter¬
395 1796 1561 1861 lebt und weiterfühlt, auch wenn das Buch zu Ende ist.
399 1847 1557 1902 Und nicht nur mit jenen, die uns entgegentreten, nein,
408 1889 1560 1970 auch mit jener toten Schwester Gräslers, die heimlich das
402 1935 1583 2011 heiße Leben einer Amoureuse gelebt und davonging, als
399 2001 1556 2068 kein neuer Kuß winkte, und die der Bruder nicht erkannte
408 2018 1548 2110 sowenig wie er später Sabine erkannte, weil es ehen sei.
401 2070 1593 2148 Schicksal war, am großen, freien, jauchzend starken Leh###
398 2127 1581 2218 vorbeizusehen und auf der Schattenseite den „einsapi##!
410 2197 879 2272 Weg“ hinabzutrotten.
401 2236 1585 2348 Gustav Meyrink: „Walpurgisnacht" (Kurt:
797 2313 1157 2393 Wolff, Leipzig).
486 2348 1579 2453 Gustav Meyrink, seit langem als Verfasser heiter¬
418 2430 1581 2496 satirischer und phantastischer Novellen geschätzt, die gern
407 2466 1578 2549 auch auf der Scheide zwischen Tag und Traum einher¬
413 2502 1576 2596 balancierten, hat sich nunmehr ganz „der Magie ergeben“.
410 2543 1575 2632 Er schreibt nur noch Romane, die sich nicht an den
409 2620 1571 2695 Intellekt, sondern an jene dämmerhaften Schattenbezirke
417 2662 1578 2739 der Seele wenden, in denen Aberglaube, halluzinatorische
413 2697 1579 2781 Visionen und das dumpfe Erschauern vor unergründlichen
421 2767 1562 2831 Mächten hausen. Die Menschen von heute sind vielfach
414 2811 1576 2895 geneigt, in diese Tiefen hinabzuhorchen, was als Reaktion
414 2873 1578 2923 auf den Materialismus alles äußeren Lebens recht er¬
411 2889 1582 2970 klärbar wäre. Auch die Erstarkung der theosophische
419 2955 1597 3034 Bewegung hat ähnliche Ursachen. Daher der gewaltige
408 3008 1600 3083 Erfolg des „Golem“. In dieser Neubelebung der alten
422 3059 1581 3152 rager Ghettolegende lag das Schauerlich=Geheimnis¬
1851 142 2227 235 box 4/9
2060 1461 2777 1567 Mnenige Zeitun
2261 1552 2961 1659 Humburg. 410 1910
2017 1661 2780 1747 Doktor Gräsler, Be#earzt. Roman von Art
2883 1706 2929 1754 ch
1961 1725 2734 1784 Verlag S. Fischer, Berlin. Die Eimpand
1960 1764 2716 1832 Wehmut, eines femininen, wenn auch psn
1949 1796 2698 1863 ten wenn auch menschlich bewanderten
1951 1838 2684 1912 vielem des früheren Schnitzler=machen
1947 1868 2692 1945 diesem Roman in sich zusammen. Hier
1950 1926 2680 1993 wie er sich selbst formen wollte, in sich
1948 1961 2668 2018 der Handlung, die ohne strapaziöse Ei¬
1954 2002 2663 2066 ein silberner Fluß in den Horizont a
1955 2034 2673 2102 verläuft, ist diesmal Schnitzler mehr al
1953 2074 2690 2149 schauliches wird edel, Erinnerung Melc
1967 2121 2724 2192 ist in den elegischen Duft dämmernder O
2805 2140 2973 2192 gerückt u
1955 2156 3024 2229 das Geliebte wird verlassen oder verläßt einen. Nichts ist
1949 2199 3030 2273 so, im Aeußeren des Stils oder des Geschehenden eigentlich
1960 2242 3009 2321 neu. Aber es hat die Qualität hoher Gereiftheit, die jw
1942 2273 2979 2385 dessen hier nicht erwarben, sondern Notwendigkeit ist. (,
2083 2343 2182 2406 —
