3436 4256
230 138 1169 236 29. Doktor Graesler
1222 127 1639 208 Badearzt
1791 130 2168 236 box 4/9
438 176 1665 260 Donter erdestei, Bauearzt
622 872 1276 988 Wenm Millags-Zeitn
990 1016 1303 1133 Z3AULE
1603 1134 2900 1225 Berta Garlan, den anderen, die man aus Schnitzlers
2937 1175 3332 1238 Karl May will
862 1123 1239 1262 Feuillekon.
1621 1205 3337 1283 Stücken und Novellen bereits kennt. Und Anatol, der be= verwickelte Theorie vor
1625 1255 3316 1320 rühmte Frauenbezwinger, blamiert sich zuletzt wieder schwung des Gewalt¬
390 1247 1640 1349 Ein neuer Schnißler. — Karl Mays „Ich“.
1594 1311 3336 1392 gründlich. Zeigt, daß er in der Tat nichts von Frauen= die er anläßlich seines
506 1333 3317 1424 Im Fischer=Verlag ist der neue Schuitzler erschienen: herzen, Frauenlisten, Frauensehnen versteht, so eifrig er sich vor seinem Tode, im
401 1357 3340 1458 Dr. Gräsler, Badearzt. Betitelt sich „Erzählung“. Ist auch mit jenem Studium auch befaßte. Abermals zertrümmert ert in allen seinen Werken
377 1429 3335 1499 kaum mehr. Etwa eine Novelle nach Art der vielen, mit selbst sein Glück und rennt mit offenen Augen in das sichere Selbstbiographie sucht
395 1495 3331 1558 Recht geschätzten, die man Artur Schnitzler verdankt. Und Verderben. Nur daß diesmal ein versöhnlicher Ausklang Erzählungen, jede der
399 1535 3346 1576 vor allem kein Kriegsbuch, was entschieden rühmend hervor= nicht fehlt: die Freude an dem Kind, das, werdend und heuer populär geworde
402 1575 3338 1669 gehoben werden muß. Es ist eigentlich nichts von dem erblühend, Trost bietet für den Kummer, den es, geworden wähnten Theorie geste
399 1638 2850 1738 Großen, Zündenden, Hohen in diesem Buche vorhanden, und erblüht, dem nächsten Anatol in diesem ewigen Reigen
2841 1636 3327 1720 sei. May erklärt mit
389 1682 1978 1773 wie man es von Schnitzler zu verlangen unb zu erwarten zufügen wird ..
2850 1699 3227 1774 Zw eck verfolgt, a
391 1713 1644 1784 pflegt. So paradox es klingt: die Erzählung ist beinahe
2838 1755 3338 1817 läntern, zur Vollendu
389 1762 1648 1855 aufdringlich in ihrer Schlichtheit, protzig in ihrer gesuchten
1724 1782 3331 1899 Der Leiter des Karl May=Verlages und Ver####müdenden, langweilige
401 1824 1636 1896 Einfachheit. Die Menschen, die Situationen, die Ereignisse,
2847 1848 3194 1907 dern vielmehr d
1624 1848 2654 1923 von Karl Mays literarischem Nachlaß, Dr. E.
394 1850 1643 1942 die Fragen, die der Dichter behandelt, sind vollkommen
2837 1882 3326 1980 #tigen Eindruck üb
397 1914 2756 1958 unkompliziert, aus dem täglichen Leben gegriffen, aber aus gibt eben in dem genannten Verlagsunternehmen zwei
3086 1935 3317 2006 vermag der
396 1957 2839 2016 dem banalsten täglichen Leben, nicht aus jenem, zu dessen Bände der May=Serie heraus: einen Band „Halbblur
391 2000 2330 2069 Erfassung und Schilderung man im allgemeinen nicht die sechs Erzählungen, deren eine —
2445 1996 2867 2089 ande — wenn ich
2841 2013 2994 2115 Kamg
389 2059 2868 2143 Fähigkeit besitzt, ist man nicht einer der Auserwählten nicht irre, schon einmal unter anderem T##e Der schwarze
511 2082 2998 2156 Anatol kehrt in einem anderen Gewande wieder. Nicht Mustang“ *) erschienen ist und von vonen die äbrigen aussund de
2838 2136 2975 2191 als
1626 2132 2861 2218 des Schriftstellers frühester Schaffenszelt stammen. Sie sind
390 2144 1650 2210 auf der Bühne, sondern in einer Novelle. Der alternde
2652 2184 2956 2263 and, bis=fiel
390 2197 2512 2255 Anatol, derselbe Anatol, der im einsamen Weg“ sein ver=die typtschen May=Geschichten, romantisch
2844 2229 2958 2288 unte
391 2215 2860 2310 pfuschtes Dasein erkennt und zu spät merkt, daß nicht immer weilen von einem erquickenden, ursprünglichen Humor
2844 2273 3228 2343 nich Teugnet, nich
400 2298 2971 2391 derfenige der Kluge und Glückliche ist, der sich zu lange Zeit durchleuchtet, dabei in jenem lehrhaften Ton gehalten, den fühne
3141 2327 3302 2386 r versch
1629 2334 2415 2411 May liebt und regelmäßig anschlägt.
388 2349 1634 2425 läßt, zu kritisch wählt, zu sehr dem Egoismus Herrschaft
3159 2373 3260 2436 eßge
394 2398 1647 2475 über sich und andere einräumt. Dieser Anatol, der einmal
1719 2391 2877 2478 Weit charakteristischer ist der Band „Ich“ der
388 2440 2856 2529 Julian, einmal Dr. Gräsler, einmal irgendwie anders heißt, Aufschluß über die Rätselgestalt des Dichters und über sein
399 2490 2861 2542 dabei aber doch stets Anatol bleibt, füllt Schnitzlers Räiselleben gewähren soll. Man erinnert sich, daß May im
394 2539 3181 2636 neuestes Werk mit seinen Torheiten. Sollte uns im Grunde Mittelpunkt zahlloser Prozesse stand, in deren Verlauf ihm schnöden Mamm
387 2575 3180 2676 so unsympathisch wie nur möglich sein, und ist es doch nicht auch nachgewiesen wurde, daß er in seiner Jugend mehrere Standpunkt verf
387 2630 3188 2677 weil wir uns des Mitleides, vielleicht auch ein klein wenig langjährige Gefängnisstrafen verbüßte, woran sich die Be= und das andere
384 2674 3327 2792 des Verstehens nicht erwehren können. Und dieses Ver= hauptung reihte, er habe die von ihm geschilderten Reisen Mays Phantaste, sein
388 2732 3306 2816 stehen, gegen das wir uns aufbäumen möchten, bringt uns niemals unternommen sei ein gewöhnlicher Schwindler ein seine fesselnbe Art, zu
393 2772 3025 2873 den sprunghaften, selbstsüchtigen, kapriziösen Anatol=Plagiator und dergleichen. In dieser Richtung nun bietet jene Mos
3020 2789 3335 2879 mente, die den
384 2841 3003 2885 Typus näher, auch den Anatol in der Gräsler=Maske. Ein Karl Mays Beichte, Die Dr. Schmid so erschöpsend als mög= machen,
3070 2856 3322 2914 sind unbe
391 2882 2940 2926 Stück des Mannes als solches steckt in der Rolle, die Artur lich ergänzt, bemerkenwerte Aufklärungen. Mehr als das: Quc
3081 2902 3326 2968 sein wirklich
3012 2891 3088 2959 ten,
386 2924 1640 2988 Schnitzler dem Träger seiner Erzählung zuteilt, des
1623 2935 2934 2999 erstaunliche Aufklärungen. Vorwen genommen: Karl Mayl dam
3078 2947 3323 3014 g zu schaffe
381 2988 3335 3077 Mannes, den gekränkte Eitelkeit, getäuschte Hoffnung nicht ist tatsächlich vorbestraft gewesen. Drei= oder viermal sogar. verführend gewirkt, da
397 3020 3322 3093 zur Ueberlegung, zur Prüfung seiner selbst, sondern zu Wegen ganz gemeiner Eigentumsdelik. Er hat niemals sleumdung. Jedermann
391 3060 1629 3143 Widersinnigkeiten veranlassen, teils aus Trotz, teils in
1623 3085 3322 3151 erlebt, was er in einigen Dutzenden Büchern berichtete, in sohne sich auf die Unter
389 3111 1044 3197 einer Art von Galgenhumor.
1603 3111 3287 3195 jenen Büchern, die von der Jugend verschlungen und auch oder Symöolisches
512 3172 3313 3265 Der Mann Anatol ringt allein mit einer Vielheit von vom gereiften Alter nicht ungerne gelesen werden. Es gibt zählungen ohne diese R
385 3206 2847 3261 Frauen, ein Umstand, der gewiß auch symbolisch gedeutetl keinen Shatterhand, keinen Kara Ben Nemsi, keinen
2944 3235 3317 3313 In der unzweif
393 3258 3337 3320 werden soll. In allen Trachten und Gestalten treten ihm Winnetou, keinen Hadschi Halef Omar, Surehand, Fire= Band „Ich“ zwar nich
388 3291 3330 3417 diese Frauen entgegen: Sabine, Katharina, Friederike, hand usw. Eine herbe Enttäuschung für die begeisierte spannenden, lebendigen
385 3359 2397 3441 Frau Sommer. Man begegnet dem süßen Mädel, der Frau jugendliche Gemeinde des Dichters.
2818 3381 3330 3487 wertvollsten einer. —
