3436 4256
1805 175 2217 264 box 4/6
1261 175 1677 246 Badearzt
271 177 1222 267 29. Doktor Graesler
479 222 1698 285 Seteiaresien ancahae
596 437 1087 513 ds sieten auf ven. 50.2
1759 466 2985 539 Der Zuschlag wurde bei 52 100 Mark erteilt. Ein Kommerzienrat
531 484 1764 546 eines bayerischen Res.=Feldartillerieregiments Otto Ritter v. Pracher;
2985 481 3349 550 Bad Mildungen auf
2992 528 3356 576 sind geschieden: Gerich
1763 527 2989 585 aus Kaiserslautern feierte in einer schwungvollen humoristischen An¬
539 511 1772 597 Stabsarzt d. L., Privatdozent Dr. Eugen Muthmann; Leutnant
2987 559 3358 612 in die Staatsbergver
1771 566 2863 652 sprache den Tag als den Ruhmestag der Weinpfalz.
530 557 1770 620 und Feldflieger Hans Günther Laue (Straßburg i. Els.); Leutnant
2982 589 3361 650 Verwaltung der die
533 618 1776 664 Hartwig Ottmer (Bad Oeynhausen); Leutnant Eugen Buhr;
1819 615 2993 680 Zugzusammenstoß bei Sagan. Gestern stießen bei Sagan,
2990 629 3358 696 Graeger, Kurt S
542 648 1774 706 Leutnant Karl Leibenger; Leutnant, Lehrer an der Berger=Ober¬
3036 672 3362 727 Gestorben. Lan
1767 649 2993 727 wie uns ein Privat=Telegramm meldet, zwei Güterzüge zusammen.
531 681 1771 738 realschule zu Posen, Hermann Kaiser; Leutnant d. R., Kandidat des
2988 695 3349 759 Hagen i. W., Landg
1774 686 2993 775 Einige Wagen entgleisten, andere wurden beschädigt. Ein Schaffner
541 715 1767 790 höheren Lehramts, Dr. phil. Friedrich Göhrke, der einzige Sohn des
2985 735 3354 792 und v. Ahlefeld
1779 751 2013 827 ist verletzt.
2994 776 3335 819 Eichler bei dem
536 758 1422 842 Pfarrers an St. Nikolai zu Berlin G. Göhrke.
2997 793 3344 873 sowie Rechtsanwalt
591 800 1773 867 Nach den Familienanzeigen des heutigen „Berliner Tageblatts“
1823 814 3001 900 Ein sehr gutes Blatt für Vermietungszwecke ist der
3029 838 3366 899 Im Kriege sa
535 842 1778 917 starben den Tod fürs Vaterland: Landsturmmann Felix Falk¬
1781 855 2997 924 „Wohnungsanzeiger des Berliner Tageblattes“.
2986 862 3338 928 Wiedemhöver
533 891 1779 943 mann (Berlin); Landsturmmann Georg Hirschberg (Schönebeck
2993 906 3334 966 aus Ziegenrück Re
1770 902 2996 968 Auch in der gegenwärtigen schweren Zeit finden Wohnungen und
534 931 1780 1001 a. Elbe); Landsturmmann Alfred Levi (Aschersleben); Hans Bruder
2997 939 3320 994 Latza aus Lyck, E
1786 954 2998 1009 Geschäftslokale durch dieses Blatt einen Interessentenkreis, wie ihn
2997 975 3354 1030 Georg Leeber auf
535 982 738 1052 (Berlin).
1776 994 3002 1051 sich der inserierende Hausbesitzer nicht besser wünschen kann. Man
2997 1007 3320 1063 Reserendare Fritz
1786 1038 2998 1104 wende sich an eine der vielen Filialen der Firma Rudolf Mosse.
2995 1038 3339 1100 Danzig. Wilhelm F
602 1041 1784 1112 Die Films der Woche. Im Tauentzien=Palast wird ein
2989 1070 3368 1138 see i. Th., Knzleii
546 1087 1785 1157 spannendes Detektivabentener „Der Fall Routt“ von William Kahn
3008 1182 3366 1257 dort versagen wi
1778 1203 3007 1264 „Es komimen so wenig Menschen zu uns,“ sagte sie, „und mit
2999 1231 3368 1296 stande war. Do
1784 1256 3010 1306 wenigen läßt sich was Gescheidtes reden. Das nächste Mal
3000 1275 3368 1341 er auf solche Arta
1786 1285 3012 1342 müssen Sie uns auch mehr aus Ihrem Leben erzählen. Sie
547 1213 1766 1362 Doktor Gräsler, Badearzt
2998 1305 3369 1380 kosten durfte, ein
1789 1317 3008 1384 haben ja so viel gesehen und so viel erfahren. Man möchte
2998 1358 3364 1426 geneigten Kreises
1052 1353 1293 1442 Erzählung
1784 1369 3006 1442 doch auch was von all den Dingen zu hören bekommen!" Ihre
3004 1397 3366 1464 in die verträumts
1366 1397 1765 1491 (Nachdruck verboten.]
1783 1415 2559 1472 Augen erglänzten mild und sehnsüchtig.
1112 1420 1232 1475 von
592 1408 906 1501 (7. Fortsetzung.]
3013 1445 3370 1515 eines für ihn sell
1833 1437 3011 1503 „Wenn Sie glauben, Fräulein Sabine, daß das Leben
921 1456 1406 1543 Arthur Schnitzler.
3066 1492 3366 1558 Ein nächstes
1791 1489 3020 1554 draußen in der Welt soviel Interessantes zu bieten hat, wie
601 1509 1786 1588 Das Spiel wunde abgeräumt, ein geblümtes Tuch über den
3007 1532 3369 1596 selten genug gesch
1785 1515 2853 1612 kommt's nur, daß Sie hier so in der Stille sitzen?“
3018 1584 3363 1639 der Veranda alle
544 1571 1787 1653 Tisch gebreitet, und da ein Wagen heute nicht zu beschaffen
1847 1572 3011 1638 „Es wird vielleicht nicht immer so bleiben, erwiderte sie
3003 1616 3367 1684 als je von seinen
546 1616 1785 1677 war, so blieb dem Doktor eben nur noch Zeit, rasch eine Tasse
1782 1615 3015 1691 einfach. „Und es war ja einmal schon ein wenig anders. Im
3009 1663 3357 1722 und kleineren H
556 1658 1789 1727 Kaffee mit den andern zu trinken, wenn er seine Kranken, die
1782 1675 3011 1729 übrigen wünsche ich mir's für die Gegenwart kaum besser, als
3016 1704 3370 1761 wäre es ein beso
559 1706 1791 1770 ihn natürlich auch Sonntags nicht entbehren konnten noch
1791 1709 3010 1765 ich's habe.“ Und die Sehnsucht in ihren Augen war ver¬
3008 1749 3367 1807 nachzuklagen hät
555 1730 1791 1820 vor dem späten Abend besuchen wollte. Er nahm die Erinne¬
1782 1754 2038 1832 glommen.
3008 1786 3370 1836 Verlust der Stink
548 1779 1791 1855 rung an ein Lächeln und an einen Händedruck Sabinens mit
3013 1833 3374 1898 Schwiegervaters,
546 1828 1803 1890 sich, deren beglückendes Nachgefühl ihn auch auf noch staubi¬
1843 1816 3018 1881 Seinen nächsten Besuch im Forsthause unternahm Dr.
3016 1879 3357 1934 der Uebergang
545 1866 1785 1949 gerer und heißerer Landstraße Langeweile und Beschwerde
1796 1867 3015 1929 Gräsler nicht ganz unvorbereitet. Aus seinen Erinnerungen
3012 1913 3360 1977 wäre, hatte er
1793 1916 3018 1978 hatte er allerlei zusammengesucht, das des Erzählens wert er¬
551 1918 1183 1982 kaum hätte empfinden lassen.
3008 1947 3362 2019 die Einsamkeit
1793 1955 3019 2016 scheinen mochte und u., freilich anfangs ein wenig betrübt ge¬
614 1958 1795 2040 Trotzdem hielt er es für richtig, eine Zeit hingehen zu lassen,
3016 1984 3371 2058 städtischen Leben
1800 2002 3015 2058 wesen, daß ein äußerlich leidlich bewegtes Leben bei näherer
552 1990 1791 2062 ehe er sich im Forsthaus wieder sehen ließ. Es wurde ihm
3018 2040 3373 2101 verloren — und
1794 2044 3016 2102 Betrachtung an eigentlichem Inhalt sich so ärmlich erweisen
551 2045 1794 2119 leichter als er gedacht, da sein Beruf ihn auch innerlich wieder
3011 2077 3365 2146 ihm geblieben w
1796 2090 3018 2142 konnte. Immerhin gab es den einen oder den anderen Vor¬
553 2092 1789 2155 zu beschäftigen begann. Er führte nicht nur die Kranken¬
3016 2126 3370 2185 ohne Ironie auf
1792 2127 3015 2189 fall, der einem Abenteuer zum mindesten recht ähnlich sah.
562 2135 1794 2201 geschichten seiner Patienten auf das sorgfältigste, sondern war
3015 2163 3367 2232 Kinder, welche E
1789 2163 3028 2238 So hatte er einen kleinen Ueberfall durch Eingeborene auf
553 2171 1796 2250 auch bemüht, die allmählich entstandenen Lücken seines theo¬
3023 2205 3378 2267 schien. „Ja, wer
1785 2210 3028 2268 einer Südseeinsel mitgemacht, bei welcher Gelegenheit sogar
555 2215 1798 2284 retischen Wissens durch das Studium medizinischer Werke und
3013 2250 3354 2321 Begabung auch
1793 2258 3022 2310 ein Schiffsleutnant getötet worden war; der Selbstmord eines
563 2259 1806 2314 Zeitschriften so weit als möglich auszusüllen. Aber wenn er
3022 2287 3357 2351 Zukunft wäre ih
1791 2282 3020 2361 Liebespaares auf hoher See, ein Zyklon in den indischen Ge¬
572 2300 1805 2363 sich auch klar darüber war, daß all dies auf die Wirkung von
3021 2317 3373 2389 wo sie bei Verw
1793 2331 3029 2397 wässern, die Landung in einem japanischen Küstenort, der tags
570 2332 1806 2407 Sabinens Persönlichkeit zurückzuführen sei, so wehrte er sich
3023 2363 3377 2433 bürgerliches He
1800 2391 3032 2443 zuvor durch ein Erdbeben zerstört worden war, die Nacht in
568 2388 1793 2448 doch weiter dagegen, eine ernstliche Hoffnung auf den Besitz
3019 2409 3360 2464 Bühnenstudien
1798 2407 3021 2475 einer Opiumhöhle, deren Abschluß man allerdings für einen
573 2428 1802 2486 des jungen Mädchens in sich aufkommen zu lassen; und selbst
3014 2448 3369 2515 lichen Abneigung
1811 2466 3026 2526 Familienkreis ein wenig verändern mußte, all dies mochte sich
560 2476 1803 2552 wenn er ganz leicht, im Spiel der Gedanken, die Möglichkeit
3017 2489 3364 2547 und Kolleginnen
1802 2508 3024 2557 anregend genug erzählen lassen; überdies waren 'hm manche
568 2506 1811 2572 einer Werbung erwog und nun den weiteren Verlauf eines
3019 2534 3373 2594 bemerkte darauf
1801 2536 3027 2608 seiner Patienten aus Badeorten, Hochstapler, Sonderlinge,
560 2555 1817 2611 mit Sabinen gemeinsamen Schicksals innerlich zu verfolgen
3034 2571 3371 2647 eine wahrhaftr#
1802 2584 3028 2646 sogar ein russischer Großfürst, der im Winter darauf ermordet
564 2598 1811 2660 suchte, so erschien ihm ungerufen die in diesem Zusammenhang
3093 2625 3365 2689 „Ja, die hat
1803 2638 3036 2690 worden war und es vorhergeahnt hatte, mit genügender
567 2629 1807 2711 höchst unliebsame Gestalt des Hoteldirektors aus Lanzarote,
3033 2655 3370 2730 bester Herr Dok
1796 2673 3029 2729 Deutlichkeit im Gedächtnis geblieben. Und als er an einem
574 2677 1804 2741 wie er den ältlichen Doktor und dessen junge Frau mit einem
3016 2702 3377 2779 Leben kennen zu
1796 2711 3032 2779 milden Sommerabend bei Schleheims, lässig an die Brüstung
581 2735 1803 2790 impertinenten Lächeln an der Türe des Hotels empfing; und
3028 2751 3368 2807 das nicht besser,
1805 2757 3034 2817 der Veranda gelehnt, auf eine zufällige Frage Karls hin zu
589 2759 1812 2830 diese Erscheinung zeigte sich so regelmäßig, als wäre Lanzarote
3025 2795 3380 2853 ins Weite; dan
1802 2792 3032 2849 erzählen anfing, da merkte er, daß ihm während des Erzählens
576 2805 1809 2882 de einzige Ort, an dem Gräsler im Winter seine Praxis aus¬
3032 2838 3369 2890 hat sie denn ein
1806 2843 3035 2897 manche seiner verblaßten Erinnerungen heller und lebendiger
583 2851 1805 2903 üben, und als wäre der Direktor der einzige lebende Mensch,
3035 2875 3362 2933 von Kunst und
1805 2882 3035 2947 wurden, daß allerlei längst Vergessenes aus der Tiefe seiner
571 2894 1440 2968 der sein junges Eheglück gefährden könnte.
3035 2922 3358 2971 Betonung des
1802 2921 3038 2979 Seele emporstieg; und in irgendeinem Augenblick war er sogar
651 2921 1822 3000 Gegen Ende der Woche einmal begegnete Gräsler Sabinen
589 2959 3366 3048 vormittags im Städtchen, wo sie Einkäufe zu besorgen hatte. von einer ihm bisher unbekannten Fähigkeit zwiespältig über= Krankenpflege e
578 3006 3358 3089 Sie fragte ihn, warum er sich schon so lange nicht sehen ließe. rascht: daß er nämlich seinem Gedächtnis, wenn es da oder  lich besondere 6
2925 3769 3023 3843 85
1989 3794 2413 3886 48 -ebruee
