3436 4256
269 153 1207 212 29. Doktor Graesler
1265 155 1680 224 Badearzt
489 197 1685 254 n en e eie Aen enen aun e de Ke. an di. S  eteenen enee ue eneen
584 987 1373 1114 K
417 1194 521 1261 12
870 1153 1340 1265 FCTlON 7%
420 1615 813 1696 Dr. Graesler
416 1689 940 1763 bu Arthur Schnitzler
418 1751 1158 1818 Author of Casanova s Homecomig
430 1804 1012 1874 Translated by E. C. Slade
811 1866 1664 1931 NCHNITZLER brings a wizard-like qual¬
838 1905 1672 1971 O ity to bear upon any character he
819 1970 1668 2016 chooses to write about, whether a rakish
816 2006 1673 2055 Casanova or an ardent young dreamer, like
823 2064 1677 2106 George in Dhe Rond to the Open. He gets
812 2103 1679 2151 under the skin of his pcople, he knows their
828 2140 1416 2194 subtlest feeling and motives.
854 2175 1675 2235 Dr. Gracsler is a physician at a cure re¬
817 2229 1678 2290 sort, also a bachelor who is past middle age
445 2271 536 2334 12
818 2283 1667 2323 and has become weary of bachelordom.
819 2318 1675 2372 The interest is to see whom he will
528 2361 1681 2398 choose for his wife, the right woman orthe wrong woman,
556 2405 1680 2442 —this mature man with his long and varied experience.
571 2458 1680 2505 Like all of Schnitzler’s work, Dr. Graesler is written
544 2508 1687 2553 with the perfection of artistic finish. It ranks among his
533 2536 1697 2584 best works and deserves as wide a popularity as Casanova’.
531 2578 800 2641 Homecoming.
1533 2615 1677 2683 92.50
1824 159 2200 247 box 4/9
2186 471 2771 602 MY World
2539 587 2971 686 Nov. 2.0/14
1777 634 1900 693 923.
2269 648 2377 708 —
2131 792 2915 899 The First Reader.
2155 924 2894 1016 Those Crocodile Tears
2561 990 3205 1064 fore. Not love—not yet. But
1849 1005 2529 1087 It will be recalled that a Grand Jury
2562 1052 3203 1103 something akin to love and some¬
1834 1063 2530 1124 indicted Thomas Seltzer for publish¬
2561 1089 3195 1151 thing which may very well grow.
1836 1117 2530 1172 ing Dr. Arthur Schnitzler’s “Casan¬
2559 1128 2805 1190 into love.
1829 1167 2535 1225 ova’s Home-Coming,“ and the anony¬
2609 1157 3208 1224 Though my feeling for yon Is
2569 1205 3207 1247 not romantie, it is very real,
1830 1200 2446 1272 mous." Foung Girl’s Diary.“
2558 1236 3201 1298 Partly, too, I am sorry for your
1848 1245 2528 1314 Mr. Seltzer has just published the
2905 1280 3211 1330 and perhaps 1
2555 1278 2822 1331 loneliness
1824 1292 2522 1369 new Schnitzler novel, Dr. Graesler.“
2562 1315 3210 1375 am fond of you because I admire
1828 1339 2529 1413 Neither publisher nor novelist sceins
1790 1339 1832 1394 1
2563 1362 3213 1407 you as a doctor. Yes, I really
2557 1386 3208 1437 do. Some people, might find your
1818 1388 2535 1456 at all perturbed by the recent as¬
2565 1433 3208 1484 professional manners a little cold.
1822 1437 2528 1497 saults by the purist forces, for Dr.
2573 1468 3208 1522 That is only your way. Funda¬
1842 1486 2536 1543 Graesler“ is written in much the
2574 1503 3205 1565 mentally, you are sympathetio
1836 1529 2530 1582 same freedom that characterlzed
2571 1549 2781 1597 and good.
1833 1563 2534 1624 •Casanova.“ The plece is the same
2609 1568 3205 1632 When you come to-morrow, I
1781 1595 2535 1665 Kaslender volume that is typical of
2571 1616 3219 1677 will make it easy for. yon. Von
1828 1641 2538 1680 Schnitzler. One might say that his
2567 1658 3208 1713 need merely smile, or kiss my
1826 1680 2533 1727 novels are nearer to the form known
2566 1705 3211 1748 hand again as you kissed it in
1831 1716 2537 1771 In our inferior magazines as the
2575 1729 3209 1779 parting this evening, and then I
1841 1760 2249 1807 Pcomplete novelette.
2572 1772 3064 1824 shall knowit ls all right.
1859 1785 2531 1843 This new book has little of the
2605 1797 3208 1858 Otherwise, if things are not as
1839 1825 2543 1882 beauty of setting of Casancva’s last
2580 1835 3210 1898 I fancy, say so bluntly. You need
1833 1873 2530 1926 adventure, and is even more falnt in
2561 1896 3217 1933 not be afraid. We shall shake
1839 1911 2541 1953 its resemblance to reality, yet Is done
2563 1926 3210 1971 hands on it. I shall cherish the
1841 1942 2543 1999 with the delicacy of that book. The
2572 1961 3211 2005 memory of the pleasant hours we
1844 1981 2532 2030 more one reads Schultzler and ob¬
2572 2004 3214 2038 have had together this summer,
1843 2020 2533 2064 serves how delicately he handles a
2574 2038 3208 2089 and I shall tell myself not to be
1841 2058 2532 2100 situation that another novelist would
2562 2071 2925 2129 presumptuous.
1835 2095 2543 2138 approach with a simulated blush, the
1835 2130 2541 2172 more one agrees with Magistrate
2572 2136 3251 2205 Dr. Graesler runs away from this
1850 2170 2534 2218 Simpson, who gave both books a
2555 2178 3248 2235 note. Schnitzler plunges him into a
1841 2209 2526 2269 clean bill of health before the case
2536 2216 3259 2283 llaison with a girl in a hat shop in
1838 2247 2334 2309 went to the Grand Jury.
2546 2241 3258 2319 his native city on the instant of bis
2556 2292 3256 2344 return home. A jury would nöt like
1863 2313 2526 2365 Dr. Emil Graesler, a physichan
2547 2335 3248 2393 this scene. Too many jurymen and
1853 2349 2534 2412 whose hair is beginning to go, sets
2555 2371 3248 2424 too many Judges might find it raking
1852 2397 2537 2448 ent to flnd a wife. He meets three
2547 2410 3250 2452 up memorles of their own past as they
1850 2432 2526 2479 women he considers eligible for the
2547 2425 3259 2498 read. It is done so cleverly and with
1837 2470 2530 2520 position (ft would be more a“situa
2554 2482 3249 2543 such a gently sad irony, shaping to a
1851 2506 2539 2557 tion“ than a positlon), and the novel
2552 2532 3253 2580 conclusion that finds the reader as¬
1855 2544 2534 2594 s based upon his method of choice.
2551 2557 3256 2611 tonished to admit that the novelist
1850 2583 2538 2625 For a setting the novellst has thrown
2558 2597 3245 2646 has hit him a sentimental biow.
1851 2619 2540 2663 in a few practical trees around a
2558 2632 3248 2687 Schnitzler, whether in The Affairs
1835 2651 2535 2725 health resort, with a second act in a
2554 2671 3257 2720 of Anatol' or in“ Casanova,“ may be
1849 2694 2541 2747 Verman elty. With Schnitzler the
2557 2711 3245 2767 writing because of the pleasure he
1846 2729 2539 2778 etting always seems a non-essentlal
2555 2729 3261 2796 derives from it, but he’s determined
1847 2771 2535 2822 and he thinks more In terms of a
2553 2789 3250 2840 to make you very sorry for us all be¬
1848 2808 2538 2862 stage designer than of a novellst.
2564 2818 3240 2875 fore he’s through. He had a splendid
1856 2841 2536 2895 The first act finds Dr. Graesler re¬
2557 2858 3250 2919 time of it in Casanova, but he could
1849 2880 2542 2923 eeiving a written proposal of mar¬
2559 2906 3256 2957 not refuse himself the mawkishness
1858 2920 2535 2976 rlage from Sabine, the daughter of
2556 2935 3259 2986 of that last journey tothe final kennel
1842 2951 2548 2993 a retired opera singer. One might do
2563 2974 3263 3023 in Venice, where all were invited to
1841 2993 2540 3059 well to study the design of Sabine's
2557 3022 3055 3076 sorrow over a spent roue.
1845 3030 2545 3088 letter; it is Schnitzler. It is too long
1855 3068 2549 3112 o be reproduced. Here are some of
2587 3065 3268 3144 In Dr. Graesler“ Schnitzler’s irony
1849 3108 2374 3162 the points the letter ralses:
2561 3124 3266 3179 matures in the death of the doctor’s
1925 3138 2521 3198 Von are coming to see me
2550 3159 3269 3216 mistress. On the floor below the doc¬
1868 3184 2529 3240 again this evening, but I want
2553 3187 3275 3251 tor’s apartment a little girl has scarlet
1885 3220 2518 3267 you to get this letter first. For,
2539 3237 3267 3292 Ifever. Dr. Graesler attends her and
1884 3258 2520 3315 unless I write to you, perhaps
2550 3266 3265 3338 Jeventually his mistress comes down
1875 3294 2522 3345 you will go away thls evening
2555 3314 3269 3364 with the malady. Whereupon thei
1875 3328 2525 3388 just as you have done all these
2547 3335 3269 3396 novelist becomes pathetic, only later
1875 3380 2519 3417 days and evenings, and will go on
2553 3395 3258 3440 on to plle his irony high by marry¬
1876 3410 2532 3456 vour trip without having spoken
2551 3409 3269 3476 ing the doctor to the mother of the
1883 3448 2534 3497 a word, persnading yourself that
2545 3451 3267 3506 little girl and describing their visit
1889 3489 2409 3536 von have acted wisely
2551 3491 3124 3538 to the grave of the mistress.
1881 3525 2535 3575 yon will read what I have
2600 3524 3272 3579 One would swear from an outline
1879 3553 2524 3611 written, will perhaps find it not
2545 3558 3262 3616 that"Dr. Graesler“ is not a pretty
1884 3591 2534 3648 unwelcome, and will, I hopen
2556 3605 3267 3658 story. Tet, Schnitzler’s faint touch
1882 3639 2531 3680 not consider me unwomanly be¬
2551 3637 3265 3679 Tean take any situation and handle it
1886 3663 2531 3715 cause I feel that I can write to
2556 3658 3275 3717 beautifully. One wishes that other
1882 3704 2539 3762 tell you that I should not take it
2558 3708 3266 3760 Viennese, Ferencz Molnar, might
1889 3752 2524 3792 amiss were you to ask me to be
2557 3743 3276 3791 make Dr. Graesler“ into a play in
1889 3781 2536 3842 vour wife. There you have it in
2555 3777 3264 3841 collaboration with the author. Be¬
1887 3828 2538 3873 plain terms. I should like to
2549 3813 3267 3866 Itween the two of them only a strong
1887 3852 2536 3901 marry yon. I feel a great, cordial
2550 3845 3275 3916 audience could endure the contrasting
2546 3899 3183 3961 laughter and deft fronie sadness.
1892 3894 2530 3940 friendship for von, such as Ihave
2686 3931 3256 3998 LAURENCE STALLINGS.
1875 3927 2529 3989 not felt for any human being be¬
3260 2581 3312 2631 m
3257 2623 3320 2667 to
3255 2654 3313 2694 m
3258 2686 3325 2740 Se
3258 2757 3317 2827 be
3265 2818 3326 2861 he
3261 2852 3321 2900 th
