3436 4256
1802 136 2188 228 box 4/9
264 145 1158 225 29. Doktor Graesler
465 166 1658 258 an  eeene  e me.. SAdeATZL
1515 493 2171 568 HEMSTREET
448 527 713 606 Herald
1557 566 2118 626 96 WARREN STREET
460 588 1034 665 Vinter Haven Fla
1587 616 2073 692 NEW YORK CITY
504 644 893 748 Jur 4 (930
1470 738 1784 823 Tmanu-21
327 755 1091 856 Arthur SchnitzlersDr. Graesler“.
1476 801 1935 881 San Francisgo
322 825 1048 891 s sufriciertl9CyHIICal, melancholy and
1926 789 2121 906 2-33
319 859 1054 938 ubtle to suit anyone, though critics
313 902 1055 959 eem to hold that it reads more like
1483 938 2225 1011 NEW EDITION OF AN OLD
320 938 1059 1005 linical notes than literature. Some
317 974 1054 1056 eople like this sort of thing, how¬
1546 990 2230 1080 MASTER (Dr. Gracsler.—Br
326 1010 1052 1078 ver. Three distinguished Freud¬
304 1053 1060 1118 ians (by the wäy, Freud now refers
1546 1038 1945 1124 Arthur Schnitzler).
1012 1080 1053 1118 „
304 1085 1036 1152 to his life work as "metapsychology
1496 1097 2248 1184 Thas always been a matter of wonder
320 1126 1071 1191 rather than "psychoanalysis'') con¬
1509 1164 2213 1217 to me that between Jacob Wasser¬
326 1168 1061 1226 triute to The Structure and Mean¬
1459 1199 2221 1267 mann and Arthur Schnitzler, the former
346 1196 1064 1270 ng of Psychoanalysis,“ and the book
322 1224 1075 1300 fairly bristles with such interesting
1472 1244 2225 1306 should enjoy a greater vogue in this
344 1268 1077 1346 terms as libido, cathexis, polarities,
1468 1291 2229 1343 country. It can only be explained on
348 1309 1077 1380 ambivalence, the unconscions, pre¬
1472 1333 2218 1393 the ground that Wassermann’s heavy
354 1338 1075 1417 onscious and vonscious, dynamisme
1464 1373 2219 1432 bludgeoning and intricate morbidity
410 1392 992 1450 others no ###ss difficult to
1470 1417 2229 1463 scem more closely related to the
538 1418 1043 1479 on short notice. This 1
395 1445 455 1490 ent
1481 1460 2238 1525 ’classic’ and enduring in literature than g
340 1454 1077 1523 the last word to date, and represents
780 1498 1069 1560 ns of the psy¬
630 1509 735 1555 onvic
1466 1482 2224 1569 the delicate irony and limpid clarity or
334 1518 434 1564 the
946 1533 1100 1579 warm.
1463 1545 2214 1603 which Schnitzler has always been an
322 1548 468 1604 choan
774 1557 1104 1634 ed for Souckt
659 1584 710 1643 re
332 1594 465 1654 recept
1467 1591 2222 1653 exponent. Dark, brooding thoughts are
1474 1619 2224 1694 so often confused with eternal truths
561 1662 1079 1721 Makers of Modern Europe.“
343 1651 510 1730 Sforza's
1458 1680 2224 1730 and inner conviction, while emotions
337 1699 1110 1766 And nine exploits of Jeeves are now
1457 1717 2210 1786 that are quickly brought to the sur¬
792 1743 1093 1797 price of a dol¬
336 1746 784 1815 available for the low
1463 1765 2222 1829 face are dismissed as superficial and
336 1788 1086 1850 lar and worth it, summer or win¬
1475 1805 1732 1862 evanescent.
531 1806 1101 1865 Paul de Kruif is out with
364 1832 445 1876 ter.
1495 1831 2209 1895 But Wassermann with all his abtruse,
347 1857 1100 1915 Seven Iron Men,“ told in the same
1469 1893 2227 1941 introspective probing into the souls of
354 1893 1095 1950 earnest, hero - worshiping fashion,
362 1929 1104 1986 which somehow fails to attract as it
1467 1929 2228 1996 his variegated rcalm of characters has
973 1963 1102 2016 Dor¬
364 1970 870 2026 did in Microbe Huntern.
1465 1978 2230 2031 not been more penetrating than
372 1991 1107 2058 othy Parker’s Laments for the Liv¬
1469 2017 2220 2076 Schnitzler in Dr. Graesler,“’ for ex¬
437 2034 1110 2101 is probably worth 82.50. The
1456 2052 2221 2122 ample. Dr. Graesler“ appeared in Eng¬
359 2077 1117 2148 little lady is having a tremendous
1460 2100 2224 2164 lish seven years agor But in those days
358 2110 1112 2169 vogue. There's no end to what
1466 2143 2229 2208 ehe was an esoteric author, to be en¬
357 2147 1103 2203 we'd like to say, but there is a limit
835 2177 1110 2255 And so, for
1480 2182 2226 2235 oved bya few thousand fortunates who
349 2194 768 2249 Ito available space.
345 2232 726 2300 a week, farewell.
1456 2212 2228 2290 had just begunto hear of him, although
1468 2271 2217 2334 three or four of Schnitzler’s things,
1459 2320 2216 2386 particularly some playlets, had already
1459 2359 2212 2412 been published. Despite the fact that
1464 2399 2223 2472 Schnitzler is essentially of the pre-war
1460 2454 2209 2507 period, his name did not circulate to
1464 2488 2217 2558 any extent in the United States until
1457 2538 1766 2600 after ihe war.
1495 2552 2217 2636 But in 1930 Schnitzler’s name has
1452 2613 2219 2678 Treached a radius of 25,000 names, who
1454 2666 2218 2727 may bug or horrow his books. The in¬
1465 2684 2220 2758 Fercase in bis fame is due to a very large
1463 2750 2220 2810 lextent to Simon & Schuster, who have
1460 2785 2204 2852 been consistently attacked as the
1460 2824 2215 2905 panders of the publishing world. But
1469 2865 2213 2943 hatever theg have done that is pureiz¬
1454 2923 2196 2997 Pcommercial is completely atoned for hy
2195 2928 2948 2997 might be an ironic reference to the
1459 2976 2191 3042 the publication of Schnitzler, Franz
2206 2982 2946 3024 Sabine women who had to be forced.
1456 3026 1949 3094 Werfel and Felix Salten.
2189 3018 2938 3081 The sccond was Katharine, a middle¬
1491 3069 2193 3124 In" Dr. Graesler' Schnitzler has a
2196 3064 2947 3118 class working girl, who became his
1453 3107 2189 3169 Etheine whose variations he has woven
2208 3103 2951 3170 mistress because she had a genuine
2205 3152 2941 3209 affection for his gentleness to her. The
1452 3147 2188 3203 Tinto many another of his novelettes.
1445 3195 2187 3249 Dr. Gracsler, for many years a ship’s
1460 3238 2189 3284 surgeon, has retired to become a phys¬
2201 3231 2942 3306 come in contact when her child became
2201 3285 2628 3338 ill with scarlet fever.
1455 3287 2193 3342 ician for summer and winter health
1458 3312 2198 3384 resorts. Living with his old-maid sister
2226 3306 2923 3382 Indecisiveness has been the keyno
1442 3365 2190 3418 for many years, he is suddenly shaken
2205 3372 2911 3420 of Graesler’s life. Always drifting
1452 3411 2190 3466 to his depths when she çommits suicide.
2208 3412 2890 3462 found it difficult to adjust himself
2202 3452 2891 3510 another personality, until in rapid:
1459 3458 2188 3516 That fhertent stirs his moribund sen¬
1449 3483 2189 3541 sibilities. Gradually he begins to ap¬
2204 3502 2886 3554 cession he lost Sabine and Kathar
2200 3543 2875 3601 But finally he realizes that all he
1453 3544 2182 3593 preciate that during his entire life he
1460 3578 2183 3646 has been insulated from the world at
2207 3583 2878 3637 wanted and needed was to break
1455 3625 2129 3679 large and from his own emotions.
2188 3613 2866 3688 insulation, to make contact with
1487 3671 2889 3712 Three women come into his life in human element of his surroundi
1444 3713 2199 3760 rapid succession. The one who con¬
2200 3715 2870 3757 The widow, with her deep respect,
2856 3683 2919 3762 1d
1454 3751 2965 3802 siders him priggish, vain and incem-Ithe child, with her keen joy in che
1451 3798 2190 3849 esiderate, but who is willing to marry
2189 3795 2957 3855 doctor’s stories of his travels, were ad¬
1458 3826 2973 3886 him. The verg name Sabine that jmirably adapted to become his wife and.
1439 3869 2404 3957 Schnitzler has chosen for this girldaughter.
