3484 4224
843 201 1200 278 Graesler
1264 207 1683 275 Badearzt
287 203 797 277 29. Doktor
537 247 1430 312 ee Aneenenteretete et ene e en en
1490 251 1745 317 u u 2
1060 1770 1234 1855 T60t7
626 1866 1692 1992 sheiaisch Westph. Zeildlig, ESSs:
1041 1930 1344 1990 e, defrischend.
472 1955 1679 2043 Arthur Schnitzler, Doktor Gräsler, Badearzt. (S. Fischer, Verlag,
643 2023 1089 2079 , eb. 4 .
535 2031 1695 2111 Vielleicht ist dieser Roman das menschlichste Werk Arthur
489 2083 1688 2169 Schnitzlers. Wie eine Beichte ist dieses Buch, in dem uns der
483 2123 1683 2193 Dichter die Geschichte des Dr. Grasler, eines Badrarztes, erzählt,
485 2170 1690 2229 der mit seinen 48 Jahren zu der plöklichen Erkenntnis eines
488 2208 1690 2282 nahenden Alters kommt und nun, naußeiner Reihe ruhiger und
493 2247 1691 2306 schuldloser Jahre, sich in einen Spätrausch von Abenteuer und
494 2293 1697 2348 Liebe stürzt. Drei Frauengestalten sind es, die in neues Erleben
499 2324 1688 2396 ihn verstricken, in das komplizierte und so weit verästelte Erleben
497 2361 1697 2441 des reifen Mannes. Von Untreue zu Untreue geführt, wird er
512 2400 1694 2470 an allen Dreien schuldig, bis ihn eine von ihnen durch trapischen
505 2445 1692 2512 Tod erlöst. Es ist im wahren Sinn des Wortes ein herbstliches
1555 2491 1643 2543 er
512 2495 1243 2567 Buch, ein Buch der späten Resignation.
474 2574 713 2646 W
481 2618 1620 2692 d#e Schosiner Der Dechant von Gottesbüren. Rom#n
915 2639 1572 2723 rlin,) Geh.3,50 Mark, geb 5 Mark.
1238 2669 1685 2736 ###ner als von einem
1446 2711 1685 2773 #erblühe.
1818 203 2211 288 box 4/9
2278 684 2843 800 Leipziger äme
2454 764 2689 859 Leiptas
2197 965 2980 1062 Kriegsferne Literatur
1934 1056 3242 1138 Jarl Hamson: „Dan': Arlhur Schnihler: „Doktor Gräsler, Badea#g““:
2193 1118 2981 1166 Cäeille vor Tormch. Dür alte Haus“,
2249 1159 2933 1213 sämtlich bei S. Fischer, Verlag.
1996 1198 3256 1254 Kein fernes Kriegsgelöse klingt in die Stülle dieser Bücher hinein,
1971 1240 3244 1297 denen drei Dichter drei Welten hinsiellen, durch ganz verschiedene
1935 1279 3255 1341 Pläser gelesen, aber jede in ihrer Art und Elgenart blutvoll und warm.
1937 1325 3260 1376 kein Dulverrauch und kein Schrapnellgeknaiter ist in ihnen, und den
1928 1364 3249 1409 koch sind sie von Kampf erfüllt, von einem niemals erlöschenden, steis
1982 1405 3247 1439 h gleich bleibenden Kampf, für dessen pathologische Oesetzmäßigkeit
1914 1428 3257 1500 S##dberg unserer Generation die Augen zu einem furchtbaren Sehen
1922 1496 2729 1537 geöffnet hal: dem Kampf der Geschlechter.
2009 1508 3244 1574 „Dan“, des Nordländers Knut Hamsun bedeukendster Roman,
1919 1560 3252 1622 ist uns ein vertrauter und darum sehr lieber Freund, den wir auch in
1918 1598 3243 1647 seinem neuen Gewande (er ist jetzt in Fischers Romanbibllothek
1927 1652 3240 1690 schienen) erfreut begrüßen, we'l seine Innigkeit uns mit gleicher Ur¬
1921 1677 3244 1727 sprünglichkeit und Unverblaßtheit berührt wie beim ersten Bekannk¬
1928 1718 3249 1768 werden, als wir uns willig in den ewigen Tag des Nordlandsromans hin¬
1926 1757 3251 1805 einführen ließen, wo „die Nacht zum Tage wird und uie ein Stern am
1923 1800 3240 1846 Himmel zu sehen ist“. Zwischen Edwarda und Eva der eine Mann, der
1927 1834 3245 1883 #i#e treue Hingabe der einen dankbar genießt und dennoch ihren Tod
1925 1881 3248 1925 verschuldet — vom kallen Troßz der andern aber in die Knie gezwungen
1915 1919 3250 1975 und selber vernichtet wird. Sane und Einsamkei. sind in dem Buch, erste
1916 1951 3247 2004 und letzte Gesühle. Zwischen Mann und Weib eine Schen und Unbe¬
1925 1986 3238 2041 holsenheit, als hälten nicht Generationen und aber Generationen feit
1931 2016 3249 2088 Adam und Eva gelebt, als wären Mann und Weib immer wieder von
1921 2069 2821 2125 neuem der erste Mann und das erste Weib.
2003 2081 3260 2151 Ein Aehnliches bringt Schnißlers Buch „Doktor Gräsler,
2235 2149 3257 2196 Die Erzählungskunst Schnißlers ist kändelnder und
1924 2142 2231 2205 Badearzt“.
1927 2184 3244 2237 weniger erdschwer als die Hamsuns, den man sich nur vor einer Kulisse
1921 2222 3258 2272 von dunkelragenden Bergen benken kann, wie er sich im eisgrünen
1921 2265 3241 2312 Wasser der Fjorde spiegell. Schnitzler dagegen bleibt Weltmann. Er
1921 2312 3256 2362 vergißt nicht einen Augenblick, daß sein Publikum anakolhaft-wienerisch
1929 2333 3264 2386 empfindet, daß man Untiefen gleitend überfliegen, Hauklosigkeiten mit
1929 2386 3278 2435 welchem Mankel zudecken muß. Dennoch wird auch diesen Zuhörern die
1924 2429 3237 2478 Ahnung von etwas Schicksalhafkem aufgedrängt, so daß sie an die Ver¬
1926 2443 3251 2518 strickung seelischer Verschuldungen glauben lernen. Die Gestalk Doklor
1927 2490 3242 2550 Gräslers, des Badearztes, ist so apari wie lebendig, und in mehr als
1922 2551 3247 2592 einem Zuge ist er Hamsuns Held, dem Leutnank Glahn, verwandl, so¬
1918 2587 3244 2631 weit man den Ausdruck „Held“ hier auf die Träger der Handlung an¬
1926 2618 3249 2667 wenden kann, die so gar nichts Heldenhaftes haben, sondern sich schleben
1920 2670 3243 2710 lassen, wie das Schicksal sie schieben will, mit etwas orlenkallscher Restgn¬
1925 2697 3246 2753 ation, die bei dem Nordländer Hamsun schwerer zu begreifen ist als bei
1923 2746 3240 2789 Schnitzler. Wir lernen diesen Doktor Gräsler erst kennen, als er den
1922 2774 3246 2821 Fünfzig nahe ist, und erfahren aus seinem früheren Leben nichts, was
1923 2815 3244 2868 ihn uns abenteurerhaft erscheinen lassen könnte. Gleichwohl wird er in
1920 2852 3225 2898 diesem vorgeschrittenen Alter die Beute wirter S#bnisse. Ein Mann
1918 2887 3232 2940 zwischen drei Frauen: die kluge, stolze Frau, die ihn verletzt zurückstößt,
1916 2948 3232 2987 als er zögert, sich von ihr in den Hasen ziehen zu lassen, die welche, hin¬
1915 2968 3235 3023 gebende Frau, die Eva aus Hamsuns Buch, die glelch ihrer nordischen
1922 3019 3245 3061 Schicksalsschwester durch sellsames Verschulden des Gelleblen den Tod
1922 3049 3243 3119 erleidet — und endlich ein Wesen mit zärklich-mütterlichen Instinkten,
1930 3091 2762 3130 das dem Alternden Heimat und Ruhe wird.
2004 3131 3244 3178 Ist Hamsuns Buch eine Sinfonie der Einsamkeit, in der alle
2812 3165 3239 3218 Schnitzlers Buch eine
1917 3179 2802 3223 dunken Stimmen der Natur aufklingen, ist
1920 3202 3241 3253 Tragödie des Mannes, der in der Jugend einsam geblieben ist und dann
1931 3257 3241 3297 im Alter willenlos — wen ohne starke Wünsche — hin und her geschleu¬
1915 3284 3236 3339 derk wird, so ist Cäcilie von Tormays Roman „Das alle
1929 3326 3242 3377 Haus“ ein süßes, herbes, unendlich reiches Lied von der Menschheil
1922 3364 3247 3410 überhaupt, der Menschheit, die in drei kypischen Generationen vor uns
1928 3399 3235 3457 Ungestellt wird: der aufbauenden, der erfüllenden und der erschlaffenden
1922 3434 3247 3488 Generakion. Unerbikkliches Schicksal vollzieht sich. Das Haus, das
1923 3477 3247 3518 Menschenaltern trotzen zu können schien, wird morsch und fällt unter dem
1922 3514 3239 3564 Meißel. Besitz, der machtvoll aufgesammelt wurde, zerbröckelt. Aus
1921 3548 3246 3598 Männern der Kraft, die Könner und Woller waren, bleibk nur eine
1925 3586 3253 3650 Frau, die eines andern Geschlechtes Namen krägk und aus dem alten
1930 3628 3247 3695 Hause fortgeht, um in der Zeimat ihres koken Mannes neue Wurzel zu
1931 3682 3188 3733 schlagen, die Mukker eines neuen GSchlechts: Anstieg, Höhe. Absturz-
1929 3698 3235 3767 Rhykhmus des Welkgeschehens. Es fleht eine Geschichte in diesem Buch,
1923 3763 2903 3808 die auch für die beiden andern Bücher Geltung hat:
2008 3763 3231 3852 „In jeder Gasse gab es einen Maskenladen. Viele Leute bekrieben
1920 3826 3228 3888 einen Handel mit bunten Kleidern für die Mummereien. Zur Faschings¬
1932 3863 3230 3928 zeit zogen die Menschen singend durch die Gassen der Festung. Alte und
1921 3895 3243 3974 Junge in allerlei bunken Masken, mit kleinen Lakernen — das war eine
1925 3951 2323 3995 närrische Drozession.
2005 3970 3238 4030 Nur Aschermiktwoch um die Morgenstunde hatte die Lust ein Ende.
1917 4022 3232 4071 Aslen Maskenläden wurden Schlösser vorgelegt ... Alle wurden sie
1918 4061 3233 4107 geschlossen. bloß in der Forkunagasse blieb ein Laden selbst nach dem
1925 4100 3243 4170 Ascherinisfwoch noch geöffnek. Das ganze Jahr hindurch sland dieser
1920 4139 2174 4185 Haben affen.
