3436 4256
1219 226 1613 297 Badearzt
234 224 1158 304 29. Doktor Graesler
1242 256 1655 338 aaaaret
395 560 1307 673 ## #u Segee-mm, agenen
1319 560 1401 649 9
337 609 396 674 :
549 728 1320 853 Das Litterarische Sche, Berlin
362 1021 1282 1219 Kurze Anzeigen
531 1226 1092 1312 Romane und Erzählungen
305 1272 1352 1354 Doktor Gräsler, Badearzt. Erzählung. Von Arthur
480 1333 1346 1403 ir. 1917, S. Fischer. M. 3,— (4.—).
362 1349 498 1393 Schr
340 1374 1350 1431 —Wenn das Alter, wie so oft gesagt worden, einem
301 1409 1346 1484 klaren Bergsee gleicht, der, ein ungetrübter Spiegel, ge¬
307 1456 1353 1523 stilltere äußere Vorgänge im Wechsel mit beruhigteren
309 1490 1362 1559 seelischen Forderungen zeigt, so scheint solchem See ein
315 1527 1349 1606 Zauberwald vorgelagert zu sein, den der Alternde zu¬
319 1556 1345 1643 nächst zu durchschreiten hat und in dem ihn letzter Heren¬
318 1622 664 1694 wahn beängstigt.
396 1622 1350 1718 In diesem Zauberwald findet sich Doktor Gräsler,
315 1685 1354 1746 Badearzt. Drei Frauen treten ihm entgegen und werben
317 1723 1354 1794 um ihn, jede in ihrer Art. Mit seelischem Freimut die
321 1758 1359 1829 eine, derart, daß ihre Werbung zu strahlender Offen¬
325 1787 1359 1875 barung einer vornehmen und sellenen, höchst begehrens¬
316 1829 1366 1898 werten Persönlichkeit wird; mit naiver, sehr reizender
323 1870 1360 1939 Sinnlichkeit die andere; mit berechneter Verführungskunst
320 1914 1367 1998 die dritte, und natürlich ist sie es, die der Gealterte mit
321 1974 1058 2033 sich führt. Wohin? Zu dem Bergsee?
398 1987 1357 2071 Der in den Strudel dieser Wirrnisse gelangt, Doktor
323 2040 1370 2109 Gräsler, Badearzt, benimmt sich darin, wie der Kork
328 2088 1363 2158 im Wasser. Vielleicht ist es künstlerische Absicht, oder
316 2122 1375 2197 es ist, wie immer bei Schnitzler, ein Übermaß an Psycho¬
327 2164 1377 2245 logie, das die Schärfe der Profilkonturen beeinträchtigt,
397 2224 1364 2269 zu stark individuellem Eindruck gelangt man nicht.
320 2248 1372 2297 Doktor Gräsler, Badearzt, ist nur Typus. Der Typus
322 2297 1381 2366 des Gealterten, dem sein Beruf zur Gewöhnung gewor¬
323 2318 1372 2396 den; der an manchen lauen Erlebnissen Opferfreudigkeit
334 2358 1377 2431 und Glauben verlor; der keine Entschlußkraft besitzt;
327 2399 1383 2468 der mit der Skepsis des Schwachsichtigen die Augen
326 2440 1384 2503 überanstrengt, zu sehen, was nicht da ist, und nicht zu
322 2491 1168 2563 gewahren, was sehr hold am Wege blüht.
418 2511 1375 2595 In der etwas verschwommenen Gestalt des Doktor
341 2556 1366 2637 Gräsler ist die Galerie literirischer Philisterporträts immer¬
334 2599 1314 2670 hin um eine bemerkenswerte Nummer bereichert worden.
411 2631 1385 2705 Man ermißt an diesem Bilde, wie groß die Kunst
331 2674 1386 2740 des Erzählers ist. Denn dieser Doktor Gräsler ist nun
339 2707 1380 2786 freilich ein Gleichgültiger. Man möchte an ihm vorüber.
346 2753 1383 2814 Und kann es nicht. Man sieht sich an jedem Kilometer¬
339 2797 1388 2864 stein des seelischen Ganges genötigt, diesen Gealterten,
340 2835 1392 2899 Feigen, Erbärmlichen von sich abzuschütteln, sich von der
339 2863 1401 2941 eigenen Verachtung Rechenschaft abzulegen — und gelangt
349 2918 1397 2975 dazu, ihn immer tiefer zu begreifen, an ihm sich selber
341 2952 1395 3015 zu richten, in ihm sich selber das Verdammungsurteil zu
347 2991 1325 3073 sprechen. Sehr groß ist die Kunst des Erzählers.
431 3023 1381 3089 Man fühlt sich im Bann einer rein innerlichen Span¬
352 3070 1395 3156 nung, der man sich aus seelischem Reinlichkeitsbedürfnis
352 3118 1255 3199 entziehen möchte, und die statt dessen zunimmt.
424 3142 1397 3217 Aber dann steht man am Ende. Das Ganze wieder
340 3183 1400 3247 überblickend, fragt man sich, ob die erzielte Wirkung
349 3230 1404 3298 mit den aufgewandten künstlerischen Mitteln in Einklang
352 3270 1402 3344 steht. Von einem gewissen literarischen Standpunkt aus
354 3307 1391 3374 wird man die Frage bejahen. Zweifellos kann es künft¬
345 3339 1404 3422 lerischer Selbstzweck sein, durch Eingehen in philiströse
351 3429 1408 3517 Sphären dem Menschen sein philisterhaft Erbteil im Blut
354 3475 1421 3550 zu Bewußtsein zu bringen, und ich wüßte nicht, wie
360 3529 1411 3585 das in vollendeterer Weise geschehen sollte, als es hier
365 3572 1393 3625 gegeben ist. Die neue Sehnsucht unserer Tage aber
368 3610 1397 3674 würde dem gleichen Thema andere künstlerische Bewälti¬
358 3651 1397 3718 gung wünschen. Kein Eingehen in die Philistersphäre;
359 3690 1410 3733 vielmehr eine Schilderung der Temperamentlosigkeit aus
358 3730 1401 3777 dem Temperament heraus; ein Blick vom Berg ins
361 3765 1436 3829 Tal, so daß der Philister nicht mehr seelischer Genosse
358 3810 1338 3877 bliebe, sondern wieder zu romantischem Spuk würde.
441 3813 1422 3907 Diese Sehnsucht nun freilich wiese über Doktor Gräsker,
360 3877 1246 3949 Badearzt, hinaus. Auch über Arthur Schnitzler?
1014 3920 1370 3990 Ernst Heilborn
386 3938 590 4002 Berlin
1671 253 1733 334 *
1769 218 2161 321 box 4/9
1798 924 3203 993 Minister waren. Am ungünstigsten über den Inspirator der Hohenwart'schen
1796 995 3198 1058 Experimente, über den Professor Dr. Schäffle. Der Dilettant, der mit selbst¬
1809 1040 3202 1112 sicherer Entschlossenheit in das österreichische Problem hineintaucht, hat sich
1807 1089 3204 1153 seither noch öfters im politischen Leben gezeigt. Damals war viese Rolle neu.
1800 1138 3194 1194 Man fühlt sich zeitgenössisch angemutet, wenn man in den hochtrabenden Pro¬
1798 1183 3198 1256 grammen und Außerungen seines Kabinetts die Fülle der Reformen bis zum
1805 1235 3205 1295 allgemeinen Wahlrecht liest, durch die Österreich rasch gerettet werden sollte.
1800 1282 3208 1343 Unbedenklicher, übrigens im letzten Augenölick zurückschreckender Dilettantismus
1802 1334 3205 1401 oder zuversich iche Temperamentlosigkeit lösten sich späterhin immer mehr ab.
1794 1380 3198 1437 Regent am Ministerhimmel wurde das Taaffe'sche System, auch nach Taaffe.
2962 1434 3170 1506 Janus.
1804 1476 3216 1561 Grete Meisel=Heß: „Die Bedeutung der Monogamie.“ Berlin,
1912 1549 2377 1623 Oesterheld & Cie.
1925 1597 3198 1682 In einer kleinen Broschüre tritt Grete Meisel=Heß voll warmer Empfin¬
1793 1656 3201 1734 dung für die Monogamie ein und streut Pech und Schwefel auf alle, die sich
1804 1719 3199 1777 gegen dieses heilige Naturgebot versündigen. Denn sie sucht zu beweisen, daß
1803 1764 3206 1827 das Wesen der Monogamie für den Tiefempfindenden das einzig natürliche ist.
1807 1815 3201 1878 Und auf den Abtrünnigen warten überall Strafen, seelische, moralische, körper¬
1793 1870 3207 1931 liche. Nur der Monogame geht ruhig und sicher durchs Leben. Wie ernst diese
1794 1907 3208 1974 Sache genommen werden 'müßte, wie tief erschüttert wir gerade jetzt dem
1796 1954 3210 2023 Niedergange der Moral zusehen, einer Moral, die nicht begründen will, die
1792 2024 3206 2079 keinen Höhenflug der Gedanken kennt, nur ei: Hinabsteigen in des Lebens
1794 2056 3207 2118 tiefste Niederungen, so peinlich empfinden wir ein Moralisieren, selbst wenn es
1806 2109 3203 2172 logisch begründet ist, selbst wenn es richtig und klug und wahr ist. Denn es
1797 2172 3209 2216 gibt eben auch Jahreszeiten der Moral. Ein Alter, wo man alles auf eine
1800 2201 3204 2271 Karte setzt, wo man im Augenblick zu leben glaubt, wo man im Augenblick
1802 2252 3218 2297 das Antlitz der Ewigkeit zu sehen meint, und erst je älter man wird, desto
1795 2299 3211 2358 länger dünkt einem der Weg, desto sicherer mag der Kluge sein Haus be¬
1793 2351 3215 2412 stellen. Da hält eben Frau Vernunft die Zügel fest in der Hand und das
1798 2407 3021 2472 Temperament sitzt ganz still im Hintergrund und lächelt oder gähnt.
1915 2443 3211 2529 In seinem gedankentiefen Buch über Erziehung und Selbsterziehung
1811 2511 3217 2566 macht Prof. Förster der modernen Ethik den Vorwurf, daß sie verdamme, ohne
1800 2557 3238 2619 gleichzeitig aufzurichten, dazu bedürfe es, wie er meint, Gottes Wort. Viel¬
1815 2601 3226 2656 leicht gelänge dasseibe auch Worten, von menschlicher Güte durchleuchtek,
1805 2647 3215 2705 Worten von einem Verstehen, das begreifen will, nicht nur richten, Worten, die
1799 2702 3207 2760 bessern und erheben möchten, die durchtränkt sind von höchster Liebe, Worten
1800 2745 3222 2822 deren Menschentum Gottestum bedeutet. Grete Meisel=Heß hat, obgleich sie die
1802 2800 2771 2873 Fahne ihrer Liebe hoch hält, zu wenig Menschenliebe.
2816 2827 3189 2918 Marie Holzer.
1812 2912 3222 3013 Artur Schnitzler: „Doktor Graesler, Badearzt.“ Erzählung.
1950 2979 2572 3051 Verlag S. Fischer, Berlin.
1928 3046 3206 3111 Daß Artur Schnitzler die Fünfzig überschritten hat, ist für die Schreier
1814 3090 3206 3157 des „jüngsten Tages“ Grund genug, ihn „vieux jeu“ zu finden; aber auch
1804 3140 3208 3203 vor manchen der ernsten Männer, die für den „jüngsten Tag“ streiten, die
1809 3189 3223 3249 nicht den Eintag noch Alltag meinen, findet Schnitzler nur geteilte Gnade. Sie
1582 3232 3226 3314 klagen, daß er allzu ausschließlich das „erotische Thema“ behandle; ein Vor¬
2454 3305 2573 3400 541
