3436 4256
223 188 444 269 29.
462 189 587 265 Dok
814 183 1083 262 raesl
1236 183 1552 261 Badear
444 184 2170 309 eraizt box 4/9
1194 1166 2546 1266 Kuß auf den heißen Lippen verglühte, das Licht des Daseins selbst
1192 1251 2550 1334 verlöscht, und Doktor Gräsler wandert nun, schwerfällig und
1204 1304 2545 1384 stapfend, die andre, die sinistre Seite des Berges seinen einsamen
1201 1355 2548 1426 Weg abwärts, der in ungewisse, gleichgültige Leere zu führen
1191 1402 2548 1488 scheint und unvermutet in abenteuerliche Fülle dreifacher Liebe,
1192 1456 2185 1543 dreifachen Werbens und Umworbenseins gerät.
1300 1504 2533 1583 Diese Ueberschneidung verwandter und nicht identischer Ge¬
1193 1565 2544 1643 fühle wäre „Schnitzler“ (mit Gänsefüßen), wäre Koketterie mit
1205 1620 2538 1677 der eigenen Psychologenkunst, wenn das Wirrsal zugleich Wirr¬
1196 1659 2532 1732 seligkeit wäre, mit sentimentalen Achs und Ochs und faulem
1199 1717 2539 1774 Stimmungszauber und nicht eher halb skeptischer, halb apathischer
1198 1755 2545 1842 Fatalismus eines Bequemlings, der nie ein Herr von Sala und
1198 1808 2543 1883 ein Schlürfer und Auskoster absonderlich gemischter Liebes=Coaktails
1184 1858 2529 1909 war, sondern — jenseits der Jahre mehr denn je — ein etwas
1193 1890 2534 1970 dumpfer und etwas stumpfer, etwas verfetteter und etwas geruh¬
1186 1956 2543 2032 samer Muskelmensch ist, mit der Alterserscheinung einer seelischen
1193 2014 2278 2076 Arteriosklerose, die man gemeinhin Egoismus nennt.
1294 2063 2534 2128 Doktor Gräslers Charakter hat mehr Greifbares als Imagi¬
1192 2111 2530 2188 näres, weniger Zerebrum als Fett, oder, um es Schnitzlerisch zu
1186 2151 2543 2247 sagen, mehr Haltung ols Geist, obwohl das Manko an diesem
1195 2212 2526 2285 keineswegs durch eine Hypertrophie an jener hervorgerufen ist.
1191 2273 2542 2322 Doktor Gräsler ist eine durchaus animalische und vegetative, un¬
1185 2309 2536 2381 problematische und unmondaine Natur. In dem Sommerbade¬
1195 2356 2535 2422 ort, in dem er ordiniert, liegt wohl nicht einmal eine Fremden¬
1184 2393 2543 2469 liste auf. Und die drei Frauen, in deren Leben er, und die in
1190 2456 2535 2526 sein Leben verstrickt werden, sind unkostbar und unzerlegt wie er,
1193 2514 2541 2579 keine Schnitzler=Weiber, denen statt der Haut das Nessusgewand
1187 2546 2539 2617 eines Ueber= oder Ober=Nervensystems übers Fleisch gewachsen ist;
1191 2591 2541 2679 sie sind sehr einfache, simple undtsellose Exemplare der species
1199 2658 2532 2729 femininae. Sabine, die Reine, Katharina, die Kleine, und Frau
1184 2706 2529 2771 Sommer, die am Ende die Seine wird, während Sabine am frühe¬
1186 2754 2537 2841 sten aus Gräslers Leben und unsrer Lektüre verschwindet, aber
1198 2807 1916 2889 am längsten im Gedächtnis haftet.
1284 2855 2530 2930 Katyarina also wäre, nur aus dem Wienerischen in schärfer¬
1198 2904 2530 2983 kantiges und weniger picksüßes Norddeutsch transponiert, die
1186 2961 2530 3035 Schlager=Mizzi, die von der Plattform einer zufälligen Straßen¬
1192 3009 2534 3068 bahnbegegnung über ein Theaterfauteuil unters Bett=Tuch schlüpft
1246 3073 2520 3122 wenn sie eben nicht durchaus Katharina wäre, ein braver, tap¬
1189 3117 2529 3177 ferer, unbesinnlicher Kamerad von acht Tagen und ebensovielen
1196 3161 2529 3222 Nächten, der sich nach abermals acht Tagen, von Scharlachbazillen
1183 3207 2525 3267 tödlich infiziert, lautlos und unbemerkt aus dem Staub und aus
1180 3254 2535 3325 dem Leben macht. Katharina stirbt nicht durch sich und nicht an
1198 3306 2523 3372 Gräsler, und doch durch ihn, denn Gräsler schleppt den Ansteckungs¬
1182 3357 2530 3408 bazillus aus der Krankenstube von Frau Sommers Töchterchen im
1184 3407 2535 3467 ersten Stock in sein und Katharinas Schlafzimmer im zweiten
1182 3455 2535 3524 Stock, und dies ist, Gott sei Dank, bei dem neuen Schnitzler (im
1187 3519 1309 3596 274
