3436 4256
1302 192 1720 265 Badearzt
1837 189 2242 288 box 4/6
280 193 1235 299 29. Doktor Graesler
499 238 1708 306 Lensel Auester Laauahzt
848 916 1211 1054 Nr. 81.
1753 921 3229 1118 Berliner Tageblatt.
632 1035 1435 1129 Mittwoch, den 14. Februar 1917.
2512 1099 3052 1173 We Ae S c
609 1128 978 1217 AuTn Wr in.
3112 1148 3385 1209 2.15 bis 2,60
1845 1149 3066 1216 großen Orchester gespielt, das unter Leitung von Vörös Miska steht.
3067 1168 3388 1253 Preissteiger
683 1177 1850 1250 Erscheinen so die Schwierigkeiten für Einführung einer Kunden¬
1878 1205 3071 1254 Das große Los der Wohlfahrtsgeldlotterie in Höhe von 75 000
603 1224 1843 1290 lste auch für Gebäck überwindlich, so ist zu hoffen, daß mit ihrer
3112 1236 3397 1297 Ein tödlich
1841 1243 3065 1298 Mark fiel am gestrigen zweiten Ziehungstage auf Nr. 210 289. Ferner
3077 1251 3320 1335 burger S
612 1278 1840 1332 Hilfe die Groß=Berliner Brotversorgung auf eine völlig
1841 1289 3059 1338 fielen: 40000 Mark auf Nr. 197 958, 20000 Mark auf Nr. 197 093,
3066 1296 3387 1370 Leben kam, besch
611 1311 1829 1362 sichere Grundlage gestellt wird. Das „Berliner Tageblatt“
1846 1323 3065 1399 10000 Mark auf Nr. 80 824, je 1000 Mark auf Nr. 10 247, 81 485,
3063 1343 3385 1405 gerichts I. Unter
605 1360 1835 1418 wies übrigens jüngst in einem besonderen Artikel darauf hin, mit
1849 1369 2813 1430 112 943, 159 917, 203 330, 254 182, 271 905 und 318677.
3058 1388 3388 1443 sich der Straßen
614 1393 1839 1457 welchen Fehlerquellen bei der Brotversorgung gerechnet werden
1895 1400 3062 1465 Die Lebensmittel einer Straßenbahnschaffnerin. Ein
3066 1422 3390 1483 Angeklagte hatte,
614 1441 1838 1502 muß und erwähnt dabei, daß zu diesen Fehlerquellen auch Dieb¬
1842 1455 3060 1507 arges Mißgeschick traf eine Straßenbahnschaffnerin in Neukölln.
3059 1458 3395 1522 tigt war, seinen
616 1484 1838 1551 stähle und Fälschungen von Brotkarten gehören. Die Ver¬
3071 1498 3384 1555 gegen den Wage
1850 1500 3062 1560 Sie übergab alles, was sie an Nahrungsmitteln gesammelt hette,
612 1528 1848 1595 urteilungen wegen Brotkartendiebstählen= und
3060 1537 3375 1594 abgequetscht; sie
1847 1542 3069 1601 einem Betriebsleiter M. in Neukölln, der es für sie räuchern sollte:
611 1575 1845 1632 fälschungen sind gerade in der letzten Zeit so zahlreich,
3065 1569 3377 1633 führung in ein
1839 1581 3058 1643 2 Schinken, 4 Stücke Speck, 1 Rinderzunge und 40 Pfund Blut¬
3072 1609 3366 1671 schuldigung an,
616 1613 1847 1670 daß man schon hieraus erkennen kann, welch große Gefahren tat¬
1849 1628 3065 1695 und Leberwurst. Nun haben Einbrecher die ganzen Vorräte gestohlen.
3069 1650 3366 1704 habe, daß ihm
615 1658 1843 1715 sächlich bestehen. Nur die Kundenliste kann ein geeignetes Mittel
1895 1676 3052 1730 Eine Trauerfeier für den Admiral Litto Livonius vereinte
3070 1681 3374 1745 haupt an den 1
626 1699 1850 1765 sein, diese Art vermeidbarer Fehlerquellen abzufangen; und bietet
1852 1708 3061 1767 gestern nachmittag einen größeren Kreis von Leidtragenden in der
3059 1709 3393 1784 Medizinalrat P#
620 1740 1835 1807 sich in der Kundenliste der Weg, solche gefährlichen Erschütterungen
1847 1759 3066 1825 Kapelle des neuen Zwölfapostelfriedhoses zu Schöneberg. Unter ihnen
3062 1760 3386 1826 dahin zusammen,
1848 1870 3054 1932 Hügel ragten dunkel und höher als bei Tag, aus den kleinen
3067 1874 3383 1945 gewahrte er di
1857 1921 3069 1965 Villen schimmerten Lichter her, auf einem Balkon lehnten
3066 1930 3381 1988 nicht zu unter
616 1864 1845 2015 Doktor Gräsler, Badearzt
1846 1963 3061 2016 stumm, enger aneinander geschmiegt, als sie es sich wohl bei
3057 1967 3388 2023 stehen und füh
1843 2001 3080 2066 Tageslicht erlaubt hätten, ein Mann und eine Frau. Von
3065 2014 3380 2069 treten und sich
1116 2003 1352 2091 Erzählung
1837 2040 3080 2110 einer Veranda her, wo eine kleine Gesellschaft beim Abend¬
3062 2044 3384 2115 führt, nach den
649 2043 967 2136 [3. Fortsetzung.]
1181 2071 1304 2130 von
1425 2050 1832 2139 (Nachdruck verboten.]
1836 2094 3394 2145 essen saß, klang lautes Sprechen und Lachen. Dr. Gräsler aber er besann
986 2100 1477 2188 Arthur Schnitzler.
1848 2132 3067 2181 begann Appetit zu verspüren, freute sich dem Abendessen ent¬
3068 2135 3387 2195 Würde kaum u
1849 2179 3074 2235 gegen, das er im Silbernen Löwen einzunehmen pflegte, und
678 2153 1781 2238 Er dachte ferner Zeiten, junger, heiterer Tage.
3074 2177 3396 2248 Von diesem S#
1842 2218 3066 2270 trieb den gemächlichen Kutscher zu größerer Eile an. Am
605 2193 1842 2278 ihm manches hübsche Wesen in Liebe angehört hatte. Zuerst
3069 2221 3305 2276 Hause, als
1847 2254 3065 2324 Stammtisch, wo er die Bekannten schon alle versammelt fand,
617 2260 1845 2318 fiel ihm die Ingenieurswitwe aus Rio de Janeiro ein, die
3060 2259 3339 2328 für möglich g
1841 2296 3060 2362 trank er heute ein Glas Wein mehr als gewöhnlich, weil ihm,
611 2291 1838 2349 den Dampfer, auf dem er als Schiffsarzt mitreiste, in Lissa¬
3071 2307 3384 2362 Tagen im Städ
1848 2341 3066 2387 wie er von früher her wußte, in einer solchen ganz unmerk¬
614 2338 1845 2407 bon verlassen hatte, angeblich, um irgend etwas in der Stadt
3063 2347 3387 2411 sie verreist oder
1843 2373 3067 2433 lichen Benommenheit das Leben irgendwie füßer und leichter
605 2383 1847 2433 einzukaufen — und die, trotz ihres bis Hamburg geltenden
3062 2379 3390 2443 den wäre, was
1846 2433 3064 2487 zu erscheinen pflegte. Er hatte anfangs die Absicht, von seinem
607 2425 1850 2488 Billets nicht wieder an Bord zurückgekommen war. Er sah
3064 2418 3394 2500 nur wünschens
1855 2466 3074 2522 heutigen Besuch im Försterhaus zu erzählen, doch aus irgend¬
620 2465 1853 2524 sie noch vor sich, wie sie in ihrem schwarzen Kleid aus dem
3120 2476 3387 2540 Eines Morg
1844 2511 3065 2559 einem Grunde, der ihm nicht klar wurde, ließ er es sein. Der
615 2512 1845 2570 Wagen heraus, der sie vom Hafen aus zur Stadt hinauf¬
3072 2519 3387 2581 Behagen der e
1850 2553 3062 2602 Wein versagte aber heute seine Wirkung. Dr. Graesler erhob
619 2552 1847 2618 führte, ihm freundlich zuwinkte, und wie sie ihm an irgend¬
3062 2567 3396 2631 Frühstück einn
604 2604 1846 2652 einer Straßenecke entschwand für alle Ewigkeit. Er dachte
1851 2597 3060 2652 sich sogar melancholischer vom Tische, als er sich hingesetzt
3070 2609 3349 2665 Herr ihn zu
1850 2641 3056 2706 hatte, und begab sich mit leichten Kopfschmerzen nach Hause.
604 2641 1850 2701 ferner der Advokatentochter aus Nancy, mit der er sich in
3060 2647 3393 2715 gewachsener hül
619 2678 1853 2741 St. Blasien, dem ersten Ort, wo er seine Badepraxis ausübte,
3065 2692 3390 2759 kon erschien, ze
2385 2693 2522 2767 III.
609 2729 1852 2774 verlobt hatte, die dann plötzlich mit ihren Eltern eines wichti¬
3070 2740 3386 2795 einer so unver
609 2761 1855 2825 gen Prozesses halber nach Frankreich zurückreisen mußte und
1903 2748 3063 2815 In den nächsten Tagen nahm Dr. Gräsler öfter als sonst
3061 2767 3386 2842 Doktor nicht u
614 2809 1847 2860 ihm die Nachricht von ihrer Ankunft sowie jede andere bis
1850 2798 3068 2859 Gelegenheit, die Hauptstraße des Städtchens zu durchstreifen
3061 2820 3383 2880 grüßen. „Der
606 2848 1846 2916 zum heutigen Tag schuldig geblieben war. Auch des Fräuleins
1846 2846 3061 2904 in der unbestimmten Erwartung, Sabinen zu begegnen. Ein¬
3059 2853 3390 2936 zeugtem als fra
604 2884 1859 2945 Lizzie dachte er, aus seiner Berliner Studentenzeit, das sich
1848 2882 3063 2936 mal lief er sogar, wie von einer Ahnung ergriffen, während
3121 2905 3388 2967 „Der bin ich
617 2934 1847 2989 seinetwegen sogar ein wenig angeschossen hatte, und er er¬
1858 2933 3070 2978 seiner Sprechstunde, als das Wartezimmer zufällig eben leer
3132 2949 3372 3005 „Ich habe
604 2964 1847 3032 innerte sich, wie sie ihm widerstrebend die rauchgeschwärzte
1855 2972 3070 3030 stand, die Treppe hinab und tat einen eiligen, doch vergeblichen
3070 2980 3398 3056 Mutter erkannt
1854 3021 3063 3070 Gang bis zur Trinkhalle und wieder zurück. Am Abend dieses
612 3015 1846 3078 Stelle unter der linken Brust gezeigt, und wie er doch keine
3066 3031 3387 3087 bin noch beim
617 3063 1847 3114 Spur von Rührung, sondern nur etwas Aerger und Lange¬
1844 3062 3059 3116 selben Tages erwähnte er wie beiläufig am Stammtisch, daß
3066 3069 3397 3140 Frau Mama w
604 3092 1849 3155 weile empfunden hatte. Er dachte auch der netten, häuslichen
1844 3089 3068 3152 man ihn neulich ins Forsthaus gerufen habe, und horchte an¬
3072 3113 3257 3174 Sabine.
604 3151 1849 3200 Henriette, die er durch viele Jahre, wenn er von seinen Schiffs¬
1850 3146 3074 3201 gespannt und etwas kampfbereit, ob etwa über Fräulein Sa¬
3117 3148 3393 3229 Der junge
1855 3184 3061 3244 bine irgendein leichtfertiges Wort fiele, wie es in aufgeräum¬
619 3191 1840 3241 reisen nach Hamburg heimkehrte, in ihrer kleinen, hoch¬
3069 3194 3402 3262 Hand. „Der 2#
603 3222 1842 3288 gelegenen Wohnung mit dem Blick über die Alster wiederfand,
1855 3217 3057 3278 ter Herrengesellschaft auch ohne Berechtigung wohl gelegent¬
3063 3249 3396 3312 Doktor so ins
625 3273 1816 3325 so heiter, so harmlos und se bereit, wie er sie verlassen —
1845 3266 3066 3334 lich auffliegen mag. Aber die Familie Schleheim schien, wie
3064 3287 3301 3357 geworden.“
1852 3315 3073 3367 das matte Echo seiner Mitteilung dem Doktor verriet, außer¬
611 3305 1853 3366 ohne daß er je erfahren oder sich nur ernstlich darum ge¬
3110 3338 3386 3402 Der Doktor
1857 3357 3072 3418 halb jeden Interesses zu stehen; und nur ganz beiläufig war
607 3352 1850 3410 kümmert was sie in der Zwischenzeit getan und erlebt
3061 3364 3385 3442 ihre eigenen Ba
611 3392 1845 3462 hatte. Noch mancherlei anderes ging ihm durch den Sinn,
1851 3399 3066 3456 von Berliner Verwandten des sogenannten Försters die Rede
3064 3426 3383 3490 als dem Arzte
607 3442 1846 3495 darunter einiges, was nicht sonderlich hübsch, und manches,
1849 3442 3055 3500 bei denen die Tochter, die der Tischgesellschaft offenbar nicht
3067 3468 3385 3524 ein, daß Sabin
605 3472 1841 3541 was sogar in verschiedenem Sinne nicht unbedenklich gewesen
1858 3478 3067 3550 einmal als sonderliche Schönheit galt, zuweilen die Winter¬
3070 3514 3389 3568 erkannte an de
1852 3529 2343 3581 monate verleben sollte.
605 3524 1841 3579 war, und wovon er heute gar nicht recht begriff, daß er sich
3067 3552 3388 3619 wie sehr ihm
607 3563 1844 3611 überhaupt darauf hatte einlassen können; im ganzen aber
1900 3557 3061 3629 An einem der nächsten Spätnachmittage entschloß sich Dr.
3065 3590 3341 3661 Herzen lag.
620 3607 1853 3668 blieb es doch traurig, daß die Jugend dahin und damit wohl
1856 3607 3065 3658 Gräsler zu einem Spaziergang, der ihn allmählich in die
3064 3640 3398 3711 Knabe: „Es ha
608 3647 1850 3704 auch das Recht verwirkt war, vom Leben noch etwas Schönes
1844 3650 3059 3701 Nähe des Forsthauses führte. Von der Straße aus sah er es
619 3689 3070 3768 zu erwarten. Der Wagen fuhr zwischen Feldern hin, die stumm im Schatten des Waldes liegen, und auf der Veranda
