3484 4256
1263 235 1678 311 Badearzt
1150 252 1201 308 P
271 235 1087 313 29. Doktor Graes
511 289 1698 348 1 50 al   a. .           a aun
774 460 1060 556 ARD. 19:1
769 517 1523 653 Die Neue Zeit, Stuttgart
352 630 1853 721 #rtur Schnitzler. Doklor—Gräsler, Badearzt. Erzählung. Berlin 1917,
375 713 1524 770 S. Fischer Verlag. Geheftet 3,50 Mark, gebunden 4,50 Mark.
394 742 1845 809 Ein Berliner Arzt, schon weit über die Jugendjahre hinaus, der im Winter
331 802 1850 856 auf den Kanarischen Inseln, im Sommer in einem kleinen Badeort Deutschlands
336 843 1847 913 seine Praxis ausübt, versucht es nach dem geheimnisvollen Selbstmord seiner
330 888 1855 959 Schwester, die in heimlichen Orgien, unverstanden von ihm, neben ihm hinwankte,
324 933 1846 993 noch einmal mit dem Leben. Mit zwei Frauen, der ernsten Sabine, einer Kranken¬
328 975 1840 1043 pflegern. in der er schon die künftige Lebensgefahrtin sieht, und einem lebens¬
333 1014 1852 1084 lustigen Berliner Ladenmädchen, das er auf der Straße angelt, spielt er, sich vom
340 1057 1861 1116 Avgenblick schaukeln lassend, so lange, bis er beide verliert — die eine durch den
329 1111 1855 1162 Tod und die andere durch seinen Leichtsinn. Das alles wird mit einer überlegenen
333 1145 1867 1223 Ruhe erzählt und mit einer ounderbaren Seelenmalerei, wie sie nur Schnitzler
321 1231 1856 1312 eigen, ganz in Stimmung gehsucht. Kein Wortder Beschuldigung oder Entschuldi¬
330 1279 1862 1367 gung wird laut. Ein Stück Lehen, nichts weiter. Und ein Dichter, der es aufhebt.
350 1348 746 1404 Ist das nicht genug?
1139 1511 1448 1631 TaHOUaTT“
687 1681 1585 1817 Bresiauer Morgen Zeitung.
910 1814 1231 1898 Neue Romane.
499 1875 1663 1955 (Aus dem Verlage S. Fischer, Berlin W., Bülowstraße 90.)
496 1928 1726 1986 Artburoktor Gräsler, Bade¬
437 1974 583 2044 irzt“.
604 1980 1699 2031 Erzählung. (Preis 3 Mark.) Kühl, sachlich wie der
453 2020 1726 2074 Titel, klingt der Ton dieser Erzählung. Der Herr Doktor Gräsler
447 2047 1728 2126 st den Jahren nach kein Jüngling mehr, aber unschlüssig und un¬
449 2096 1715 2153 beständ'g wie ein Jüngling in Liebesangelegenkeiten. Freilich die
448 2133 1717 2194 stürmische Leidenschaftlichkeit des Jünglings fehlt ihm, vielmehr
451 2177 1718 2235 fließen seine Handlungen und Unterlassungen aus dem Zweifel an
447 2208 1725 2280 sich und an den Frauen, die ihm begegnen. So verscherzt er ein
448 2242 1742 2313 erstes Glück, die Mögsichkeit eines zweiten wird ihm durch den
444 2299 1764 2352 plätlichen Tod des bald geliebten bald gebaßten Mädchens ver¬
1167 2322 1759 2391 n freundlichen Hasen eine##
454 2338 1022 2400 nichtet, endlich rettet er sich
448 2383 1753 2429 Vernunstehe. Die Geschichte dieses seltsamen Don Juans von
448 2423 1724 2468 Badrarzt und seiner „drei Frauen“ wird mit der überlegenen
1714 2414 1756 2465 1
454 2456 1666 2506 Meisierschaft vorgetragen, die Schnitzlers Stärke ist, hier aber, zu
444 2490 1773 2551 letzten Virtudsität entwickelt, beinahe die Nüchternheit streift. Alles?
472 2569 1777 2650 Personen stehen, mit wenigen Strichen umrissen, in voller Lebendig¬
491 2622 1773 2679 keit vor dem Leser. Aber sie haben wenig eigene Wesenszüge, sind
490 2655 1773 2714 allzu ablängig von dem Gestaltungswillen Schnitzlers, den es dies¬
488 2709 1774 2776 mal gereizt habi nur ironischer Betrachter, nicht ein
484 2742 1508 2830 d## Leben mitempfindender Dichter sein zu wöllen.
726 2946 999 3036 27100191)
491 3015 1294 3109 Deutsche Tageszeitung, Berlin
690 3133 1405 3229 Erzählende Dichtung.
461 3185 1711 3297 Arthur Schaltle=DuGrässer, Badearzt. Berlin,
465 3283 731 3343 S. Inscher.)
513 3264 1705 3379 Arthur Schnitzler war für viele dereinst eine Hoffnung. Sein
442 3318 1688 3411 „Anatol“ und seine Schlager=Mizzi aus der „Liebelei fanden auch
455 3362 1683 3450 in Norddeutschland verwandte S##en: Mehlspeionaturen, die sich
457 3414 1676 3513 selbst dekadent nannten und dabei sehr wichtig vorkamen. Ab¬
453 3423 1688 3547 gesehen vom „Neigen“, der schlechtweg unter die sexuelle Schund¬
463 3472 1688 3578 literatur fällt, ist Schnitler über eine Variation dieser beiden Ge¬
464 3524 1680 3626 stalten in keinem seiner späteren Werke mehr so recht hinaus¬
460 3557 1683 3652 gekommen. Auch in diesem neuen Buche ist das relativ beste die
470 3595 1685 3693 Charakterisierung der Ladnerin Katharina, die eine getreue Kopie
461 3639 1693 3741 besagter Mizzi Schlager ist. Die ernstere und reinere Sabine ver¬
468 3681 1690 3777 mag er uns dagegen trotz offenbarer Mühe nicht näher zu bringen.
475 3711 1691 3810 Den Badearzt Dr. Gräsler selbst schildert der medizinische Kollege
477 3755 1692 3846 Schnitzler als nichtssagenden Halbtrottel, so daß man eigentlich
488 3791 1691 3885 überhaupt nicht begreifen kann, wie er dazu gekommen sein mag,
482 3818 1729 3923 diese Figur zum Mittelpunkt einer Erzählung zu machen. Der
481 3868 1706 3956 Schluß des Buches fällt vollends ab und wirkt stellenweise gerabezu
479 3904 1723 3993 unfreiwillig komisch. Man legt das Buch kopfschüttelnd aus der
476 3967 1712 4057 Hand. Illusionen waren dabei ja freilich für unsereinen nicht mehr
1181 3991 1665 4073 Richard Dietrich.
476 4026 752 4105 zu verlieren.
1456 4049 1729 4107 —4H
1681 3566 1731 3631 2
1819 235 2204 328 box 4/9
2275 1067 2896 1172 —.— —
2628 1123 2894 1197 Sctzian
2199 1225 3066 1314 Neue Badische Landes Zeitu#g
2468 1300 2846 1386 Mannheim
2146 1348 3200 1415 Ein Buch, wie nur er es schreden konnte, gibt
2052 1412 3197 1481 Asthur Schnitl#rin-seinem „Doktor Gräsler,
2391 1448 3207 1501 . Fischer Verlag, Berlin). Er nimmt
2050 1449 2342 1508 Bkdearzt“
2050 1494 3201 1534 irgend einen Durchschnittsmenschen und läßt ihn einen
2052 1522 3205 1586 Spmmer seines Lebens vor unseren Augen verbringen.
2052 1567 3209 1621 Gräsler stößt das Mädchen, das ihm Gefährtin werden
2056 1600 3199 1659 würde, mit der Tapvigkeit der älteren Junggesellenseele zu¬
2045 1639 3203 1696 rück, er sieht die andere sterben, die ihm ein paar Wochen
2054 1688 3199 1732 versüßte und heiratet dann die Witw; deren Töchterchen
2053 1723 3206 1780 er behandelt; im Grunde nicht wegen ihrer koletten Künste:
2049 1762 3192 1804 im Grunde, weil er nicht im Liebsaber= sondern im Väter
2049 1785 3196 1846 Alter steht. Diese Alltägeichkeit stellt Schnitzler vor einen
2049 1828 3195 1892 hin, und man erlebt in ihr den Kern aller Freude an den
2048 1871 3205 1932 Geschönfen dichterischr Phantasie: man sieht den ganzen
2052 1908 3196 1977 Menschen, in dem Wirken seiner innersten Kräfte, wie ein
2053 1949 2898 2020 Erdenkind das and##e niemals sehen kann.
3080 1953 3159 2013 r.
1983 2264 2238 2380 Iöpr.
2427 2340 3081 2469 Wiener Mode, Wien
2063 2497 3244 2568 Doktor Gräsler, Badearzt. Von Arthur Schnitzler. S. Fischer.
2013 2543 2645 2600 Verlag, Berlin. Geheftet Mark 3
2668 2550 3167 2601 —, gebunden Mark 4•—,
2013 2590 3230 2641 Vielleicht ist dieser Roman das menschlichste Werk Arthur
2019 2627 3241 2674 Schnitzlers. Wie eine Beichte ist dieses Buch, voll intensivsten
2010 2663 3239 2710 Empfindens, voll reifer Weisheit, voll dichterischer Anschauung
2014 2715 3242 2755 und zugleich von einer unendlich reizvollen Anmut. Der Dichter
2018 2749 3229 2802 erzählt uns darin die Geschichte des Dr. Gräsler, eines Badearztes,
2017 2788 3234 2843 der mit seinen achtundvierzig Jahren zu der plötzlichen Erkenntnis
2018 2816 3232 2876 eines nahenden Alters kommt und nun, nach einer Reihe ruhiger
2015 2864 3230 2904 und schuldloser Jahre, sich in einen Spätrausch von Abenteuer
2018 2986 3221 3069 und Liebe stürzt. Drei Frauengestalten sind es, die in neues Er¬
2020 3038 3223 3110 leben ihn verstricken, in das komplizierte und so weit verästelte
2012 3094 3231 3156 Erleben des reifen Mannes. Von Untreue zu Untreue geführt,
2017 3114 3221 3193 wird er an allen Dreien schuldig, bis ihn eine von ihnen durch
2017 3160 3235 3227 tragischen Tod erlöst. Niemals noch ist Arthur Schnitzler so aus
2010 3203 3220 3266 sich herausgegangen wie in diesem Buchr-das man im wahrer
2011 3240 3200 3309 Sinn des Wortes ein herbstliches-Büch, ein Buch der späte:
2007 3275 2574 3352 Resignation nennen kann.
