3436 4256
1256 159 1665 227 Badearzt
841 160 1194 227 raesler
262 167 625 249 29. Dok
472 193 1659 260 S    e Ae e u e eenee e 1
1405 506 1804 614 Ue
1294 549 1586 639 Express
1290 614 1616 695 Portland,
1301 669 1408 740 MA
1466 683 1694 745 0330
1171 751 1800 836 Schnitzler Reprint
1318 821 1528 866 GRNESLER.
1680 828 1771 873 rthur
1182 813 1293 867 DR.
1257 829 1777 902 -r-Annon-mm. Schuster.
1224 877 1506 918 New Vork. 31.50
422 853 619 925 Tines
1163 888 1851 960 Critics since Schnitzler's novelette,
402 910 835 992 BuffaloNY
1152 930 1840 968 Dr. Gracsier“ was first published a
1129 948 1840 1006 half dozen years or so ago have beeit
1141 997 1843 1038 virtually unanimous in praising the
1137 1035 1840 1089 story as a characher study and as a
1136 1058 1421 1107 work of prose.
400 1028 804 1136 APR 27 1930
1162 1076 1840 1126 The picture of the middle-agel phy¬
1128 1126 1846 1165 sician that is painted by the Vien¬
1128 1157 1841 1205 nese master of the shört novel form 1
1129 1186 1846 1225 one that lovers of literature are not
1130 1223 1846 1272 likely scon to forget, for the creation
450 1210 943 1293 Popular Reprints
1132 1260 1836 1300 merges beauty and melancholy, irony
389 1268 1033 1333 Populär-priced reprints of three
1125 1278 1832 1339 and caprice into a whole that is no¬
1135 1320 1491 1369 table and distinct.
358 1325 1027 1371 good books appear this weck to be
1169 1328 1849 1396 Dr. Graesier, aproaching his later
355 1362 1030 1414 welcomed by all bent on building
1133 1373 1844 1431 vears, finds himself experiencing a re¬
353 1402 973 1452 a library with a limited budget.
1142 1402 1847 1462 birth of his ability to feel love and to
392 1436 1023 1489 Simon and Schuster offer Arthur
1141 1452 1834 1487 want lovc. Against this is the pholoso¬
349 1465 1036 1528 Schnitzlers Dr. Graesler“ in a
1135 1475 1845 1523 phy he has learned from life, that he
1141 1515 1847 1561 is to expect little from living. But hei
356 1509 1031 1561 small volume at 81.50. This engag¬
1138 1546 1844 1589 secks the new ideal and his search
351 1551 1031 1589 ing tale of a middle-aged man's
1126 1583 1836 1626 leads him to threc women. The story
360 1588 1027 1637 belated excursions into romance
1151 1607 1846 1655 of his relations with them is the
352 1620 1043 1673 was first published in America in
1131 1640 1519 1684 theme of the novel.
351 1668 1025 1708 1923, but has been out of print for
1160 1651 1847 1715 Simon and Schuster have reissued
359 1689 1027 1750 several vears. The present edition
1130 1691 1840 1740 the volume in atteestive volume. They
1126 1736 1846 1782 announce that tuey nope to ## print all
349 1724 1026 1784 is translated from the German by
1130 1772 1838 1815 the works of Schnitzler f. American
344 1773 613 1822 E. C. Slade.
1125 1795 1756 1856 readers and in a aniform edition.
395 1787 1022 1848 James Huneker's +Painted Vells.“
1597 1830 1834 1903 D. W. P.-
359 1848 1027 1891 Fnovel of the seven deadly arts“ and
357 1888 1037 1936 critics thereof, and a volume con¬
361 1924 1036 1977 taining seven plays by Anton Tche¬
360 1963 1031 2011 kov are latest additions to the Mod¬
362 1998 904 2054 ern Library’s 95 cent series.
409 2027 1038 2086 Surely Tchekov understood
354 2063 1036 2130 people—just ordinary people—as no
357 2109 1041 2160 one eise in modern literature.“
355 2151 1043 2199 writes Eva Le Gallienne'in a pre. 2e
358 2185 1045 2237 to the new edition of the great
350 2226 1018 2284 Russian playwright’s work—K. S.
432 2766 722 2846 Journa!
436 2828 1017 2909 Minneapolis Minn
463 2904 855 3011 MAV A -1930
661 3036 1086 3119 1Dr. Graesler''
377 3101 1356 3195 Published here originally in 1923, Dr. Graesler“
316 3152 1366 3241 has for some years been unobtainable. Meanwhile Ar¬
313 3200 1366 3283 thur Schnitzler’s following has grown. Dr. Graesler,“
325 3249 1382 3338 the story of a middleaged physician at a health resort
330 3293 1381 3382 who. as he approaches the autumn of his life, experi
331 3340 1386 3410 ences a spring-like renaissance of the amatory emo¬
320 3403 1386 3490 tions, 's now republished. The physician cannot lay
321 3436 1395 3515 aside the bitter misdom that leads him to expect little
328 3491 1393 3573 from life and less from passion. His search and bis
329 3535 1382 3609 disenchantment make the volume engrossing.—Arthur
328 3596 947 3663 Schnitzler—Simon & Schuster.
1812 153 2185 231 box 4/9
2014 1614 2363 1690 N Y Vorld
2170 1674 2534 1755 May 18-30
2068 1788 2242 1839 —rmu
2048 1806 3230 1932 Schnitzler’s Comedy of Love
2385 1919 2900 1995 — By Gertrude Diamant —.
1952 1981 3288 2044 DR. GRAESLER, by Arthur Sehnitz-And the #ext year was, indeed, a
2633 2014 3297 2063 zerles of harassing temptations and
2023 2023 2623 2079 ler translated from the German
2631 2049 3302 2099 escapes for the poor doctor, who,
2033 2051 2613 2120 ByE. C. Slade: Simon & Schus¬
2631 2075 3310 2131 thought himself, in each case, pas¬
2020 2094 2241 2151 ter. 81.50.
2636 2115 3304 2167 zionately comnmitted—only to find
1947 2122 2615 2197 * CHNTTZLER’S story 1s a comedy
2637 2143 3301 2200 that he had really not been involved
2636 2179 3313 2229 at all. First there was Sabine, a
1946 2172 2619 2261 I of the emotions. In tracing the
2634 2205 3311 2246 clear-headed young nurse, who saw
2041 2223 2622 2280 love affalrs of the middle-aged
2642 2241 3319 2288 that his proposal needed coaxing, and
1957 2262 2614 2326 Dr. Graesler, the hopes and heart¬
2645 2283 3317 2328 wrote hinn an indiscreet letter sug¬
2637 2312 3319 2361 gesting a professional alllance, with
1956 2304 2625 2366 burn and bitterness that attended
2634 2341 3311 2389 love if possible. Though Graes’er's
1957 2348 2620 2402 them, he has contrived a small mas¬
2645 2378 3311 2418 attentions to Sabine had been largely
1971 2383 2619 2429 terpiece of irony; for he shows that
2640 2407 3318 2448 boredom and loneliness, he was piqued
1965 2420 2621 2471 the emotions of love tend to carry
2641 2447 3315 2487 at the lady's cold-blooded attitude,
1972 2460 2628 2506 within them their own irony of self¬
2638 2470 3311 2515 and deciding that he had loved her
1968 2483 2616 2534 deception. And this he does quite
2647 2505 3317 2559 far too well he went to the city to
1965 2520 2620 2573 Innocently and ineidentally. That 18
2838 2532 3323 2585 over—an interlude 5f
2648 2542 2788 2587 think
1970 2554 2619 2590 what makes him the good fronist.
2637 2560 3315 2618 meditation that was pleasantly
1970 2586 2624 2630 Any display of indignation over the
2636 2606 3324 2664 lightened by the company of little
1974 2618 2635 2666 varying insincerlties and self-decep¬
2638 2634 2859 2686 Katherina.
1964 2648 2623 2695 tions of the doctor would have been
2662 2659 3312 2727 But came the eime to return to
1971 2694 2638 2741 fatal to the ironic effect, for the logle
2649 2711 3309 2760 Sabine, and Katharina was sent home
1975 2719 2634 2759 of it runs something like this: irony
2644 2741 3316 2787 Sabine, however, greeted him with
1969 2752 2635 2793 can only refer to things that are, be¬
2648 2782 3316 2837 frigid politeness, and not a word of
1971 2779 2625 2834 cause it is the most serlous term of
2652 2808 3304 2861 her letter—thus completely en¬
1963 2812 2637 2865 description, and it cannot be applied
2649 2839 3314 2893 lightening the doctor as to the real
1969 2851 2630 2901 to the temporary or unreal; now one
2645 2879 3312 2925 state of his feeling toward her. Back
1972 2881 2632 2934 cannot pass judgment on things that
2643 2920 3307 2957 to Katharina then, his true love, his
1962 2916 2628 2972 are, and indignation is a form of
2652 2944 3311 2996 only love, to find her dying of scarlet
2358 2950 2633 2993 Therefore the
1973 2954 2351 2999 passing judgment.
2653 2984 3300 3021 fever. Dr. Graesler followed her body
1971 2969 2638 3041 writer who is indignant is never an
2634 3011 3302 3048 to the grave in an ecstasy of love
1975 3024 2116 3070 ironist.
2649 3047 3309 3088 and grief, exquisitely complicated by
2004 3026 2636 3092 I would say, rather, that Schnitzler
2653 3081 3323 3120 a sense of gullt; for Katharina had
1978 3084 2637 3133 manipulates the changing moods öf
2653 3119 3328 3169 caught the fever from a patient of
1981 3113 2629 3159 Dr. Graesler with dellght—no, de¬
2655 3147 3312 3191 his, a little girl who lived in his
1964 3147 2640 3190 light is not the word. either; for that
2657 3177 3324 3236 house with her widowed mother,
1970 3185 2635 3245 too lmplies judgment of a kind. Let us
2652 3210 3324 3257 These two he spent several days in
1965 3211 2633 3264 say that Schnitzler is the good iron¬
2655 3249 3328 3287 shunning as unclean, as the horrible
1979 3253 2629 3287 ist because his role in the story seems
2650 3269 3320 3326 murderers of his beloved, until grief
1980 3281 2631 3335 passive, and the frony is a by-product
2649 3311 3322 3361 drove him to the plump widow for
1972 3315 2626 3366 vof the telling, a result of the inne#
2648 3341 3325 3385 consolation, and with the widow and
1968 3348 2627 3393 comedy of those emotions, which he
2654 3381 3318 3424 her child he did return to Lanzarote,
1971 3380 2630 3435 describes as if he, too, were innocent
2647 3410 3319 3460 and the prophetic hotelier was happy.
1982 3416 2473 3473 of their cumulative effect.
2675 3442 3318 3500 One couid very well dislike Dr.
2643 3481 3318 3522 Graesler, and yet one doesn't. It 1s
2045 3480 2643 3544 R. GRAESLER, who enjoyed a
2654 3516 3327 3562 because this superficiallty of the emo¬
1932 3532 2644 3603 1 medest practice in the seaside
2661 3543 3325 3589 tions is too universal to form che
2657 3586 3313 3625 basis of our likes and dislikes. Every
2074 3578 2646 3634 resort of Lanzarote. awoke one
2653 3612 3323 3656 self-consclous person is aware of it.
1976 3615 2639 3660 mörning to find that his sister—the
2661 3641 3325 3689 The clever ones take refuge from the
1977 3654 2651 3705 good, qulet Friederike, had hung her¬
2663 3678 3321 3721 fear of their own superficiallty in
1982 3684 2642 3739 self from the window-frame. The
2662 3710 3321 3751 wit; and those who cannot be witty
1984 3719 2635 3763 suleide interrupted tne peaceful
2660 3740 3327 3789 become sentimentalists. But Dr
1985 3754 2642 3795 domestic w#ars which had brought
2657 3774 3327 3819 Cnesler is neither witty nor senti¬
1990 3787 2650 3829 him to middle age, and gave occa¬
2662 3812 3322 3866 mental. He is merely helpless and
1989 3817 2635 3857 sion for the local hotelier to remark
2657 3839 3327 3884 nalvely self-docelved. And so he 1s,
1989 3852 2648 3901 that next season the doctor must re¬
2665 3872 3324 3918 to me, one of the most genuine and
2000 3884 2652 3923 turn with a pretty young wife on
2663 3903 3332 3959 moving creations that Schritzler has
1992 3907 2638 3962 his arn.—a suggestion that the doctor
1986 3947 2847 4013 heard with smoldering annoyance. given us.
