3436 4256
1280 211 1712 285 Badearzt
1806 213 2233 310 box 4/6
282 214 1228 294 29. Doktor Graesler
507 234 1700 323 Lenterrdestel, Sastarzt
921 869 1283 980 Nr. 83.
1813 821 3296 1024 Berliner Tageblatt.
666 963 1550 1048 Donnerstag, den 15. Februar 1917.
3093 1014 3386 1095 de nechmal
1915 1035 3097 1100 Ausgesallene Schnellzüge. Außer der bereits mit
3096 1078 3305 1130 Leipziger
642 1032 1403 1142 Seersung der Aehtincget Reltste
3007 1093 3105 1148 ab
1880 1090 3001 1160 geteilten Schnellzugseinschränkung fallen von jetzt
3105 1104 3389 1174 gesprochen
1882 1134 3109 1191 noch eine Reihe von Schnell= und Eilzügen aus, und
3152 1159 3383 1217 Hamster
688 1142 1873 1233 Der Kaiser hat dem deutschen Botschafter in Wien, Graf
1882 1178 3100 1241 zwar die Schnellzüge: D 32 Berlin—Stuttgart (Anhalter
3110 1185 3393 1253 sind die Aufn
634 1212 1828 1278 Wedel, das Eiserne Kreuz am weiß=schwarzen Bande verliehen.
1876 1219 3106 1281 Bahnhof ab 8 Uhr 5 Minuten vormittags), D 33 Stuttgart—Berlin
3110 1243 3389 1305 einer Anklage
682 1247 1882 1308 Neuregelung des Viehhandels in Berlin. Dem Branden¬
1879 1267 3100 1314 (Anhalter Bahnhof an 11 Uhr 17 Minuten nachmittags), D 164 Berlin—
3104 1275 3384 1333 Fleisch= Un
1871 1298 3101 1358 Leipzig (Anhalter Bahnhof ab 6 Uhr 22 Minuten nachmittags), D 47
643 1303 1880 1372 burg=Berliner Viehhandelsverband ist, wie bereits mitgeteilt, die
3103 1313 3223 1368 men
3212 1309 3361 1361 Die
3105 1340 3378 1407 2 6 Pfund
1870 1338 3110 1399 Leipzig—Berlin (Anhalter Bahnhof an 8 Uhr 4 Minuten nachmittags).
639 1358 1876 1401 Durchführung der Aufsicht über den Handel mit Nutz= und Zuchtvieh
3109 1384 3389 1454 Wurst und
651 1389 1878 1445 übertragen. Nach den neuen, jetzt im „Reichsanzeiger“ veröffent¬
1874 1397 3098 1440 ID 53 Berlin—Posen (Friedrichstraße ab 2 Uhr 7 Minuten nach¬
3098 1424 3378 1478 Eines Tages
649 1435 1867 1484 lichten Bestimmungen ist jeder Handel mit Schlacht=, Nutz= und Zucht¬
1876 1433 3103 1494 mittags), D 54 Posen—Berlin (Friedrichstraße an 2 Uhr 51 Minuten
3104 1451 3378 1519 in großes In
638 1473 1884 1514 vieh auf sämtlichen Bahnhöfen und Verladerampen
1886 1476 3110 1531 nachmittags), D 4 Berlin—Köln (Friedrichstraße ab 11 Uhr 11 Mi¬
3108 1493 3363 1557 bei näherer
1875 1514 3109 1570 nuten vormittags), D 21 Köln—Berlin (Friedrichstraße an 4 Uhr
646 1515 1879 1574 der Stadt Berlin und der Provinz Brandenburg verboten.
3100 1529 3393 1591 seinem Funds
1876 1561 3106 1611 10 Minuten nachmittags); ferner die Eilzüge: 18 Berlin—Han¬
642 1545 1878 1620 Es ist ferner angeordnet worden, daß jeder Käufer von Rindern,
3104 1567 3386 1630 Schätze zu be
1877 1600 3107 1655 nover (Friedrichstraße ab 7 Uhr 52 Minuten nachmittags), 17 Han¬
635 1598 1881 1655 Kälbern, Schweinen und Ferkeln eine polizeiliche Bescheini¬
3106 1600 3379 1665 der Wagner,
1882 1636 3100 1693 nover—Berlin (Friedrichstraße an 11 Uhr 57 Minuten vormittags),
637 1640 1879 1703 gung zum Zwecke des persönlichen Ausweises dem Verkäufer und
3106 1651 3377 1706 daß Speck,
1874 1659 3104 1751 D 3 Altona—Berlin (Lehrter Bahnhof an 1 Uhr 33 Minuten
3102 1684 3385 1739 war gleichwo
648 1686 1875 1738 dem zuständigen Beamten vorzulegen hat, aus der hervorgeht, daß
3102 1722 3369 1789 wurde gegen
1875 1725 3109 1780 nachmittags), D 11 Lehrter Bahnhof an 12 Uhr 57 Minuten nachts),
634 1727 1877 1795 das anzukaufende Tier nur zu Zucht=, Nutz= und Mastzwecken ver¬
640 1793 715 1852 8
3098 1838 3368 1915 Landstraße
1885 1838 3103 1901 Spazierengehen reicht ja meine Zeit leider nicht sehr oft. Aller¬
3105 1879 3346 1949 men. Er
1882 1892 3109 1947 dings neulich einmal, ach ja, da bin ich wohl recht nah am
642 1861 1881 1993 Doktor Gräsler, Badearzt
3100 1913 3392 1996 Wagen und
1877 1933 3107 1990 Forsthaus vorbeigekommen.“ Er wagte nun aufzuschauen
3112 1962 3293 2049 Hand.
1883 1969 3104 2030 und sah zu seiner Beruhigung den Blick des Knaben völlig
1152 1973 1383 2067 Erzählung
3157 2004 3387 2072 „Wir mü
1883 2021 3107 2078 harmlos auf sich gerichtet. In geschäftsmäßigem Ton fuhr er
1472 2022 1859 2114 [Nachdruck verboten.]
1208 2045 1338 2101 bon
678 2024 1007 2119 (4. Fortsetzung.]
3106 2045 3389 2117 Sabine leicht
1881 2066 3108 2118 fort. „Wenn es nicht anders zu machen ist, so will ich denn
1010 2080 1504 2167 Arthur Schnitzler.
3102 2100 3391 2161 Vater zu Ha
2350 2100 3114 2157 freilich, mit einem Gespräch auf der
1882 2106 2248 2170 Ihren Vorschlag
2298 2113 2371 2165 —
3114 2133 3378 2200 wohl nicht
1887 2152 3108 2217 Veranda wird wenig getan sein. Ohne gründliche Unter¬
710 2146 1879 2229 Dr. Gräsler atmete auf.: „Was fehlt ihm? Hoffentlich
3102 2182 3385 2236 böse.“ Der
1893 2174 2651 2257 suchung läßt sich ja doch nichts sagen.“
637 2201 982 2282 nichts Ernstes.“
3108 2222 3373 2284 gezeigt, es ge
1937 2228 3106 2289 „Selbstverständlich, Herr Doktor, wir hoffen daß der Vater
725 2227 1888 2306 „Ja, wenn man das wüßte, Herr Doktor. Er hat sich so
3107 2263 3382 2328 tut ja nichts
1888 2276 3109 2329 sich allmählich auch dazu entschließen wird. Aber wenn Sie
653 2281 1883 2341 sehr verändert in der letzten Zeit. Es muß vielleicht gar keine
3102 2306 3383 2368 gelte es eine
1882 2320 3115 2369 ihn zuerst nur einmal sehen würden! Herr Doktor haben ja
644 2330 1877 2397 wirkliche Krankheit sein. Er ist nämlich schon zweiundfünfzig
3104 2353 3375 2410 treffen; dann
1878 2355 3106 2412 so viel Erfahrung. Vielleicht könnten Sie's ermöglichen, Herr
654 2375 909 2449 Jahre alt.“
3100 2397 3383 2450 und ihren
1881 2403 3115 2467 Doktor, dieser Tage einmal nach Ihrer Ordination, am
721 2399 1884 2478 Der Doktor runzelte unwillkürlich die Stirn. Etwas kühl
3108 2440 3401 2501 Rüge erwart
1885 2433 2704 2516 liebsten freilich wäre es uns schon heute —
651 2456 1885 2540 fragte er: „Also welche Erscheinungen geben Ihnen denn An¬
3102 2479 3372 2534 ein weißes
1945 2466 3113 2558 Heute — wiederholte Gräsler bei sich — heute schon könnte
653 2503 1067 2582 laß zu Besorgnis?“
3105 2522 3370 2574 einem losen
1954 2527 3114 2579 sie wiedersehen. Wie wunderbar. Aber er schwieg,
725 2529 1882 2595 „In der letzten Zeit, Herr Doktor, hat der Vater Schwindel¬
3108 2556 3382 2633 sah viel jüng
1887 2568 3112 2635 blätterte in seinem Notizbuch, schüttelte den Kopf, schien vor
643 2586 1886 2636 anfälle, und gestern abend, wie er vom Sessel hat aufstehen
3174 2606 3374 2663 „Und an
1880 2603 3108 2678 unüberwindlichen Schwierigkeiten zu stehen, bis er plötzlich
643 2634 1885 2695 wollen, ist er beinahe hingefallen und hat sich nur mühselig
3108 2639 3382 2710 beinahe vorn
1886 2659 3110 2713 einen Bleistift nahm, entschlossen irgend etwas ausstrich, was
650 2678 1877 2724 am Tischrand festgehalten. Und dann, wenn er sein Glas
3112 2692 3365 2758 gekommen!
1895 2693 3107 2746 gar nicht dastand, und auf die nächste Seite da ihm dieses
660 2715 1875 2783 nimmt, um zu trinten, das merken wir schon lange, zittern ihm
3167 2719 3392 2789 „Herr Do
1880 2730 3104 2798 Wort eben zuerst einfiel, „Sabine“ schrieb. Und er entschied
650 2761 923 2825 die Hände.“
3101 2768 3374 2838 möchte doch
1882 2784 3109 2848 sich freundlich, aber kühl: „Also schön, sagen wir denn: heute
713 2791 1891 2867 „Hm.“ Der Doktor sah von seiner Tasse auf. „Ihr Herr
3105 2814 3317 2874 nisses, au
1886 2830 2951 2898 zwischen halb sechs und sechs. Ist Ihnen das recht?“
647 2836 1886 2899 Vater nimmt sein Glas wohl ziemlich oft in die Hand, und
3120 2859 3341 2921 Besuch selb
1951 2865 2418 2927 „O, Herr Doktor.
642 2890 1566 2963 wahrscheinlich ist nicht immer Wasser drin?“
3165 2901 3386 2956 Der Dokt
1945 2901 3110 2977 Gräsler erhob sich, wehrte die Dankbezeugungen des Knaben
720 2925 1883 3000 Der Junge sah zu Boden. „Es kann freilich auch ein
3117 2930 3391 3005 mein Fräule
1895 2957 3098 3020 ab, gab ihm Empfehlungen an Mutter und Schwester mit
660 2970 1887 3030 wenig damit zusammenhängen, meint Sabine. Und dann
3107 2986 3386 3044 wäre, von e
1884 2992 3102 3063 und reichte ihm zum Abschied die Hand. Er trat dann vom
652 3014 1472 3097 raucht der Vater auch den ganzen Tag.“
3114 3018 3385 3085 sein. Vielme
1883 3037 3119 3097 Balkon in sein Zimmer und sah vom Fenster aus, wie der
731 3037 1891 3117 „Nun, mein lieber, junger Herr, Alterserscheinungen müssen
3115 3065 3395 3133 verschworene
1895 3081 3107 3149 junge Schleheim mit seinem Rad aus dem Hausflur kam, die
654 3103 1891 3156 das ja eben nicht sein. Also, der Herr Papa wünscht meinen
3176 3114 3395 3181 „Wenn
1891 3113 3118 3187 Kappe fester in die Stirn drückte, sich flink und geschickt auf¬
652 3136 1325 3215 Besuch?“ fügte er höflich hinzu.
3119 3145 3377 3221 Sabine, „so
1886 3180 3113 3224 schwang und bald um die nächste Ecke verschwunden war.
737 3185 1891 3250 „So einfach ist das leider nicht, Herr Doktor. Der Vater
3164 3193 3385 3254 Dr. Gräs
1886 3211 3110 3275 Wäre ich nur um zehn Jahre jünger, dachte der Doktor, so
657 3228 1894 3291 dürfte gar nicht wissen, daß Sie seinetwegen kommen, er hat
3114 3225 3388 3286 dies meine A
1884 3247 3111 3314 könnte ich mir einbilden, das Ganze sei nichts als ein Vor¬
651 3265 1894 3343 nie was von einem Doktor hören wollen. Und Sabine meint,
3106 3281 3386 3340 Und vielleich
1889 3284 3116 3350 wand des Fräuleins Sabine, mich wiederzusehen. Und er
656 3313 1794 3388 ob man es nicht auf einen Zufall hinausspielen könnte.“
3104 3321 3371 3377 den Wagen
1895 3340 2153 3413 seufzte leise.
713 3354 1152 3429 „Auf einen Zufall?“
3104 3359 3393 3422 Und wenn
1950 3358 3119 3441 Bald nach fünf Uhr, in einem ziemlich lichten grauen An¬
723 3377 1891 3451 „Zum Beispiel, wenn Herr Doktor nächstens einmal
3115 3407 3385 3470 dieser Gelege
1891 3420 3103 3492 zug, dessen Trauercharakter im übrigen durch den Flor um
666 3439 1884 3497 wieder am Forsthaus vorbeikämen, wie neulich am Nach¬
3107 3445 3354 3510 kundigen.“
1884 3456 3109 3518 den linken Arm gewahrt blieb, fuhr er vom Hause weg. Seine
664 3471 1895 3547 mittag, da würde die Sabine Sie von der Veranda aus
3120 3476 3381 3551 flüchtig vor,
1894 3502 3116 3571 Absicht war es, den Wagen in der Nähe des Forsthauses halten
662 3520 1889 3596 grüßen oder anrufen, und Herr Doktor kämen heran — und
3114 3536 3397 3589 ren Badeort
1888 3536 3112 3615 zu lassen; aber viel früher schon, bald nachdem er das Bereich
713 3567 1557 3636 — und dann müßte man eben weitersehen.“
3109 3575 3401 3649 bisher niem
717 3623 3116 3661 Der Doktor fühlte sich bis in die Stirn rot werden. Und der Villen verlassen hatte, sah er zu seiner angenehmen Ueber¬
656 3613 3137 3721 mit dem Löffel in der leeren Tasse rührend, sagte er: „Zum  raschung auf dem schmalen Wiesenpfad, der sich längs der
