3436 4256
792 165 867 234 Gr
919 161 1114 234 esle
1238 155 1579 233 Badearz
251 153 736 250 29. Doktor
491 179 1623 275 eene eee e  Cen en n K. A en hen heneschn he. 1
142 1040 1337 1119 snate urrmmtmiandr Aun eenerce: mhr ure mermr: u
622 1092 1594 1166 Von ganz anderer Art wie die beiden eben genann¬
149 1107 537 1171 niderbar klar gebaut
541 1145 1588 1199 ten Bücher ist Franz Nabls neuestes Werk „Das
148 1149 530 1225 ngeren musikalischen
546 1198 1585 1246 Grab des Lebendigen“. Der Verfasser, der
170 1205 527 1271 dichterischen Kom¬
558 1243 1595 1308 sich mit seinem Roman „Odhof“ mit einem Schkitt
184 1250 526 1319 in der Literatur
546 1298 1587 1359 in die erste Reihe österreichischer Erzähler gestellt hat,
149 1304 535 1380 und fesselnd, deshalb
540 1360 1585 1416 nennt seine jüngste Schöpfung „eine Studie aus dem
143 1354 525 1419 zu empfehlen. Die
542 1401 1583 1453 kleinbürgerlichen Leben“. Dies ist ein Zeichen seines
151 1413 524 1472 entsprechend den vier
540 1448 1581 1503 künstlerischen Feingefühls, denn die Art und Weise,
145 1452 527 1524 (Buch der Kindheit),
548 1502 1589 1564 mit der Nabl an seinen Stoff herangetreten ist, ist
155 1503 518 1580 0 (Buch der Reise)
531 1550 1582 1612 durchaus eigen und hat mit den landläusigen Formen
149 1551 524 1624 Die Gestalten des
537 1597 1590 1673 dichterischer Erzählungskunst fast nichts zu tun. Das
142 1583 524 1673 denen Lebensberufen,
547 1660 1590 1722 Buch ist alles eher denn eine Unterhaltungslektüre und
148 1655 527 1721 benden zusammen¬
153 1701 531 1766 Kinder und Enkel,
537 1698 1584 1746 seine einzelnen Abschnitte gleichen in ihrer unerbitt¬
547 1748 1579 1804 lichen Folgerichtigkeit eher einem strafrichterlichen Alten¬
153 1751 532 1818 neiner Symphonie,
553 1798 1581 1865 bündel, als einem Romankapitel. Der Dichter läßt
128 1802 535 1888 ng. Umrankung und
550 1858 1582 1912 seine Personen nicht handeln, er erzählt, oder — noch
134 1851 495 1918 cht erfüllt haben —
541 1889 1594 1953 besser ausgedrückt — berichtet von ihren Handlungen
139 1899 531 1966 es Herzens. Dieses
544 1958 1583 2009 und legt deren Motive und damit den Charakter der
145 1957 520 2017 andelnden, mag wie
153 1997 530 2066 ens dichterisch etwas
545 1998 1592 2068 Handelnden mit jener überzeugend scharfen Psychologie
149 2052 520 2115 isch jedoch sind Wie¬
549 2058 1591 2125 klar, die wir an Schnitzle Buch vermissen und an
207 2097 530 2168 Der Hauptheld,
546 2104 1581 2154 Krafts Buch sogar als end empfinden würden.
146 2147 527 2227 ebensphilosophie ist,
538 2146 1581 2196 Das Grab des Lebendigen ist die Familie eines früh¬
535 2204 1588 2262 verstorbenen Beamten, in der die älteste, kränkliche und
141 2200 525 2269 atur gut verkehren
149 2249 522 2323 en Buche von der
539 2247 1582 2303 häßliche Tochter die Herrschaft über Mutter und Ge¬
197 2294 529 2374 wir leben dieses
538 2293 1594 2363 schwister erlangt und alle durch fortgesetzt hämische und
545 2340 1595 2416 verletzende Stichekeien zwingt, jeden Verkehr mit der
148 2353 530 2420 en Wachau zwischen
149 2401 529 2471 dank der prächtigen
543 2392 1593 2467 Außenwelt zu vermeiden und nur sich selbst zu leben.
549 2445 1593 2508 Das treibende Motiv dieser Handlungsweise ist nicht
146 2451 531 2519 m Mitgefühl selbst.
158 2501 527 2568 österreichische Sym¬
549 2491 1584 2553 etwa Neid und Mißginst, sondern die immer stärker
546 2558 1588 2614 werdende, dem Mädchen ganz ünbewußte, dennoch sexuell
156 2547 535 2618 wie diese breit bis
143 2606 523 2664 Makartblütenstrauß,
544 2613 1591 2661 angehauchte Liebe zu dem eigenen Bruder, einem schwäch¬
143 2650 525 2720 mel, aber gedämpft
546 2649 1594 2709 lichen, verkrüppelten Menschen. Die Durchführung des
552 2699 1590 2757 Themas und die notwendigerweise allerdings gewalt¬
145 2698 524 2768 en Geste wird, von
140 2751 524 2817 osophischer Gedanken
553 2767 1599 2819 same Lösung des Problems zeigen Nabl neuerdings als
190 2798 530 2867 von süßer Lyrik
546 2791 1599 2859 starkes Talent. Beeinträchtigend wirkt eine riesige Weit¬
544 2838 1590 2901 schweifigkeit in der Einzelmalerei, so daß der Band
130 2849 543 2919 rache Krafts ist eben¬
551 2900 1592 2964 trotz der augenscheinlichen und =schädlichen Raumerspar¬
157 2900 528 2977 schön ist, fällt der
148 2944 539 3015 vörtern gelegentlich
548 2960 1603 3014 nis des Verlegers, die die Lektüre zu keinem Vergnügen
158 3002 545 3067 werden muß, ohne
549 2985 1599 3070 gestaltet, dennoch auf 676 stattliche engbedruckte Seiter
137 3034 862 3133 mdwörterstechers von angewachsen ist.
147 3102 463 3176 nen zu wollen.
1807 153 2130 244 box 4/
2497 1268 2805 1368 HASER 1917
2237 1349 2915 1444 Neue Treie Presse, Wie¬
1928 1400 3002 1483 [Necheinmal Schnitzlers „Doktor Gräsler“.]
1840 1453 3037 1505 Professor Anton Bettelheim schkeibt uns: Der Luftkurort!
1850 1502 3020 1565 Lanzarote ist kein Phantasiename, wie Ihr Feuilleton anzu¬
1845 1561 3013 1607 nehmen scheint; Lanzarote ist eine der kanarischen Inseln, auf
1838 1597 3006 1652 der Clavigo, der fragwürdige Held von Goethes Trauerspiel, das
1834 1649 3013 1692 Opfer des in seiner Schwester beleidigten Nächers Beaumarchais,
1845 1686 3023 1732 geboren wurde. Ob Schnitzler an diese Herkunft bei der Wahl
1849 1735 3023 1784 einer Hauptstation für seinen haltlosen Badearzt gedacht
1851 1771 3007 1823 hat, weiß ich nicht; wesensverwandt sind Clavigo und
2339 1784 3025 1870 schwächlich der spanische Literat
1841 1811 2287 1868 Gräsler nur wenig.
1846 1859 3015 1905 und Archivarius in Liebeshändeln sich auch gab, er hatte, in
1842 1901 3017 1949 erquicklichem Gegensatz zum deutschen Doktor Gräsler, doch
1842 1932 3019 1982 noch andere geistige Interessen, höhere Lebensaufgaben,
1841 1988 3015 2029 als im Herumtaumeln von einer Galanterie zur andern. Diese
1851 1997 3020 2073 Leere im Lebenslauf eines Arztes wirkt just in den Tagen des
1843 2070 3008 2118 Weltkrieges auf Leser, wie unsereiner, besonders verdrießlich.
1843 2113 3005 2161 Solche Urteile stammen nicht aus Pharisäismus. Der Zufall
1838 2127 3022 2200 wollte, daß mir Schnitzlers neues Buch zuging, als ich gerade
1844 2201 3016 2241 Suions Kaiserbiographien aus der Hand legte, die von nichts
1840 2226 2948 2280 weniger als von Tugendhelden handeln. „Was hat Dich,“
1839 2281 3009 2327 schreibt der Wüstling Antonius, „gegen mich verrückt? Etwa
1849 2312 3012 2370 daß ich“ (meine Verdeutschung mildert) „mit der Königin
1840 2358 3009 2423 Kleopatra lebe? Sie ist meine Frau. Habe ich denn erst
1842 2397 3014 2457 jetzt damit angefangen oder nicht vielmehr sogar vor neun
1851 2429 3014 2498 Jahren? Und Du selbst, hältst Du's nur mit der
2464 2484 3016 2541 Dei Leben, daß Du,
2322 2483 2433 2539 auf
1839 2486 2323 2549 Drugilla? Ich wette
1839 2526 3014 2580 wenn Du diesen Brief liefest, bereits die Tertulla oder die
1836 2566 3019 2624 Tyrentilla oder die Rufilla oder die Salvia Titiscenaia oder alle
1853 2611 3018 2661 zusammen gehabt hast. Und liegt etwa überhaupt etwas daran,
1840 2654 3047 2709 wo und bei wem man seiner Lust nachgeht?“ Welche Antwort
1836 2693 3002 2762 ein Dr. Gräsler auf diesen Zynismus eines kriegerischen Mannes
1838 2739 3015 2798 der Tat geben wi#ede, bekümmert mich nicht weiter. Schnitzler,
1844 2780 3018 2841 der eine ganze Gaterie lebenstreu geschauter Aerzte gemalt hat,
2120 2823 3010 2877 nach meinem Empfinden ein bischen zur Unzeit
1845 2832 2067 2887 kam uns
1839 2866 3015 2932 inmitten des Weltkrieges — diesmal mit einem nicht gerade
1835 2923 3004 2974 herzstärkenden, nur im Irrgarten der Liebe herumtaumelnden
1847 2959 3006 3011 Kavalier. Allerdings begegnete ihm die heimische und in den
1837 2993 3013 3049 Marken auch die reichsdeutsche Zensur sehr schnöde, als er in
2576 3024 3019 3098 — meines Erachtens
1842 3032 2577 3089 einem ernsten und bedeutenden Werk
2805 3071 3019 3131 im „Pro¬
1856 3086 2797 3132 seinem nach der „Liebelei“ bedeutendsten Werke —
1849 3117 3045 3175 fessor Bernhardi“, nicht bloß einen an sich nicht ganz zweifellosen
1857 3162 3014 3209 Gewissenskonflikt eines großen Klinikers, sondern zugleich ein
1846 3200 3020 3279 satyrisch sefgreifendes Gemälde mit den Charakterköpfen ganzer
1856 3239 3012 3317 Professorentollegien und Ministerialbureaux sein und fest,
1861 3287 3009 3338 mutig und witzig vor Augen führte. Daß ein Schauspiel wie
1844 3330 3003 3385 der „Professor Bernhardi“ vor und nach Kriegsausbruch
1854 3389 3012 3434 unseren Bühnen fernbleiben soll, halte ich für ein Unrecht. Und
1845 3417 3010 3464 vor allem als ehrlicher, wenngleich nicht kritikloser Anwalt
1860 3454 3007 3512 der Aufführung des „Bernhardi“ habe ich mir erlaubt, mit
1858 3503 2846 3579 Bedenken gegen „Toktor Gräsler“ nicht zurückzuhalten.
