3436 4256
221 165 1154 266 29. Doktor Graesler
1203 172 1610 258 Badearzt
1750 175 2148 275 box 4/9
434 227 1631 300 Lehter eruesten, Ladsarzt
2005 365 3248 457 verstandenen Frau, er weiß ihren Seelenschmerz richtig zu er¬
2010 437 3245 485 messen, er bringt ihren Körper und ihre Psyche ins richtige
2019 487 3248 570 Gleichgewicht, er verschwindet aber vom Schauplatze, wenn alles
2021 543 2939 601 wieder in die richtigen Bahnen geleitet wurde.
2127 585 3231 654 Oder es tritt in einem Lustspiel oder in einer alten
2018 608 3235 697 deutschen Posse oder in einem französischen Konversationsstück
2018 684 3240 751 der Badearzt vor die Rampe. Ein mehr gigerlartig angelegter
2008 728 3224 788 Jünger Aeskulaps, als Causeur bei älteren Damen und Jung¬
2015 784 3233 848 frauen sehr beliebt, der vereint mit den Wirkungen des Brun¬
2015 817 3226 907 nens in seinem Bade=Idyll durch seinen Zauber suggestiv ein¬
2014 880 3236 955 wirkt. Oder es wird der modern=wissenschaftliche Arzt von dem
2003 914 3241 989 Novellenautor herangezogen, der, der Geldpraxis aus dem Wege
1997 979 3235 1043 gehend, nur in seinem bakteriologischen Laboratorium Befriedi¬
2017 1026 3236 1103 gung findet und für seine armen Klienten lebt, dessen Diagnosen
2016 1076 3238 1161 uniehlbar und dessen Wartezimmer trotz seiner Furcht vor der
2020 1129 2892 1197 Geldpraxis bis zur Ueberfüllung besucht sind.
2128 1146 3231 1249 Oder es kommt die große Zelebrität als Episode, der
2016 1193 3230 1288 große Operateur, der weltberühmte Chirurg, der auf seinen
2016 1267 3219 1339 Klinik als Gott den Patienren gilt und einem seiner Assistenten
2016 1316 3241 1408 nebst der Praxis auch seine Tochter überträgt, woraus sich dam
2015 1364 2916 1431 wieder manche Szenen voll Romantik abspielen.
2132 1410 3218 1492 Oder aber wir sehen in manchen dieser literarischen Mach¬
2019 1443 3219 1535 werke im Arzt einen Hanswurst, einen Quacksalber und Schar¬
2016 1514 3224 1577 latan nach Art der italienischen Quacksalber, die auf den
2030 1555 2695 1630 Märkten ihre Kunst ausschroteten.
2137 1589 3161 1681 Wir sehen selten in irgend einer Aufführung oder
2017 1632 3226 1741 einer novellistischen Darstellung den Arzt, wie er in der Wirklich
2017 1705 3234 1785 keit in seinem idealen und seelischen Verhalten in seinem Be¬
2021 1760 3219 1831 rufe sich geben könnte. Es heißt doch immer, daß der Beruf eine#
2020 1802 3205 1882 Menschen in der szenischen Darstellung oder in der prosaischen
883 1822 1773 1950 Wiener Montags Journal, Wien
2022 1853 3214 1949 Schilderung der Wirklichkeit entsprechend oder veredelt dargestelll
2015 1898 2268 1964 werden soll.
2129 1925 3245 2041 Aber von all' dem ist nur in seltenen Fällen etwas ##
910 1949 1002 2031 SEP
783 1966 1099 2076 eu1
2017 1973 2194 2073 merten.
2116 2031 3229 2144 Dies könnte auch daraus erklärt werden, daß die meisten
2002 2092 3216 2176 dieser Autoren, die in ihren Werken Aerzte zur Ansicht bringen
790 2096 1998 2196 Die Aerzte im Roman und am Theater
2017 2147 3218 2229 nur selten sich mit diesen in ihren Ideen und Taten identt¬
987 2197 1862 2281 Von Nervenarzt Medizinalrat Dr. Wilheim.
2022 2194 3218 2278 fizieren können, weil eben der Laie in den wenigsten Föllen
2018 2250 3213 2322 Einblick gewinnen kann in das Getriebe der ärztlichen Praxis
904 2248 2028 2348 Der Dichter und moderne Schriftsteller Artur Schnitzler
2015 2282 3235 2394 und die einzelnen Phasen derselben in den einzelnen Krankheits¬
815 2296 2010 2390 hat seine ärztliche Praxis schon längst an den Nagel gehängt. Er
2015 2335 2850 2418 fällen schwer zu beurteilen in der Lage ist.
814 2377 2028 2445 stammt aus einer Familie von Aerzten. Sein Vater, der Re¬
2122 2398 3239 2474 Nun kommen wir wieder auf Artur Schnitzler zurückt
812 2415 2017 2480 gierungsrat Prof. Joh. Schnitzler, der vor Jahren aus dem
2020 2441 3224 2530 Von ihm hätten wir eben erwartet, daß er, der von Aerzlen
804 2468 2012 2527 Leben schied, war ein gesuchter Laryngologe und war auch sonst
2025 2482 3231 2582 abstammt und mit Aergten verbrüdert ist, der selbst schon in die
815 2513 2020 2578 als Internist von Einheimischen und Fremden gesucht, hatte
2019 2538 3213 2627 Praxis Einblick gewonnen hat, uns kein ärztliches Zerrbild zum
813 2562 2016 2632 die Fürstin Pauline Metternich für die Interessen der Wiener
2021 2584 3230 2689 besten gibt, denn in Doktor Gräsler hat er keineswegs einen
816 2618 2016 2680 allgemeinen Poliklinik erwärmt und nebst seiner ausgedehnten
2012 2634 2931 2708 gediegenen Vertreter der Ars medico vorgeführt.
805 2671 2016 2735 „Praxis aurea“ gab er noch die medizinische Presse heraus und
2119 2690 3221 2779 Warum mußte es gerade ein Arzt sein, den er in seinen
804 2714 2017 2803 hatte sich also auch als medizinischer Schriftsteller seine Sporen
2003 2705 3234 2831 neuesten Roman ausspielt, warum gerade ein Badearzt? Heut#
803 2768 970 2852 geholt.
2016 2784 3228 2869 abgesehen von der harten Zeit, sind die Balneologen nicht mehn
907 2784 2016 2880 Der Bruder des Dichters Artur, gleichfalls Regierungsrat
2011 2840 3236 2935 jene flatterhaften Geschöpfe, die die Badepromenaden ablaufen
799 2866 2012 2928 und Professor, ist ein bestbekannter Operateur, der sich als
2020 2874 2471 2952 um Kur zu schneiden.
807 2914 2023 2996 Chirurg des besten Ruses erfreut und in der Bevölkerung großen
2115 2929 3212 3018 Auch der nicht seßhafte Arzt ist ernst und seriös aufze#
813 2957 1160 3040 #nhang genießt.
2019 2950 3216 3055 fassen und muß allen Anforderungen des praktischen Lebens
928 2982 2017 3074 Der Dichter Schnitzler hat gleich im Beginn seiner
2016 3037 3213 3129 und der Wissenschaft entsprechen. Aber mußte Gräsler gerade
809 3057 2022 3111 Praxis derselben Valet gesagt und vom „Süßen Mädel“ (Reigen)
2009 3066 3199 3154 ein Dr. med. universae sein, er hätte können ebenso ein Reisen¬
805 3100 2018 3170 bis zu seinem letzten Roman Dr. Gräsler els Dichter und
2008 3130 3203 3208 der in Parfümerien sein. Er wird als ein schwankendes Rohr
798 3157 2022 3203 dramatischer Schriftsteller sowie als Novellenverfasser sich Ruhm
2008 3166 3215 3274 dargestellt, der sich nur von erotischen Trieben beherrschen läßt
804 3207 1940 3258 und Anerkennung beim Publikum und in der Presse geholt.
2009 3234 3202 3328 für den jedes weibliche Wesen, das ihm zufällig begegnet, maß
910 3254 2002 3324 Man sollte also glauben, daß ein Arzt und Dichter über
2008 3280 3008 3361 gebend erscheint für die Dispositionen in der Praxis.
810 3299 2023 3368 seine Kollegen besser informiert sei, wie es sich im Buche
2123 3329 3215 3415 Er läuft hinter jeder nach, er, der schon 48jührige Manm
797 3351 2010 3406 Dr. Gräsler gezeigt hat. Auch hier verfällt der Dichter in den
2008 3352 3217 3451 der in der Nacht, in der er ein Frauenzimmer auf seiner Bude
802 3406 2004 3468 Fehler, die Personen zu verzerren, kein wahrhaftes Bild von
2007 3428 3113 3506 hat, zu einem schwer kranken Kinde gerufen wird und
796 3449 1224 3515 ihnen zu entwerfen.
2017 3474 3220 3553 brünstigem Blick die Mutter betrachtet, er, der Dr. Gräsler,
925 3474 2009 3561 Die Aerzte haben überhaupt das Pech, von fast allen
2011 3516 3217 3613 der so wenig die ärztlichen Vorschriften achtet, daß er dem
796 3541 2009 3628 Antoren der Weltliteratur verkannt und unrichtig geschildert zu
2012 3558 3222 3659 scharlachkranken Kinde keine Seruminspektion macht, das
798 3600 984 3677 werden.
2007 3623 3216 3695 Kiad im Hause beläßt und sofort wieder zu seiner Geliebten
924 3619 2011 3722 Man sieht in den vielen Theaterstücken oder Romanen,
2013 3668 3201 3764 hinaufsteigt. Die einzige prophylaktische Maßregel besteht daring
796 3695 2007 3760 wo Aerzte in die Szene treten, entweder den alten Sanitätsrat,
2005 3718 3218 3816 daß er seiner Flamme Katharina nicht die Schokolade
807 3752 2987 3848 ein altes Familienstück, der in alle Mysterien des Hausstandes bonbons verabreicht, die man ihm oben präsentiert
3031 3781 3223 3872 wegen
796 3800 2012 3867 eingeweiht ist, mit Rat und Tat sich einstellen, sofort bei den
2006 3805 2484 3886 der — Infektionsgefahr.
802 3846 2008 3913 ungen Mädchen, die an hysterischen Attacken leiden, die Ursache
2112 3864 3209 3955 Dieser Arzt Dr. Gräsler, dessen Schwester sich erhängt
799 3891 1997 3958 ahnen, und später an den Tag bringen. Denn der alte Sani¬
2008 3878 3219 4018 warum, dies wird man nie erfahren, ist kein Melancholiken
796 3933 2004 4008 tätsrat erkennt sofort den Zwiespalt der Natur bei der miß¬
2016 3959 3213 4047 nur ein alter Steiger, der ein Sanatorium gründen will, aber
1563 3993 2002 4094 —raamar mncamar
2004 4010 3210 4113 die Idee wieder abhängig macht von — einem Weide. Da ihn
1996 4071 3206 4136 died Weib einen Korb gibt, da ihr die Liebe zu ihm verflogen
1999 4117 3216 4183 ist, so heiratet er zu guter Letzt die kleine Frau Sommer, eine
2010 4152 2277 4214 dubiose Eristel
