3484 4256
-15 2221 46 2276 r
1300 187 1658 264 Badearz
848 195 1196 262 Graesle
1844 188 2246 275 box 4/6
302 193 814 289 29. Doktor
518 234 1714 298 a# 1. a4 u0 1    4.         C a ∆ 0
2274 839 2783 982 1. Beiblaßt.
2020 961 2984 1044 Druck und Verlag von Rudolf Mosse in Berlin.
467 850 1925 1039 Berliner Tageblatt.
1944 1029 2971 1105 #nen Legihien, durch die sich das Fleisch für das Pfund
1113 1029 1755 1099 e
542 1096 1738 1139 großen Orchester gespielt, das unter Leitung von Vörös Mista steht.
1756 1092 2979 1139 auf 2,15 bis 2,60 Mark stellte. Israel wurde wegen übermäßiger
226 1095 528 1175 g einer Kunden¬
1762 1126 2987 1176 Preissteigerung zu 12000 Mark Geldstrafe verurteilt.
570 1139 1750 1192 Das große Los der Wohlfahrtsgeldlotterie in Höhe von 75 000
226 1162 522 1217 , daß mit ihrer
1804 1176 2980 1227 Ein tödlicher Straßenbahnunfall in der Oranien¬
533 1167 1745 1225 Mark fiel am gestrigen zweiten Ziehungstage auf Nr. 210 289. Ferner
225 1202 519 1263 eine völlig
1759 1191 2984 1258 burger Straße, bei dem die Schaffnerin Zielonka ums
534 1220 1742 1277 fielen: 40 000 Mark auf Nr. 197 958, 20000 Mark auf Nr. 197 093,
1762 1245 2979 1295 Leben kam, beschäftigte gestern die vierte Strafkammer des Land¬
214 1239 525 1303 iner Tageblatt“
541 1259 1743 1314 10000 Mark auf Nr. 80 824, je 1000 Mark auf Nr. 10 247, 81 485,
1758 1289 2973 1328 gerichts I. Unter der Anklage der fahrlässigen Tötung hatte
218 1290 526 1349 darauf hin, mit
543 1298 1495 1360 112 943, 159 917, 203 330, 254 182, 271 905 und 318 677.
1759 1318 2980 1373 sich der Straßenbahnführer Friedrich Kühn zu verantworten. Der
216 1336 530 1395 rechnet werden
585 1338 1742 1401 Die Lebensmittel einer Straßenbahnschaffnerin. Ein
1760 1351 2972 1414 Angeklagte hatte, während die Schaffnerin an ihrem Wagen beschäf¬
210 1371 524 1432 Ellen auch Dieb¬
543 1392 1742 1440 arges Mißgeschick traf eine Straßenbahnschaffnerin in Neukölln.
1755 1393 2974 1450 tigt war, seinen Wagen in Bewegung gesetzt so daß die Schaffnerin
224 1418 511 1477 en. Die Ver¬
541 1431 1743 1486 Sie übergab alles, was sie an Nahrungsmitteln gesammelt hatte,
1759 1437 2980 1482 gegen den Wagen gedrückt wurde. Beide Oberschenkel wurden ihr
219 1456 523 1524 tählen= und
537 1465 1749 1519 einem Betriebsleiter M. in Neukölln, der es für sie räuchern sollte:
1762 1472 2987 1520 abgequetscht; sie starb infolge Verblutung während der Ueber¬
241 1503 523 1563 zahlreich,
1756 1510 2973 1550 führung in ein Krankenhaus. Der Angeklagte führte zu seiner Ent¬
541 1514 1743 1565 2 Schinken, 4 Stücke Speck, 1 Rinderzunge und 40 Pfund Blut¬
236 1542 522 1601 eGefahren tat¬
1753 1546 2980 1593 schuldigung an, daß er plötzlich einen Schwächeanfall gehabt
533 1557 1749 1598 und Leberwurst. Nun haben Einbrecher die ganzen Vorräte gestohlen.
1761 1583 2977 1627 habe, daß ihm schwarz vor Augen geworden sei, und daß er über¬
211 1583 535 1646 eeignetes Mittel
586 1601 1744 1662 Eine Trauerfeier für den Admiral Otto Livonius vereinte
1761 1616 2980 1659 haupt an den Unfall keinerlei Erinnerung mehr habe. Geheimer
209 1628 528 1684 igen; und bietet
529 1647 1744 1697 gestern nachmittag einen größeren Kreis von Leidtragenden in der
1760 1645 2983 1706 Medizinalrat Professor Dr. Straßmann faßte sein Gutachten
227 1665 515 1744 Erschütterungen
530 1686 1748 1748 Kapelle des neuen Zwölfapostelfriedhoses zu Schöneberg. Unter ihnen
1758 1700 2977 1750 dahin zusammen, daß bei dem Angeklagten, der schwer Neurastheniker
2826 1739 2982 1817 S
529 1796 1737 1861 Hügel ragten dunkel und höher als bei Tag, aus den kleinen
1763 1803 2981 1869 gewahrte er die Gestalt eines Mannes, dessen Gesichtszüge er
541 1847 1739 1899 Villen schimmerten Lichter her, auf einem Balkon lehnten
1754 1856 2981 1911 nicht zu unterscheiden vermochte. Einen Augenblick blieb er
221 1808 524 1943 dearzt
545 1891 1747 1955 stumm, enger aneinander geschmiegt, als sie es sich wohl bei
1762 1902 2981 1954 stehen und fühlte sich heftig gelockt, geradeswegs ins Haus zu
534 1927 1748 1994 Tageslicht erlaubt hätten, ein Mann und eine Frau. Von
1753 1944 2982 1984 treten und sich, als hätte eben der Zufall ihn hier vorbeige¬
529 1978 1744 2030 einer Veranda her, wo eine kleine Gesellschaft beim Abend¬
1754 1985 2981 2040 führt, nach dem Befinden der Frau Schleheim zu erkundigen;
217 1971 511 2062 druck verboten.]
530 2018 1739 2069 essen saß, klang lautes Sprechen und Lachen. Dr. Gräsler
1763 2027 2982 2070 aber er besann sich rasch, daß dies, als mit seiner ärztlichen
539 2059 1743 2105 begann Appetit zu verspüren, freute sich dem Abendessen ent¬
1754 2064 2970 2112 Würde kaum vereinbar, falscher Auffassung begegnen könnte.
214 2076 448 2167 er Tage,
534 2105 1745 2160 gegen, das er im Silbernen Löwen einzunehmen pflegte, und
1756 2110 2983 2169 Von diesem Spaziergang kam er müder und verdrossener nach
531 2148 1746 2194 trieb den gemächlichen Kutscher zu größerer Eile an. Am
232 2143 533 2206 hatte. Zuerst
1764 2153 2981 2193 Hause, als er es nach einer so geringfügigen Enttäuschung
542 2183 1738 2244 Stammtisch, wo er die Bekannten schon alle versammelt fand,
219 2187 528 2247 kneiro ein, die
1757 2187 2982 2240 für möglich gehalten, und als er Sabinen auch in den nächsten
536 2232 1746 2284 trank er heute ein Glas Wein mehr als gewöhnlich, weil ihm,
214 2227 523 2288 keiste, in Lissa¬
1754 2234 2985 2291 Tagen im Städtchen nicht begegnete, begann er zu hoffen, daß
536 2270 1742 2315 wie er von früher her wußte, in einer solchen ganz unmerk¬
228 2273 533 2334 s in der Stadt
1756 2276 2988 2336 sie verreist oder am Ende gar für immer von hier verschwun¬
530 2316 1742 2360 lichen Benommenheit das Leben irgendwie süßer und leichter
220 2310 527 2379 burg geltenden
1764 2324 2980 2394 den wäre, was ihm im Interesse seines seelischen Gleichmaßes
232 2357 524 2418 war. Er sah
534 2355 1742 2408 zu erscheinen pflegte. Er hatte anfangs die Absicht, von seinem
1761 2364 2343 2425 nur wünschenswert erschien.
533 2405 1745 2460 heutigen Besuch im Försterhaus zu erzählen, doch aus irgend¬
221 2398 523 2454 Kleid aus dem
1818 2412 2989 2471 Eines Morgens, als er, freilich längst nicht mehr mit dem
533 2441 1750 2492 einem Grunde, der ihm nicht klar wurde, ließ er es sein. Der
230 2436 522 2500 Stadt hinauf¬
1764 2455 2989 2503 Behagen der ersten Tage, auf seinem besonnten Balkon das
539 2485 1741 2530 Wein versagte aber heute seine Wirkung. Dr. Graesler erhob
224 2478 523 2541 hi an irgend¬
1757 2498 2990 2558 Fruhstück einnahm, wurde ihm gemeldet, daß ein sehr junger
208 2527 525 2584 it. Er dachte
544 2526 1742 2578 sich sogar melancholischer vom Tische, als er sich hingesetzt
1755 2541 2982 2595 Herr ihn zu sprechen wünsche. Als gleich darauf ein hoch¬
541 2567 1735 2636 hatte, und begab sich mit leichten Kopfschmerzen nach Hause.
218 2566 533 2623 der er sich in
1762 2590 2983 2639 gewachsener hübscher Junge im Radfahranzug auf dem Bal¬
211 2602 535 2665 raxis ausübte,
1760 2628 2990 2678 kon erschien, zeigte er sich in Haltung und Gesichtsschnitt von
1082 2618 1201 2689 III.
215 2656 530 2707 n eines wichti¬
1759 2677 2978 2728 einer so unverkennbaren Aehnlichkeit mit Sabine, daß der
210 2695 536 2751 sen mußte und
591 2666 1746 2743 In den nächsten Tagen nahm Dr. Gräsler öfter als sonst
1764 2713 2978 2770 Doktor nicht umhin konnte, ihn wie einen Bekannten zu be¬
213 2738 535 2789 lede andere bis
532 2732 1738 2790 Gelegenheit, die Hauptstraße des Städtchens zu durchstreifen
1753 2746 2980 2826 grüßen. „Der junge Herr Schleheim,“ sagte er in mehr über¬
212 2772 536 2841 des Fräuleins
540 2772 1742 2825 in der unbestimmten Erwartung, Sabinen zu begegnen. Ein¬
1761 2796 2352 2865 zeugtem als fragendem Ton.
214 2817 1747 2875 lenzeit, das sich mal lief er sogar, wie von einer Ahnung ergriffen, während
2891 2802 2969 2892 80
1810 2831 2545 2896 „Der bin ich,“ erwiderte der Junge.
214 2860 523 2916 te, und er er¬
543 2861 1753 2915 seiner Sprechstunde, als das Wartezimmer zufällig eben leer
1824 2885 2990 2946 „Ich habe Sie gleich an der Aehnlichkeit mit — Ihrer
212 2896 528 2968 uchgeschwärzte
532 2903 1744 2956 stand, die Treppe hinab und tat einen eiligen, doch vergeblichen
1756 2911 2987 2965 Mutter erkannt. Bitte, nehmen Sie Platz, junger Mann. Ich
226 2947 524 3002 er doch keine
531 2950 1748 3004 Gang bis zur Trinkhalle und wieder zurück. Am Abend dieses
1759 2970 2983 3018 bin noch beim Frühstück, wie Sie sehen. Was gibt's? Die
223 2988 526 3046 er und Lange¬
533 2988 1751 3051 selben Tages erwähnte er wie beiläufig am Stammtisch, daß
1760 3001 2993 3075 Frau Mama wieder leidend?“ Es war ihm, als spräche er zu
216 3026 1748 3084 ten, häuslichen! man ihn neulich ins Forsthaus gerufen habe, und horchte an¬
1765 3045 1945 3110 Sabine.
221 3074 526 3134 seinen Schiffs¬
528 3065 1744 3130 gespannt und etwas kampfbereit, ob etwa über Fräulein Sa¬
1819 3088 2981 3150 Der junge Schleheim blieb stehen, die Kappe höflich in der
220 3101 527 3169 kleinen, hoch¬
529 3109 1754 3176 bine irgendein leichtfertiges Wort fiele, wie es in aufgeräum¬
1762 3136 2981 3182 Hand. „Der Mutter geht's gut, Herr Doktor. Seit ihr Herr
220 3151 522 3218 ter wiederfand,
534 3156 1742 3202 ter Herrengesellschaft auch ohne Berechtigung wohl gelegent¬
1764 3173 2976 3250 Doktor so ins Gewissen geredet haben, ist sie etwas vorsichtiger
224 3201 1760 3249 sie verlassen — lich auffliegen mag. Aber die Familie Schleheim schien, wie
1764 3222 2003 3284 geworden.“
210 3235 1751 3296 ich darum ge= das matte Echo seiner Mitteilung dem Doktor verriet, außer¬
1810 3259 2984 3326 Der Doktor lächelte. Es war ihm sofort klar, daß Sabine
266 3283 533 3342 und erlebt
532 3276 1747 3334 halb jeden Interesses zu stehen; und nur ganz beiläufig war
1752 3312 2979 3362 ihre eigenen Befürchtungen zum Zwecke besserer Wirkung ihm
221 3320 527 3388 irch den Sinn,
535 3324 1741 3376 von Berliner Verwandten des sogenannten Försters die Rede,
1764 3367 2987 3418 als dem Arzte in den Mund gelegt hatte. Plötzlich fiel ihm
225 3366 1743 3425 und manches, bei denen die Tochter, die der Tischgesellschaft offenbar nicht
1754 3407 2983 3455 ein, daß Sabine selbst diesmal die Kranke sein könnte, und er
221 3407 528 3470 enklich gewesen
536 3409 1744 3461 einmal als sonderliche Schönheit galt, zuweilen die Winter¬
1766 3448 2993 3501 erkannte an der unvermuteten Beschleunigung seines Pulses,
221 3448 523 3510 siff, daß er sich
536 3455 1022 3512 monate verleben sollte.
1760 3485 2985 3530 wie sehr ihm das Wohlbefinden des jungen Mädchens am
245 3491 529 3549 ganzen aber
581 3483 1735 3547 An einem der nächsten Spätnachmittage entschloß sich Dr.
1756 3532 2998 3599 Herzen lag. Doch ehe er noch zu fragen vermochte, sagte der
221 3534 540 3595 nd damit wohl
537 3541 1743 3589 Gräsler zu einem Spaziergang, der ihn allmählich in die
1769 3565 2724 3643 Knabe: „Es handelt sich diesmal um den Vater.“
214 3582 1744 3636 letwas Schönes Nähe des Forsthauses führte. Von der Straße aus sah er es
219 3615 1757 3691 dern hin, die stumm im Schatten des Waldes liegen, und auf der Veranda:
2167 3619 2550 3707 (Fortsetzung folgt.)
