<?xml version="1.0" encoding="UTF-8" standalone="yes"?>
<PcGts xmlns="http://schema.primaresearch.org/PAGE/gts/pagecontent/2013-07-15" xmlns:xsi="http://www.w3.org/2001/XMLSchema-instance" xsi:schemaLocation="http://schema.primaresearch.org/PAGE/gts/pagecontent/2013-07-15 http://schema.primaresearch.org/PAGE/gts/pagecontent/2013-07-15/pagecontent.xsd">
    <Metadata>
        <Creator>prov=University of Rostock/Institute of Mathematics/CITlab/Gundram Leifert/gundram.leifert@uni-rostock.de:name=ONB_Newseye_GT_M1+(htr_id=10810)::::v=2.4.2
prov=University of Rostock/Institute of Mathematics/CITlab/Tobias Gruening/tobias.gruening@uni-rostock.de:name=de.uros.citlab.module.baseline2polygon.B2PSeamMultiOriented:v=2.4.2
prov=University of Rostock/Institute of Mathematics/CITlab/Tobias Gruening/tobias.gruening@uni-rostock.de:name=/mnt/transkribus/LA/DEA/URO/LA_news_onb_att.pb:de.uros.citlab.segmentation.CITlab_LA_ML:v=2.4.2
Transkribus</Creator>
        <Created>2019-10-07T10:24:53.256+02:00</Created>
        <LastChange>2019-10-07T14:25:48.418+02:00</LastChange>
        <TranskribusMetadata docId="223892" pageId="9491818" pageNr="69" tsid="16378286" status="IN_PROGRESS" userId="40391" imgUrl="https://files.transkribus.eu/Get?id=ISIHEORHDSSYPINTTGANOIGX&amp;fileType=view" xmlUrl="https://files.transkribus.eu/Get?id=UHYYFOHTMGQQCYANXWMWVKJO" imageId="6182106"/>
    </Metadata>
    <Page imageFilename="223892_0069.jpeg" imageWidth="3436" imageHeight="4256">
        <ReadingOrder>
            <OrderedGroup id="ro_1711445705089" caption="Regions reading order">
                <RegionRefIndexed index="0" regionRef="r1"/>
            </OrderedGroup>
        </ReadingOrder>
        <TextRegion orientation="0.0" id="r1" custom="readingOrder {index:0;}">
            <Coords points="265,189 265,3553 2994,3553 2994,189"/>
            <TextLine id="r1l1" custom="readingOrder {index:0;}">
                <Coords points="250,208 412,240 453,207 746,221 784,192 817,221 1099,223 1099,159 875,168 814,139 412,172 326,143 250,187"/>
                <Baseline points="265,209 305,211 346,211 387,212 428,212 469,212 510,212 551,212 592,211 633,211 674,210 714,210 755,210 796,209 837,209 878,209 919,209 960,209 1001,210 1042,211 1083,212"/>
                <TextEquiv>
                    <Unicode>29. Doktor Graesl</Unicode>
                </TextEquiv>
            </TextLine>
            <TextLine id="r1l2" custom="readingOrder {index:1;}">
                <Coords points="1260,223 1665,224 1665,159 1588,162 1565,147 1539,171 1471,179 1409,147 1365,174 1312,147 1260,159"/>
                <Baseline points="1274,211 1299,211 1324,212 1349,212 1374,212 1399,212 1424,213 1449,213 1474,213 1499,213 1524,213 1549,213 1574,212 1599,212 1624,211 1650,210"/>
                <TextEquiv>
                    <Unicode>Badearzt</Unicode>
                </TextEquiv>
            </TextLine>
            <TextLine id="r1l3" custom="readingOrder {index:2;}">
                <Coords points="1800,240 1865,224 1914,249 1955,250 1982,228 2006,237 2030,220 2067,245 2193,254 2196,157 2064,156 2013,173 1961,154 1907,173 1802,146"/>
                <Baseline points="1816,213 1842,213 1868,214 1894,214 1920,216 1946,217 1972,218 1998,219 2024,220 2050,221 2076,222 2102,222 2128,221 2154,221 2180,219"/>
                <TextEquiv>
                    <Unicode>box 4/9</Unicode>
                </TextEquiv>
            </TextLine>
            <TextLine id="r1l4" custom="readingOrder {index:3;}">
                <Coords points="466,249 1699,256 1670,194 1288,207 1191,168 466,202"/>
                <Baseline points="481,231 541,232 601,232 661,232 721,233 781,233 841,234 902,234 962,234 1022,235 1082,235 1142,236 1202,236 1262,236 1323,237 1383,237 1443,237 1503,237 1563,237 1623,237 1684,237"/>
                <TextEquiv>
                    <Unicode>LehterGr dester, Sadcarer</Unicode>
                </TextEquiv>
            </TextLine>
            <TextLine id="r1l5" custom="readingOrder {index:4;}">
                <Coords points="403,595 475,615 514,604 531,618 603,605 641,636 678,643 727,634 736,555 594,548 547,522 470,523 451,511 411,522"/>
                <Baseline points="420,580 446,581 473,584 500,587 526,591 553,594 580,598 607,601 633,604 660,606 687,608 714,609"/>
                <TextEquiv>
                    <Unicode>30 AU6 1977</Unicode>
                </TextEquiv>
            </TextLine>
            <TextLine id="r1l6" custom="readingOrder {index:5;}">
                <Coords points="760,720 1018,724 1088,750 1124,724 1502,742 1503,642 1432,615 1344,642 1312,609 1247,647 1036,609 968,656 760,626"/>
                <Baseline points="775,720 810,719 846,719 882,718 917,718 953,718 989,718 1024,718 1060,719 1096,719 1132,719 1167,719 1203,720 1239,720 1274,720 1310,720 1346,720 1381,720 1417,719 1453,718 1489,717"/>
                <TextEquiv>
                    <Unicode>Dauzere Armnee-Zeitung, Wien.</Unicode>
                </TextEquiv>
            </TextLine>
            <TextLine id="r1l7" custom="readingOrder {index:6;}">
                <Coords points="311,900 1694,1002 1700,943 319,827"/>
                <Baseline points="328,873 395,879 463,886 530,893 598,899 666,907 733,914 801,922 868,929 936,936 1004,944 1071,952 1139,959 1206,966 1274,973 1341,979 1409,986 1477,992 1544,997 1612,1002 1680,1007"/>
                <TextEquiv>
                    <Unicode>Die Stanescherin enen minersennn.</Unicode>
                </TextEquiv>
            </TextLine>
            <TextLine id="r1l8" custom="readingOrder {index:7;}">
                <Coords points="381,907 1500,1053 1701,1044 1707,994 384,881"/>
                <Baseline points="395,915 459,923 524,931 588,939 653,946 718,953 782,960 847,967 911,974 976,981 1041,988 1105,994 1170,1001 1234,1007 1299,1014 1363,1020 1428,1026 1493,1032 1557,1038 1622,1044 1687,1049"/>
                <TextEquiv>
                    <Unicode>S. Fischer, Berlin 1917. 224 S., M. 3.—. Die Liebemnote#emes</Unicode>
                </TextEquiv>
            </TextLine>
            <TextLine id="r1l9" custom="readingOrder {index:8;}">
                <Coords points="364,964 1461,1085 1519,1044 368,924"/>
                <Baseline points="380,953 436,960 492,966 548,973 604,980 660,986 716,993 772,999 828,1006 884,1012 940,1018 996,1025 1052,1031 1108,1037 1164,1043 1220,1048 1276,1053 1332,1060 1388,1064 1444,1070 1500,1074"/>
                <TextEquiv>
                    <Unicode>Mannes im kritischen Alter — kurz vor den Fünfzigern</Unicode>
                </TextEquiv>
            </TextLine>
            <TextLine id="r1l10" custom="readingOrder {index:9;}">
                <Coords points="353,1050 428,1067 470,1065 586,1084 592,1026 563,1026 530,1001 517,1012 456,999 420,1007 361,980"/>
                <Baseline points="370,1031 395,1033 421,1035 446,1038 472,1041 497,1045 523,1048 548,1050 574,1051"/>
                <TextEquiv>
                    <Unicode>beherrscht.</Unicode>
                </TextEquiv>
            </TextLine>
            <TextLine id="r1l11" custom="readingOrder {index:10;}">
                <Coords points="361,981 643,1053 1678,1149 1684,1091 1568,1067 364,952"/>
                <Baseline points="376,991 440,999 504,1007 569,1015 633,1023 698,1030 762,1038 826,1045 891,1052 955,1059 1020,1066 1084,1072 1148,1079 1213,1086 1277,1092 1342,1099 1406,1106 1470,1112 1535,1118 1599,1125 1664,1131"/>
                <TextEquiv>
                    <Unicode> uene Meluche Anderhent ur eehtrengeng</Unicode>
                </TextEquiv>
            </TextLine>
            <TextLine id="r1l12" custom="readingOrder {index:11;}">
                <Coords points="1562,1072 1579,1073 1595,1092 1610,1087 1619,1091 1625,1088 1631,1094 1648,1096 1658,1087 1672,1088 1675,1050 1660,1049 1654,1055 1628,1050 1619,1055 1605,1045 1593,1048 1563,1045"/>
                <Baseline points="1576,1081 1603,1081 1630,1085 1658,1085"/>
                <TextEquiv>
                    <Unicode>mit</Unicode>
                </TextEquiv>
            </TextLine>
            <TextLine id="r1l13" custom="readingOrder {index:12;}">
                <Coords points="636,1926 2724,1924 2624,1865 636,1858"/>
                <Baseline points="652,1908 754,1911 857,1914 960,1917 1063,1918 1166,1920 1268,1921 1371,1922 1474,1922 1577,1923 1680,1923 1782,1923 1885,1923 1988,1922 2091,1922 2194,1922 2296,1921 2399,1921 2502,1920 2605,1920 2708,1920"/>
                <TextEquiv>
                    <Unicode>zehn Mänlern, die in sochen Verungen u Wab   a</Unicode>
                </TextEquiv>
            </TextLine>
            <TextLine id="r1l14" custom="readingOrder {index:13;}">
                <Coords points="653,1974 2993,1988 2993,1912 2823,1894 653,1924"/>
                <Baseline points="668,1958 783,1961 899,1963 1014,1965 1130,1967 1245,1968 1361,1969 1476,1969 1592,1969 1707,1969 1823,1969 1938,1968 2054,1968 2169,1967 2285,1967 2400,1966 2516,1966 2631,1966 2747,1966 2862,1966 2978,1966"/>
                <TextEquiv>
                    <Unicode>kaum einer den Gerichtssaal so verlassen, daß Namen gesügt werde und daß die Scheu vor Rechtsirrtümern nicht</Unicode>
                </TextEquiv>
            </TextLine>
            <TextLine id="r1l15" custom="readingOrder {index:14;}">
                <Coords points="1821,2018 2966,2043 2993,1987 1821,1980"/>
                <Baseline points="1836,2005 1893,2007 1950,2009 2007,2010 2064,2011 2121,2012 2178,2012 2235,2012 2292,2013 2349,2013 2407,2013 2464,2013 2521,2013 2578,2013 2635,2014 2692,2014 2749,2015 2806,2016 2863,2017 2920,2018 2978,2021"/>
                <TextEquiv>
                    <Unicode>erst beim Urteile, sondern schon vor der Verhaftung anfange</Unicode>
                </TextEquiv>
            </TextLine>
            <TextLine id="r1l16" custom="readingOrder {index:15;}">
                <Coords points="647,2014 1771,2032 1830,2024 1830,1965 647,1976"/>
                <Baseline points="660,2007 717,2009 775,2010 833,2011 890,2012 948,2013 1006,2014 1063,2015 1121,2016 1179,2017 1237,2017 1294,2018 1352,2018 1410,2018 1467,2018 1525,2018 1583,2018 1640,2018 1698,2018 1756,2017 1814,2017"/>
                <TextEquiv>
                    <Unicode>und Wohlgelittenheit unter den Menschen gar nicht</Unicode>
                </TextEquiv>
            </TextLine>
            <TextLine id="r1l17" custom="readingOrder {index:16;}">
                <Coords points="646,2078 737,2060 837,2071 857,2056 1107,2064 1107,2026 1065,2014 875,2033 766,2004 646,2014"/>
                <Baseline points="661,2064 686,2062 711,2060 736,2060 762,2059 787,2059 812,2059 838,2059 863,2060 888,2060 913,2061 939,2061 964,2061 989,2061 1015,2060 1040,2059 1065,2057 1091,2055"/>
                <TextEquiv>
                    <Unicode>geschädigt werden.</Unicode>
                </TextEquiv>
            </TextLine>
            <TextLine id="r1l18" custom="readingOrder {index:17;}">
                <Coords points="1165,2074 1826,2068 1826,2024 1800,2021 1166,2018"/>
                <Baseline points="1180,2061 1211,2060 1243,2060 1274,2061 1306,2061 1337,2061 1369,2062 1400,2063 1432,2063 1463,2064 1495,2064 1526,2065 1558,2066 1589,2066 1621,2067 1652,2067 1684,2067 1715,2067 1747,2067 1778,2066 1810,2066"/>
                <TextEquiv>
                    <Unicode>Herrenhausmitglied Professor</Unicode>
                </TextEquiv>
            </TextLine>
            <TextLine id="r1l19" custom="readingOrder {index:18;}">
                <Coords points="2364,2077 2403,2085 2414,2076 2441,2082 2455,2067 2482,2084 2535,2083 2552,2065 2584,2068 2584,2030 2516,2040 2499,2025 2478,2022 2440,2041 2405,2015 2363,2021"/>
                <Baseline points="2380,2068 2407,2065 2434,2064 2461,2064 2488,2064 2515,2064 2542,2064 2570,2062"/>
                <TextEquiv>
                    <Unicode>—</Unicode>
                </TextEquiv>
            </TextLine>
            <TextLine id="r1l20" custom="readingOrder {index:19;}">
                <Coords points="1816,2157 2861,2189 3009,2141 1817,2121"/>
                <Baseline points="1831,2162 1889,2163 1947,2164 2005,2165 2063,2165 2121,2166 2179,2167 2238,2168 2296,2168 2354,2169 2412,2170 2470,2170 2528,2170 2586,2171 2645,2171 2703,2171 2761,2172 2819,2172 2877,2172 2935,2172 2994,2172"/>
                <TextEquiv>
                    <Unicode>Sommer, aus dem Sommer in den Winter, und wird alt</Unicode>
                </TextEquiv>
            </TextLine>
            <TextLine id="r1l21" custom="readingOrder {index:20;}">
                <Coords points="1008,2213 1037,2213 1072,2240 1260,2216 1363,2244 1436,2218 1438,2121 1382,2129 1358,2114 1311,2137 1253,2113 1232,2130 1173,2124 1126,2141 1085,2126 1044,2154 1008,2154"/>
                <Baseline points="1023,2209 1049,2208 1076,2207 1102,2207 1129,2208 1155,2208 1182,2209 1208,2209 1235,2210 1261,2211 1288,2211 1314,2212 1341,2212 1367,2212 1394,2211 1421,2210"/>
                <TextEquiv>
                    <Unicode>Fenilleten.</Unicode>
                </TextEquiv>
            </TextLine>
            <TextLine id="r1l22" custom="readingOrder {index:21;}">
                <Coords points="1801,2210 2835,2235 3002,2224 3003,2171 1802,2151"/>
                <Baseline points="1817,2210 1875,2211 1934,2212 1992,2213 2051,2214 2109,2214 2168,2215 2226,2216 2285,2216 2343,2217 2402,2217 2460,2218 2519,2218 2577,2218 2636,2218 2694,2219 2753,2219 2811,2219 2870,2219 2928,2219 2987,2218"/>
                <TextEquiv>
                    <Unicode>und grau, im Dienste der leidenden Menschheit zwar, aber</Unicode>
                </TextEquiv>
            </TextLine>
            <TextLine id="r1l23" custom="readingOrder {index:22;}">
                <Coords points="1812,2270 2836,2302 3004,2268 2972,2217 1812,2220"/>
                <Baseline points="1827,2262 1885,2262 1943,2263 2001,2263 2059,2264 2117,2264 2175,2264 2233,2265 2291,2265 2349,2266 2408,2266 2466,2266 2524,2267 2582,2267 2640,2267 2698,2267 2756,2267 2814,2268 2872,2268 2930,2267 2989,2267"/>
                <TextEquiv>
                    <Unicode>ohne rechte innere Befriedigung. Und auch er zog einmal</Unicode>
                </TextEquiv>
            </TextLine>
            <TextLine id="r1l24" custom="readingOrder {index:23;}">
                <Coords points="1604,2250 1619,2251 1657,2289 1693,2286 1724,2304 1771,2302 1802,2283 1817,2285 1828,2147 1768,2151 1755,2135 1726,2127 1679,2159 1671,2149 1653,2157 1613,2139"/>
                <Baseline points="1618,2257 1644,2263 1671,2267 1697,2271 1724,2274 1750,2275 1777,2274 1804,2270"/>
                <TextEquiv>
                    <Unicode>0</Unicode>
                </TextEquiv>
            </TextLine>
            <TextLine id="r1l25" custom="readingOrder {index:24;}">
                <Coords points="875,2302 1585,2323 1586,2255 1534,2234 1246,2261 876,2235"/>
                <Baseline points="891,2292 925,2292 959,2292 993,2292 1027,2293 1061,2293 1095,2294 1129,2295 1163,2296 1197,2296 1231,2297 1265,2298 1299,2298 1333,2299 1367,2300 1401,2300 1435,2300 1469,2301 1503,2301 1537,2301 1571,2301"/>
                <TextEquiv>
                    <Unicode>Doktor Gräsler, Badearzt.</Unicode>
                </TextEquiv>
            </TextLine>
            <TextLine id="r1l26" custom="readingOrder {index:25;}">
                <Coords points="1812,2308 1923,2330 2032,2316 2061,2337 2085,2317 2452,2319 2449,2277 1812,2269"/>
                <Baseline points="1826,2306 1856,2306 1887,2306 1917,2306 1948,2306 1979,2307 2009,2307 2040,2308 2070,2308 2101,2309 2132,2309 2162,2310 2193,2310 2223,2311 2254,2311 2285,2312 2315,2312 2346,2312 2376,2312 2407,2312 2438,2311"/>
                <TextEquiv>
                    <Unicode>aus, die Welt zu erobern.</Unicode>
                </TextEquiv>
            </TextLine>
            <TextLine id="r1l27" custom="readingOrder {index:26;}">
                <Coords points="729,2348 1387,2343 1554,2385 1583,2356 1786,2363 1813,2316 1686,2286 1563,2317 729,2286"/>
                <Baseline points="745,2344 797,2346 850,2347 902,2348 955,2349 1008,2350 1060,2350 1113,2350 1166,2350 1218,2350 1271,2350 1324,2349 1376,2349 1429,2349 1482,2349 1534,2350 1587,2350 1640,2351 1692,2353 1745,2355 1798,2357"/>
                <TextEquiv>
                    <Unicode>Die neue Erzählung von Artur Schnitzler, die diesen</Unicode>
                </TextEquiv>
            </TextLine>
            <TextLine id="r1l28" custom="readingOrder {index:27;}">
                <Coords points="1890,2367 2871,2373 2871,2321 2822,2300 2663,2334 2552,2298 1891,2341"/>
                <Baseline points="1906,2363 1953,2363 2001,2364 2048,2364 2096,2364 2143,2365 2191,2365 2238,2366 2286,2366 2333,2366 2381,2367 2429,2367 2476,2368 2524,2368 2571,2368 2619,2368 2666,2369 2714,2369 2761,2368 2809,2368 2857,2368"/>
                <TextEquiv>
                    <Unicode>In ein derartiges Badearztschicksal nun, in eines</Unicode>
                </TextEquiv>
            </TextLine>
            <TextLine id="r1l29" custom="readingOrder {index:28;}">
                <Coords points="633,2403 662,2400 686,2410 698,2398 718,2411 733,2399 747,2412 768,2400 815,2405 816,2361 793,2363 784,2354 743,2350 732,2341 723,2349 714,2340 687,2342 673,2327 664,2333 656,2327 635,2329"/>
                <Baseline points="648,2393 673,2393 698,2394 724,2395 749,2395 774,2396 800,2397"/>
                <TextEquiv>
                    <Unicode>unschein</Unicode>
                </TextEquiv>
            </TextLine>
            <TextLine id="r1l30" custom="readingOrder {index:29;}">
                <Coords points="1112,2401 1808,2419 1809,2369 1777,2362 1586,2354 1547,2377 1386,2343 1113,2366"/>
                <Baseline points="1126,2393 1159,2394 1192,2396 1226,2397 1259,2398 1292,2399 1326,2399 1359,2400 1392,2400 1426,2400 1459,2400 1492,2400 1526,2400 1559,2400 1592,2401 1626,2401 1659,2401 1692,2402 1726,2403 1759,2404 1793,2405"/>
                <TextEquiv>
                    <Unicode>eigentümlich anzsehenden Titel führt,</Unicode>
                </TextEquiv>
            </TextLine>
            <TextLine id="r1l31" custom="readingOrder {index:30;}">
                <Coords points="1813,2418 2838,2423 2838,2373 2759,2366 2544,2390 1814,2362"/>
                <Baseline points="1829,2411 1878,2411 1928,2411 1977,2411 2027,2412 2077,2412 2126,2413 2176,2413 2226,2414 2275,2415 2325,2416 2375,2416 2424,2417 2474,2418 2524,2418 2573,2419 2623,2419 2673,2419 2722,2419 2772,2419 2822,2418"/>
                <TextEquiv>
                    <Unicode>durchschnittlicher Melancholie, leuchtet Schnitzler mit</Unicode>
                </TextEquiv>
            </TextLine>
            <TextLine id="r1l32" custom="readingOrder {index:31;}">
                <Coords points="1146,2449 1439,2464 1554,2444 1809,2475 1810,2411 1146,2408"/>
                <Baseline points="1159,2446 1190,2446 1222,2447 1254,2447 1286,2447 1317,2448 1349,2448 1381,2448 1413,2448 1444,2449 1476,2449 1508,2449 1540,2449 1571,2450 1603,2450 1635,2450 1667,2450 1698,2451 1730,2451 1762,2451 1794,2451"/>
                <TextEquiv>
                    <Unicode>erufe näher bekannt, an dem die</Unicode>
                </TextEquiv>
            </TextLine>
            <TextLine id="r1l33" custom="readingOrder {index:32;}">
                <Coords points="1810,2461 2838,2470 2838,2423 2759,2414 1811,2420"/>
                <Baseline points="1826,2465 1875,2463 1925,2462 1975,2461 2025,2461 2075,2461 2125,2461 2175,2461 2225,2461 2275,2462 2325,2463 2374,2463 2424,2464 2474,2464 2524,2465 2574,2465 2624,2466 2674,2466 2724,2466 2774,2466 2824,2465"/>
                <TextEquiv>
                    <Unicode>jüngsten, soeben erschienenen Novelle etwas tiefer hinein</Unicode>
                </TextEquiv>
            </TextLine>
            <TextLine id="r1l34" custom="readingOrder {index:33;}">
                <Coords points="641,2499 656,2500 668,2492 682,2499 695,2491 709,2498 733,2497 736,2447 701,2447 697,2450 695,2447 665,2445 659,2451 644,2450"/>
                <Baseline points="656,2485 687,2487 718,2489"/>
                <TextEquiv>
                    <Unicode>Dick</Unicode>
                </TextEquiv>
            </TextLine>
            <TextLine id="r1l35" custom="readingOrder {index:34;}">
                <Coords points="1179,2517 1243,2497 1326,2515 1367,2497 1804,2508 1805,2456 1179,2443"/>
                <Baseline points="1195,2495 1224,2495 1254,2495 1284,2496 1314,2496 1343,2496 1373,2497 1403,2497 1433,2497 1462,2498 1492,2498 1522,2498 1552,2498 1581,2498 1611,2499 1641,2499 1671,2498 1700,2498 1730,2498 1760,2497 1790,2497"/>
                <TextEquiv>
                    <Unicode>eigegangen sind. Das ist merk¬</Unicode>
                </TextEquiv>
            </TextLine>
            <TextLine id="r1l36" custom="readingOrder {index:35;}">
                <Coords points="1816,2506 2858,2516 2858,2466 1816,2462"/>
                <Baseline points="1829,2507 1879,2506 1930,2506 1981,2506 2031,2506 2082,2506 2133,2506 2183,2507 2234,2508 2285,2509 2336,2509 2386,2510 2437,2511 2488,2512 2538,2513 2589,2513 2640,2514 2690,2514 2741,2514 2792,2513 2843,2513"/>
                <TextEquiv>
                    <Unicode>Doktor Gräsler ist Badearzt auf Lanzarote, einer sichtlic</Unicode>
                </TextEquiv>
            </TextLine>
            <TextLine id="r1l37" custom="readingOrder {index:36;}">
                <Coords points="648,2543 671,2540 677,2544 686,2541 695,2544 698,2541 704,2542 712,2551 735,2552 737,2499 723,2498 720,2501 717,2498 714,2501 697,2491 676,2502 673,2499 670,2502 664,2496 649,2496"/>
                <Baseline points="664,2537 692,2537 720,2539"/>
                <TextEquiv>
                    <Unicode>wür</Unicode>
                </TextEquiv>
            </TextLine>
            <TextLine id="r1l38" custom="readingOrder {index:37;}">
                <Coords points="1214,2546 1722,2547 1815,2575 1816,2507 1214,2508"/>
                <Baseline points="1227,2543 1255,2543 1284,2543 1312,2543 1341,2543 1370,2543 1398,2543 1427,2544 1456,2544 1484,2544 1513,2544 1542,2545 1570,2545 1599,2545 1628,2545 1656,2546 1685,2546 1714,2546 1742,2546 1771,2547 1800,2547"/>
                <TextEquiv>
                    <Unicode>oder, wie die geheimnisvoller</Unicode>
                </TextEquiv>
            </TextLine>
            <TextLine id="r1l39" custom="readingOrder {index:38;}">
                <Coords points="1803,2567 2863,2579 2924,2565 2925,2518 1803,2502"/>
                <Baseline points="1819,2556 1873,2556 1928,2556 1982,2556 2037,2556 2091,2557 2146,2557 2200,2557 2255,2558 2309,2558 2364,2558 2418,2558 2473,2559 2527,2559 2582,2559 2636,2559 2691,2559 2745,2559 2800,2559 2854,2559 2909,2558"/>
                <TextEquiv>
                    <Unicode>fundenen Insel, die man sich irgendwo im Adriatische</Unicode>
                </TextEquiv>
            </TextLine>
            <TextLine id="r1l40" custom="readingOrder {index:39;}">
                <Coords points="660,2593 677,2594 695,2589 713,2589 716,2592 719,2589 742,2590 744,2555 729,2555 717,2551 706,2542 662,2543"/>
                <Baseline points="674,2583 701,2583 728,2585"/>
                <TextEquiv>
                    <Unicode>kling</Unicode>
                </TextEquiv>
            </TextLine>
            <TextLine id="r1l41" custom="readingOrder {index:40;}">
                <Coords points="1219,2602 1580,2588 1803,2605 1804,2555 1219,2543"/>
                <Baseline points="1234,2585 1261,2586 1289,2587 1317,2587 1344,2588 1372,2588 1400,2588 1427,2589 1455,2589 1483,2589 1511,2589 1538,2589 1566,2589 1594,2590 1621,2590 1649,2590 1677,2590 1704,2591 1732,2591 1760,2592 1788,2593"/>
                <TextEquiv>
                    <Unicode>ichnung lautet: der Balneologe</Unicode>
                </TextEquiv>
            </TextLine>
            <TextLine id="r1l42" custom="readingOrder {index:41;}">
                <Coords points="1795,2604 2961,2617 2961,2573 2900,2558 1796,2554"/>
                <Baseline points="1811,2600 1867,2600 1924,2600 1981,2600 2037,2600 2094,2601 2151,2601 2207,2602 2264,2602 2321,2603 2378,2603 2434,2604 2491,2605 2548,2605 2604,2605 2661,2606 2718,2606 2774,2606 2831,2605 2888,2605 2945,2604"/>
                <TextEquiv>
                    <Unicode>oder Mittelländischen Meere schwimmend denken mag. Da¬</Unicode>
                </TextEquiv>
            </TextLine>
            <TextLine id="r1l43" custom="readingOrder {index:42;}">
                <Coords points="648,2645 665,2644 671,2638 704,2652 718,2639 733,2647 774,2643 772,2593 737,2600 725,2589 716,2592 707,2587 695,2593 645,2592"/>
                <Baseline points="661,2639 694,2635 727,2635 760,2634"/>
                <TextEquiv>
                    <Unicode>gehört</Unicode>
                </TextEquiv>
            </TextLine>
            <TextLine id="r1l44" custom="readingOrder {index:43;}">
                <Coords points="1216,2641 1771,2654 1815,2640 1816,2599 1217,2594"/>
                <Baseline points="1231,2636 1259,2635 1287,2634 1316,2634 1344,2633 1373,2633 1401,2634 1430,2634 1458,2634 1487,2635 1515,2636 1543,2636 1572,2637 1600,2638 1629,2638 1657,2639 1686,2639 1714,2640 1743,2640 1771,2640 1800,2639"/>
                <TextEquiv>
                    <Unicode>n Standpunkte interessantesten</Unicode>
                </TextEquiv>
            </TextLine>
            <TextLine id="r1l45" custom="readingOrder {index:44;}">
                <Coords points="1807,2653 2928,2664 2928,2608 1807,2600"/>
                <Baseline points="1821,2649 1875,2648 1930,2648 1984,2647 2039,2647 2094,2647 2148,2647 2203,2647 2258,2648 2312,2648 2367,2648 2422,2649 2476,2649 2531,2650 2586,2650 2640,2650 2695,2651 2750,2651 2804,2651 2859,2651 2914,2651"/>
                <TextEquiv>
                    <Unicode>selbst verbringt er den Winter, den Sommer in einem namen</Unicode>
                </TextEquiv>
            </TextLine>
            <TextLine id="r1l46" custom="readingOrder {index:45;}">
                <Coords points="1236,2668 1377,2702 1400,2684 1791,2697 1791,2653 1733,2643 1451,2650 1236,2630"/>
                <Baseline points="1250,2683 1276,2683 1302,2683 1328,2683 1355,2683 1381,2683 1407,2684 1433,2684 1460,2685 1486,2685 1512,2685 1538,2686 1565,2686 1591,2686 1617,2686 1643,2687 1670,2687 1696,2687 1722,2686 1748,2686 1775,2686"/>
                <TextEquiv>
                    <Unicode>Er ist interessant vermöge</Unicode>
                </TextEquiv>
            </TextLine>
            <TextLine id="r1l47" custom="readingOrder {index:46;}">
                <Coords points="647,2701 670,2701 689,2684 708,2697 726,2695 731,2688 740,2687 755,2695 773,2693 766,2637 732,2644 722,2639 708,2647 675,2639 666,2643 654,2638 640,2640"/>
                <Baseline points="660,2696 692,2686 725,2683 758,2684"/>
                <TextEquiv>
                    <Unicode>Figur</Unicode>
                </TextEquiv>
            </TextLine>
            <TextLine id="r1l48" custom="readingOrder {index:47;}">
                <Coords points="1800,2702 2672,2696 2757,2722 2757,2660 2689,2649 1800,2653"/>
                <Baseline points="1815,2699 1861,2699 1907,2698 1954,2697 2000,2697 2047,2697 2093,2696 2139,2696 2186,2696 2232,2696 2279,2696 2325,2696 2371,2696 2418,2696 2464,2697 2511,2697 2557,2697 2603,2697 2650,2697 2696,2697 2743,2697"/>
                <TextEquiv>
                    <Unicode>losen kleinen deutschen Badeort, und diese Dox</Unicode>
                </TextEquiv>
            </TextLine>
            <TextLine id="r1l49" custom="readingOrder {index:48;}">
                <Coords points="622,2747 657,2736 690,2741 704,2731 743,2744 793,2742 790,2686 705,2696 690,2685 670,2701 652,2690 641,2696 620,2694"/>
                <Baseline points="638,2736 666,2733 694,2730 722,2729 750,2729 778,2730"/>
                <TextEquiv>
                    <Unicode>zeiner</Unicode>
                </TextEquiv>
            </TextLine>
            <TextLine id="r1l50" custom="readingOrder {index:49;}">
                <Coords points="1211,2734 1341,2752 1361,2734 1482,2746 1511,2729 1631,2750 1810,2741 1810,2694 1212,2693"/>
                <Baseline points="1225,2733 1253,2733 1282,2733 1310,2733 1339,2733 1367,2733 1396,2733 1424,2733 1453,2733 1481,2733 1510,2734 1539,2734 1567,2734 1596,2734 1624,2734 1653,2734 1681,2734 1710,2734 1738,2734 1767,2734 1796,2734"/>
                <TextEquiv>
                    <Unicode>vermöge seines Schicksals, die</Unicode>
                </TextEquiv>
            </TextLine>
            <TextLine id="r1l51" custom="readingOrder {index:50;}">
                <Coords points="1805,2762 1978,2739 2707,2758 2707,2705 2669,2699 1805,2701"/>
                <Baseline points="1819,2748 1862,2746 1906,2745 1949,2744 1993,2744 2037,2743 2080,2743 2124,2743 2168,2743 2211,2743 2255,2743 2299,2743 2342,2744 2386,2744 2430,2744 2473,2745 2517,2745 2561,2746 2604,2746 2648,2746 2692,2746"/>
                <TextEquiv>
                    <Unicode>führt er nun schon seit einer Reihe von Jahren</Unicode>
                </TextEquiv>
            </TextLine>
            <TextLine id="r1l52" custom="readingOrder {index:51;}">
                <Coords points="634,2782 660,2779 689,2791 716,2779 739,2783 754,2774 795,2792 804,2783 819,2783 819,2736 748,2744 699,2732 678,2744 666,2735 649,2747 634,2747"/>
                <Baseline points="649,2778 675,2776 701,2776 727,2776 753,2777 779,2777 805,2778"/>
                <TextEquiv>
                    <Unicode>beide vor</Unicode>
                </TextEquiv>
            </TextLine>
            <TextLine id="r1l53" custom="readingOrder {index:52;}">
                <Coords points="1174,2786 1241,2798 1332,2778 1447,2802 1614,2780 1749,2798 1808,2784 1808,2740 1174,2744"/>
                <Baseline points="1188,2777 1218,2778 1248,2778 1278,2779 1309,2779 1339,2780 1369,2780 1399,2780 1430,2780 1460,2780 1490,2781 1520,2781 1551,2781 1581,2781 1611,2781 1641,2781 1672,2781 1702,2781 1732,2782 1762,2782 1793,2782"/>
                <TextEquiv>
                    <Unicode>weichen. Badearzt wird einer ja</Unicode>
                </TextEquiv>
            </TextLine>
            <TextLine id="r1l54" custom="readingOrder {index:53;}">
                <Coords points="1805,2788 1990,2811 2648,2793 2630,2746 1805,2750"/>
                <Baseline points="1819,2786 1859,2788 1900,2789 1941,2790 1981,2791 2022,2791 2063,2791 2103,2791 2144,2791 2185,2791 2226,2790 2266,2790 2307,2789 2348,2789 2388,2789 2429,2789 2470,2789 2510,2789 2551,2789 2592,2789 2633,2790"/>
                <TextEquiv>
                    <Unicode>nicht mehr ganz jung, der Doktor, schon so</Unicode>
                </TextEquiv>
            </TextLine>
            <TextLine id="r1l55" custom="readingOrder {index:54;}">
                <Coords points="635,2832 664,2841 673,2832 691,2838 705,2829 737,2829 746,2838 773,2832 790,2849 831,2832 849,2835 849,2782 767,2785 749,2773 734,2785 720,2779 676,2791 661,2779 635,2779"/>
                <Baseline points="649,2827 675,2826 701,2826 728,2826 754,2826 781,2826 807,2826 834,2826"/>
                <TextEquiv>
                    <Unicode>in den sel</Unicode>
                </TextEquiv>
            </TextLine>
            <TextLine id="r1l56" custom="readingOrder {index:55;}">
                <Coords points="1103,2807 1211,2837 1294,2820 1411,2844 1793,2835 1793,2785 1103,2772"/>
                <Baseline points="1119,2829 1152,2828 1185,2827 1218,2827 1251,2827 1284,2827 1317,2827 1350,2827 1383,2827 1416,2827 1449,2828 1482,2828 1515,2829 1548,2829 1581,2830 1614,2830 1647,2830 1680,2830 1713,2830 1746,2830 1779,2830"/>
                <TextEquiv>
                    <Unicode>weil er es von allem Anfang an</Unicode>
                </TextEquiv>
            </TextLine>
            <TextLine id="r1l57" custom="readingOrder {index:56;}">
                <Coords points="1802,2844 2648,2842 2628,2791 1803,2788"/>
                <Baseline points="1816,2830 1856,2831 1897,2832 1938,2833 1979,2834 2020,2834 2061,2835 2101,2836 2142,2836 2183,2836 2224,2837 2265,2837 2306,2837 2347,2837 2387,2837 2428,2837 2469,2837 2510,2837 2551,2837 2592,2837 2633,2837"/>
                <TextEquiv>
                    <Unicode>Aber da, eines Tages, im Frühjahr, erle</Unicode>
                </TextEquiv>
            </TextLine>
            <TextLine id="r1l58" custom="readingOrder {index:57;}">
                <Coords points="632,2877 679,2882 702,2873 776,2883 802,2871 826,2882 855,2875 887,2883 886,2828 781,2839 751,2839 733,2828 690,2838 631,2833"/>
                <Baseline points="647,2877 675,2876 703,2875 731,2875 759,2874 787,2873 815,2872 843,2873 871,2873"/>
                <TextEquiv>
                    <Unicode>werden woll</Unicode>
                </TextEquiv>
            </TextLine>
            <TextLine id="r1l59" custom="readingOrder {index:58;}">
                <Coords points="983,2884 1796,2878 1796,2840 1723,2831 983,2834"/>
                <Baseline points="997,2872 1036,2872 1075,2873 1114,2873 1153,2874 1192,2874 1231,2874 1271,2874 1310,2875 1349,2875 1388,2875 1427,2875 1466,2875 1505,2875 1545,2875 1584,2875 1623,2875 1662,2875 1701,2875 1740,2875 1780,2875"/>
                <TextEquiv>
                    <Unicode>ndern weil er es, oft auf einem roman¬</Unicode>
                </TextEquiv>
            </TextLine>
            <TextLine id="r1l60" custom="readingOrder {index:59;}">
                <Coords points="1803,2888 2643,2880 2643,2847 2570,2833 1803,2841"/>
                <Baseline points="1817,2883 1857,2883 1898,2883 1938,2883 1979,2883 2020,2883 2060,2883 2101,2883 2141,2883 2182,2883 2223,2883 2263,2883 2304,2883 2344,2883 2385,2883 2426,2883 2466,2883 2507,2883 2547,2884 2588,2884 2629,2884"/>
                <TextEquiv>
                    <Unicode>Pendelgang seines bisherigen Lebens eine</Unicode>
                </TextEquiv>
            </TextLine>
            <TextLine id="r1l61" custom="readingOrder {index:60;}">
                <Coords points="635,2930 1663,2921 1807,2953 1786,2877 635,2877"/>
                <Baseline points="651,2925 708,2924 765,2923 822,2923 879,2922 936,2922 993,2921 1050,2921 1107,2921 1164,2921 1221,2921 1278,2921 1335,2921 1392,2921 1449,2922 1506,2922 1563,2922 1620,2923 1677,2923 1734,2923 1792,2924"/>
                <TextEquiv>
                    <Unicode>haften Umweg, zu seiner eigenen Ueberraschung, fast gegen</Unicode>
                </TextEquiv>
            </TextLine>
            <TextLine id="r1l62" custom="readingOrder {index:61;}">
                <Coords points="1799,2929 2647,2945 2648,2893 1799,2882"/>
                <Baseline points="1815,2927 1855,2927 1896,2927 1937,2927 1978,2928 2019,2928 2060,2928 2101,2928 2142,2928 2183,2928 2224,2929 2264,2929 2305,2929 2346,2929 2387,2929 2428,2929 2469,2929 2510,2929 2551,2929 2592,2928 2633,2928"/>
                <TextEquiv>
                    <Unicode>brechung. Der Doktor findet, von seinem Sp</Unicode>
                </TextEquiv>
            </TextLine>
            <TextLine id="r1l63" custom="readingOrder {index:62;}">
                <Coords points="639,2985 1796,2966 1796,2933 1664,2922 639,2926"/>
                <Baseline points="655,2975 711,2973 767,2971 823,2970 880,2969 936,2968 992,2968 1048,2968 1105,2968 1161,2968 1217,2968 1273,2969 1330,2969 1386,2969 1442,2969 1498,2970 1555,2970 1611,2970 1667,2969 1723,2969 1780,2968"/>
                <TextEquiv>
                    <Unicode>seinen Willen, geworden ist. Besondere Gaben: Sprachen¬</Unicode>
                </TextEquiv>
            </TextLine>
            <TextLine id="r1l64" custom="readingOrder {index:63;}">
                <Coords points="1785,2992 2672,2988 2696,2941 1785,2930"/>
                <Baseline points="1799,2976 1843,2975 1887,2975 1931,2975 1975,2974 2019,2974 2063,2974 2107,2974 2151,2974 2195,2974 2240,2975 2284,2975 2328,2975 2372,2976 2416,2976 2460,2977 2504,2977 2548,2978 2592,2978 2636,2979 2681,2979"/>
                <TextEquiv>
                    <Unicode>kehrend, seine ältliche Schwester, die ihm sei</Unicode>
                </TextEquiv>
            </TextLine>
            <TextLine id="r1l65" custom="readingOrder {index:64;}">
                <Coords points="638,3027 2705,3029 2637,2978 638,2974"/>
                <Baseline points="651,3023 753,3020 855,3018 957,3017 1059,3016 1161,3015 1263,3015 1365,3016 1467,3016 1569,3017 1671,3018 1773,3019 1875,3020 1977,3021 2079,3022 2181,3023 2283,3024 2385,3024 2487,3023 2589,3023 2691,3022"/>
                <TextEquiv>
                    <Unicode>kenntnisse, weltmännisches Auftreten, gesellige Talente, legen! Wirtschaft führt, am Fensterkreuz ihres Zimme</Unicode>
                </TextEquiv>
            </TextLine>
            <TextLine id="r1l66" custom="readingOrder {index:65;}">
                <Coords points="623,3073 2373,3072 2262,3024 623,3017"/>
                <Baseline points="637,3069 723,3067 809,3066 895,3065 981,3064 1067,3064 1153,3064 1240,3064 1326,3064 1412,3065 1498,3065 1584,3066 1670,3066 1756,3067 1843,3068 1929,3068 2015,3069 2101,3069 2187,3069 2273,3069 2360,3069"/>
                <TextEquiv>
                    <Unicode>es einem jungen Gelehrten nahe, sich in dieser Richtung zusie hat sich aus ihm unbekannte</Unicode>
                </TextEquiv>
            </TextLine>
            <TextLine id="r1l67" custom="readingOrder {index:66;}">
                <Coords points="2646,3073 2663,3074 2669,3081 2675,3075 2681,3075 2684,3079 2693,3070 2699,3074 2710,3074 2713,3030 2684,3029 2681,3025 2672,3025 2669,3028 2649,3026"/>
                <Baseline points="2661,3070 2697,3072"/>
                <TextEquiv>
                    <Unicode>nkt.</Unicode>
                </TextEquiv>
            </TextLine>
            <TextLine id="r1l68" custom="readingOrder {index:67;}">
                <Coords points="617,3113 2305,3117 2229,3070 617,3072"/>
                <Baseline points="631,3116 714,3115 797,3114 880,3113 963,3112 1046,3112 1129,3111 1212,3111 1295,3111 1378,3111 1461,3112 1544,3112 1627,3112 1710,3113 1793,3113 1876,3114 1959,3114 2042,3114 2125,3115 2208,3115 2291,3115"/>
                <TextEquiv>
                    <Unicode>betätigen. Er tut es, zunächst vielleicht nur provisorisch, beginnt ein neuer Abschnit</Unicode>
                </TextEquiv>
            </TextLine>
            <TextLine id="r1l69" custom="readingOrder {index:68;}">
                <Coords points="2293,3123 2308,3126 2321,3119 2327,3120 2334,3115 2348,3118 2354,3086 2336,3083 2331,3076 2328,3078 2326,3075 2320,3074 2316,3076 2302,3074"/>
                <Baseline points="2310,3113 2334,3117"/>
                <TextEquiv>
                    <Unicode>tt</Unicode>
                </TextEquiv>
            </TextLine>
            <TextLine id="r1l70" custom="readingOrder {index:69;}">
                <Coords points="618,3158 1793,3157 1793,3110 618,3109"/>
                <Baseline points="633,3163 690,3161 747,3160 804,3158 862,3158 919,3158 976,3158 1033,3158 1091,3158 1148,3159 1205,3159 1262,3160 1320,3160 1377,3160 1434,3160 1491,3160 1549,3160 1606,3159 1663,3158 1720,3156 1778,3154"/>
                <TextEquiv>
                    <Unicode>aber aus dem Provisorium wird im Handumdrehen ein</Unicode>
                </TextEquiv>
            </TextLine>
            <TextLine id="r1l71" custom="readingOrder {index:70;}">
                <Coords points="1796,3160 1908,3176 2369,3168 2369,3121 2334,3115 1797,3122"/>
                <Baseline points="1811,3159 1838,3159 1865,3159 1892,3160 1919,3160 1946,3160 1973,3161 2001,3161 2028,3161 2055,3161 2082,3162 2109,3162 2136,3162 2163,3162 2191,3163 2218,3163 2245,3163 2272,3163 2299,3163 2326,3163 2354,3163"/>
                <TextEquiv>
                    <Unicode>denn wenngleich er kein beson</Unicode>
                </TextEquiv>
            </TextLine>
            <TextLine id="r1l72" custom="readingOrder {index:71;}">
                <Coords points="624,3207 1793,3212 1793,3156 624,3160"/>
                <Baseline points="638,3208 695,3207 752,3207 809,3207 866,3207 923,3206 980,3206 1037,3206 1094,3206 1151,3206 1208,3205 1265,3205 1322,3205 1379,3205 1436,3205 1493,3204 1550,3204 1607,3204 1664,3204 1721,3204 1778,3205"/>
                <TextEquiv>
                    <Unicode>Definitivum, was zuweilen nicht ohne Melancholie ist. Denn</Unicode>
                </TextEquiv>
            </TextLine>
            <TextLine id="r1l73" custom="readingOrder {index:72;}">
                <Coords points="1796,3208 2463,3222 2463,3166 1796,3161"/>
                <Baseline points="1810,3210 1841,3209 1873,3208 1905,3207 1937,3207 1969,3207 2001,3207 2032,3207 2064,3207 2096,3207 2128,3208 2160,3208 2192,3209 2224,3209 2255,3209 2287,3210 2319,3210 2351,3210 2383,3210 2415,3209 2447,3209"/>
                <TextEquiv>
                    <Unicode>er ist überhaupt kein sonderlich zärt</Unicode>
                </TextEquiv>
            </TextLine>
            <TextLine id="r1l74" custom="readingOrder {index:73;}">
                <Coords points="2675,3221 2693,3221 2695,3224 2707,3212 2713,3218 2731,3215 2737,3221 2740,3218 2751,3221 2769,3218 2769,3171 2754,3171 2748,3165 2740,3165 2707,3180 2693,3174 2675,3174"/>
                <Baseline points="2690,3210 2722,3210 2754,3210"/>
                <TextEquiv>
                    <Unicode>h, ein</Unicode>
                </TextEquiv>
            </TextLine>
            <TextLine id="r1l75" custom="readingOrder {index:74;}">
                <Coords points="625,3256 1790,3264 1790,3211 1676,3205 625,3215"/>
                <Baseline points="639,3254 695,3253 752,3253 809,3253 866,3253 923,3253 979,3253 1036,3253 1093,3253 1150,3253 1207,3253 1263,3254 1320,3254 1377,3254 1434,3253 1491,3253 1547,3253 1604,3253 1661,3252 1718,3252 1775,3251"/>
                <TextEquiv>
                    <Unicode>nicht jeden Badearzt tröstet eine goldene Praxis, nicht jeder</Unicode>
                </TextEquiv>
            </TextLine>
            <TextLine id="r1l76" custom="readingOrder {index:75;}">
                <Coords points="1793,3268 2110,3267 2127,3249 2171,3273 2251,3250 2315,3271 2512,3266 2495,3213 1793,3206"/>
                <Baseline points="1806,3255 1840,3255 1875,3255 1909,3255 1944,3255 1978,3256 2013,3256 2047,3256 2082,3256 2116,3256 2151,3256 2186,3257 2220,3257 2255,3257 2289,3257 2324,3257 2358,3257 2393,3258 2427,3258 2462,3258 2497,3258"/>
                <TextEquiv>
                    <Unicode>kühl“, wie seine besten Bekannten sa</Unicode>
                </TextEquiv>
            </TextLine>
            <TextLine id="r1l77" custom="readingOrder {index:76;}">
                <Coords points="2690,3271 2704,3271 2722,3259 2728,3262 2731,3259 2740,3262 2748,3256 2769,3259 2769,3218 2754,3218 2751,3221 2740,3218 2737,3221 2731,3215 2725,3218 2713,3212 2690,3215"/>
                <Baseline points="2705,3257 2753,3257"/>
                <TextEquiv>
                    <Unicode>wa</Unicode>
                </TextEquiv>
            </TextLine>
            <TextLine id="r1l78" custom="readingOrder {index:77;}">
                <Coords points="619,3310 1702,3317 1784,3305 1784,3258 618,3260"/>
                <Baseline points="633,3301 689,3301 746,3302 803,3302 860,3302 917,3302 974,3302 1031,3302 1088,3302 1145,3301 1202,3301 1258,3300 1315,3300 1372,3300 1429,3299 1486,3299 1543,3299 1600,3298 1657,3298 1714,3298 1771,3298"/>
                <TextEquiv>
                    <Unicode>beschließt seine Laufbahn in einem Weltkurort, hochbetagt</Unicode>
                </TextEquiv>
            </TextLine>
            <TextLine id="r1l79" custom="readingOrder {index:78;}">
                <Coords points="2893,3312 2931,3315 2940,3307 2955,3308 2964,3176 2902,3175"/>
                <Baseline points="2909,3302 2941,3304"/>
                <TextEquiv>
                    <Unicode></Unicode>
                </TextEquiv>
            </TextLine>
            <TextLine id="r1l80" custom="readingOrder {index:79;}">
                <Coords points="1787,3311 2541,3318 2609,3307 2609,3251 2565,3271 1787,3258"/>
                <Baseline points="1800,3302 1839,3302 1879,3302 1919,3303 1958,3303 1998,3303 2038,3304 2077,3304 2117,3304 2157,3304 2197,3305 2236,3305 2276,3305 2316,3306 2355,3306 2395,3306 2435,3306 2474,3306 2514,3306 2554,3306 2594,3305"/>
                <TextEquiv>
                    <Unicode>an die Schwester gewöhnt, und dadurch, d</Unicode>
                </TextEquiv>
            </TextLine>
            <TextLine id="r1l81" custom="readingOrder {index:80;}">
                <Coords points="621,3364 1643,3367 1796,3346 1796,3293 621,3309"/>
                <Baseline points="636,3351 693,3350 750,3350 807,3350 865,3349 922,3349 979,3349 1036,3349 1094,3348 1151,3348 1208,3348 1265,3348 1323,3347 1380,3347 1437,3346 1494,3346 1552,3346 1609,3345 1666,3345 1723,3344 1781,3343"/>
                <TextEquiv>
                    <Unicode>und hochbetitelt, mit dem Anspruch auf eine Herme im</Unicode>
                </TextEquiv>
            </TextLine>
            <TextLine id="r1l82" custom="readingOrder {index:81;}">
                <Coords points="1784,3340 2964,3357 2964,3296 1784,3302"/>
                <Baseline points="1799,3344 1856,3346 1914,3347 1971,3349 2029,3350 2087,3350 2144,3351 2202,3351 2259,3352 2317,3352 2375,3352 2432,3351 2490,3351 2547,3351 2605,3350 2663,3349 2720,3349 2778,3348 2835,3347 2893,3346 2951,3345"/>
                <TextEquiv>
                    <Unicode>verschwindet, entsteht ein leerer Raum dicht neben ihm, den</Unicode>
                </TextEquiv>
            </TextLine>
            <TextLine id="r1l83" custom="readingOrder {index:82;}">
                <Coords points="1788,3402 2980,3388 2980,3356 2863,3347 1788,3346"/>
                <Baseline points="1803,3396 1861,3395 1919,3394 1977,3394 2035,3393 2093,3393 2151,3393 2210,3393 2268,3393 2326,3393 2384,3393 2442,3393 2500,3394 2558,3394 2617,3394 2675,3394 2733,3395 2791,3395 2849,3395 2907,3395 2966,3395"/>
                <TextEquiv>
                    <Unicode>er nun irgendwie anders wird ausfüllen müssen. Wie sich die</Unicode>
                </TextEquiv>
            </TextLine>
            <TextLine id="r1l84" custom="readingOrder {index:83;}">
                <Coords points="622,3396 1764,3411 1793,3349 622,3363"/>
                <Baseline points="635,3395 692,3396 749,3396 806,3396 863,3397 921,3397 978,3397 1035,3397 1092,3397 1149,3396 1207,3396 1264,3396 1321,3396 1378,3395 1435,3395 1493,3395 1550,3395 1607,3394 1664,3394 1721,3394 1779,3394"/>
                <TextEquiv>
                    <Unicode>Kurpark. Mauch einer pendelt sein Lebtag zwischen einem</Unicode>
                </TextEquiv>
            </TextLine>
            <TextLine id="r1l85" custom="readingOrder {index:84;}">
                <Coords points="1781,3446 2929,3450 2968,3394 1781,3402"/>
                <Baseline points="1797,3437 1854,3437 1912,3438 1970,3438 2028,3438 2086,3438 2143,3438 2201,3438 2259,3438 2317,3438 2375,3438 2432,3438 2490,3438 2548,3438 2606,3438 2664,3438 2721,3439 2779,3440 2837,3440 2895,3442 2953,3443"/>
                <TextEquiv>
                    <Unicode>Leute das vorstellen, verrät der Hoteldirektor von Lanzardte,</Unicode>
                </TextEquiv>
            </TextLine>
            <TextLine id="r1l86" custom="readingOrder {index:85;}">
                <Coords points="609,3455 1781,3439 1781,3407 1648,3392 609,3405"/>
                <Baseline points="625,3439 682,3439 739,3440 796,3440 853,3441 910,3441 967,3441 1024,3441 1081,3441 1138,3442 1196,3441 1253,3441 1310,3441 1367,3441 1424,3441 1481,3440 1538,3440 1595,3439 1652,3439 1709,3438 1767,3437"/>
                <TextEquiv>
                    <Unicode>kleinen Luftkurörtchen und einem noch kleineren, namen¬</Unicode>
                </TextEquiv>
            </TextLine>
            <TextLine id="r1l87" custom="readingOrder {index:86;}">
                <Coords points="605,3488 2974,3489 605,3450"/>
                <Baseline points="620,3492 737,3491 854,3491 971,3490 1088,3490 1205,3489 1322,3489 1439,3489 1556,3489 1673,3489 1790,3489 1907,3489 2024,3489 2141,3489 2258,3489 2375,3489 2492,3489 2609,3489 2726,3489 2843,3489 2960,3489"/>
                <TextEquiv>
                    <Unicode>losen Brunnenstädtchen, mit der für diesen Beruf der dem Abreisenden auf das Schiff das Geleite gibt und</Unicode>
                </TextEquiv>
            </TextLine>
            <TextLine id="r1l88" custom="readingOrder {index:87;}">
                <Coords points="607,3565 2953,3571 2985,3488 607,3504"/>
                <Baseline points="622,3541 739,3542 856,3542 974,3542 1091,3541 1209,3541 1326,3540 1443,3539 1561,3538 1678,3537 1796,3536 1913,3536 2030,3535 2148,3534 2265,3534 2383,3534 2500,3534 2617,3534 2735,3535 2852,3536 2970,3538"/>
                <TextEquiv>
                    <Unicode>charakteristischen Pendelbewegung, aus dem Winter in den dabei die Hoffnung ausspricht, er werde im nächsten Herdst</Unicode>
                </TextEquiv>
            </TextLine>
            <TextEquiv>
                <Unicode>29. Doktor Graesl
Badearzt
box 4/9
LehterGr dester, Sadcarer
30 AU6 1977
Dauzere Armnee-Zeitung, Wien.
Die Stanescherin enen minersennn.
S. Fischer, Berlin 1917. 224 S., M. 3.—. Die Liebemnote#emes
Mannes im kritischen Alter — kurz vor den Fünfzigern
beherrscht.
 uene Meluche Anderhent ur eehtrengeng
mit
zehn Mänlern, die in sochen Verungen u Wab   a
kaum einer den Gerichtssaal so verlassen, daß Namen gesügt werde und daß die Scheu vor Rechtsirrtümern nicht
erst beim Urteile, sondern schon vor der Verhaftung anfange
und Wohlgelittenheit unter den Menschen gar nicht
geschädigt werden.
Herrenhausmitglied Professor
—
Sommer, aus dem Sommer in den Winter, und wird alt
Fenilleten.
und grau, im Dienste der leidenden Menschheit zwar, aber
ohne rechte innere Befriedigung. Und auch er zog einmal
0
Doktor Gräsler, Badearzt.
aus, die Welt zu erobern.
Die neue Erzählung von Artur Schnitzler, die diesen
In ein derartiges Badearztschicksal nun, in eines
unschein
eigentümlich anzsehenden Titel führt,
durchschnittlicher Melancholie, leuchtet Schnitzler mit
erufe näher bekannt, an dem die
jüngsten, soeben erschienenen Novelle etwas tiefer hinein
Dick
eigegangen sind. Das ist merk¬
Doktor Gräsler ist Badearzt auf Lanzarote, einer sichtlic
wür
oder, wie die geheimnisvoller
fundenen Insel, die man sich irgendwo im Adriatische
kling
ichnung lautet: der Balneologe
oder Mittelländischen Meere schwimmend denken mag. Da¬
gehört
n Standpunkte interessantesten
selbst verbringt er den Winter, den Sommer in einem namen
Er ist interessant vermöge
Figur
losen kleinen deutschen Badeort, und diese Dox
zeiner
vermöge seines Schicksals, die
führt er nun schon seit einer Reihe von Jahren
beide vor
weichen. Badearzt wird einer ja
nicht mehr ganz jung, der Doktor, schon so
in den sel
weil er es von allem Anfang an
Aber da, eines Tages, im Frühjahr, erle
werden woll
ndern weil er es, oft auf einem roman¬
Pendelgang seines bisherigen Lebens eine
haften Umweg, zu seiner eigenen Ueberraschung, fast gegen
brechung. Der Doktor findet, von seinem Sp
seinen Willen, geworden ist. Besondere Gaben: Sprachen¬
kehrend, seine ältliche Schwester, die ihm sei
kenntnisse, weltmännisches Auftreten, gesellige Talente, legen! Wirtschaft führt, am Fensterkreuz ihres Zimme
es einem jungen Gelehrten nahe, sich in dieser Richtung zusie hat sich aus ihm unbekannte
nkt.
betätigen. Er tut es, zunächst vielleicht nur provisorisch, beginnt ein neuer Abschnit
tt
aber aus dem Provisorium wird im Handumdrehen ein
denn wenngleich er kein beson
Definitivum, was zuweilen nicht ohne Melancholie ist. Denn
er ist überhaupt kein sonderlich zärt
h, ein
nicht jeden Badearzt tröstet eine goldene Praxis, nicht jeder
kühl“, wie seine besten Bekannten sa
wa
beschließt seine Laufbahn in einem Weltkurort, hochbetagt

an die Schwester gewöhnt, und dadurch, d
und hochbetitelt, mit dem Anspruch auf eine Herme im
verschwindet, entsteht ein leerer Raum dicht neben ihm, den
er nun irgendwie anders wird ausfüllen müssen. Wie sich die
Kurpark. Mauch einer pendelt sein Lebtag zwischen einem
Leute das vorstellen, verrät der Hoteldirektor von Lanzardte,
kleinen Luftkurörtchen und einem noch kleineren, namen¬
losen Brunnenstädtchen, mit der für diesen Beruf der dem Abreisenden auf das Schiff das Geleite gibt und
charakteristischen Pendelbewegung, aus dem Winter in den dabei die Hoffnung ausspricht, er werde im nächsten Herdst</Unicode>
            </TextEquiv>
        </TextRegion>
    </Page>
</PcGts>
