3532 4256
1834 183 2227 287 box 4/9
1279 191 1700 277 Badearzt
285 208 1222 305 29. Doktor Graesler
493 251 1705 338 Lenter GrasstenBausaize
2011 1223 2995 1310 md russische Regierung hetangerteren,
2005 1284 3003 1367 der den Zweck verfolgte, ein Uebereinkommen
2001 1339 2984 1414 bezüglich des gegenseitigen Aus¬
2000 1375 2997 1430 tausches aller jener Kriegsgefangener, die
2008 1413 3016 1509 sich bereits durch längere Zeit in Gefangenschaft
1996 1471 2495 1536 befinden, zu schaffen.
2055 1491 2994 1576 Dieser in menschenfreundlichster Absicht unter¬
204 1538 731 1609 aaen Den Aerug.
2008 1562 2998 1631 nommene Schritt der österreichisch=ungarischen
204 1649 1057 1727 wieder an Bord zurückgekommen war;
1051 1657 2025 1714 findet gereizt und empfindlich zu viel Obwohl
2013 1640 2993 1720 war sehr schön, sie kann von Montaa an wieder
201 1689 1047 1762 die Abvokatentochter aus Nancy, mit der
2017 1708 2990 1780 in den Handschuhladen gehen. Er reist zu
1049 1702 2015 1768 in dem Brief. Wer ihn mißtrauisch studiert,
208 1742 1051 1811 in Saint-Blasien verlobt hatte, die dann
2014 1743 2224 1825 Sabine.
1050 1754 2020 1812 kann wohl zur Not herauslesen, daß die
195 1782 1044 1863 hmit ihren Eltern nach Frankreich zurück¬
1046 1798 2029 1870 Schreiberin den Dr. Gräsler lieb hat, obwohl
2047 1770 2986 1852 Aber Sabine hat er verscherzt. Mit dem ver¬
202 1844 1052 1903 mußte und ihm die Nachricht von ihrer
1045 1847 1966 1904 er ein Pedant ist, eitel, kühl, unentschlossen —
2006 1836 2983 1912 wahrlosten Sanatorium ist es auch nichts. Er
210 1892 1046 1950 ft sowie jede andere bis zum heutigen
1046 1898 1871 1976 steht das alles eigentlich für: alternd?
2015 1892 2992 1964 wütet. Gut denn, sagt er bei sich zu Sabine,
200 1944 1046 2012 chuldig geblieben war. Irgenhwie hatten
2006 1945 2992 2018 du willst es so, du treibst mich selbst in die
1072 1933 2011 2016 Dr. Gräsler, Badearzt, blickt in ein gesunden,
196 1993 1049 2055 ese Frauen etwas Unerklärliches angetan
2016 2000 2993 2062 Arme einer anderen, du sollst deinen Willen
1047 2006 2010 2064 tätiges, glückliches Leben — und zögert. Es
215 2044 1047 2100 die Schwester Friederite. Später findet
2007 2042 2984 2108 haben. Mehr noch. Du sollst es erfahren:.. Eh'
1043 2052 2016 2117 ist, als triebe ihn irgend etwas Unbestimmtes
209 2092 1041 2158 eKorrespondenz und sieht voll Staunen,
2009 2092 2992 2156 ich in den Süden reise, komme ich mit ihr hier¬
1047 2102 2017 2175 doch wieder der Wintersaison in Lazarote ent¬
193 2147 1050 2202 e alte Jungfer ein aufregendes und von
2014 2129 3004 2208 her. Ich werde ein paar Tage mit ihr hier
1048 2147 2014 2229 gegen. Er schreibt Sabine einen liebenswürdig
218 2184 1050 2250 dnicht freies Liebesleben geführt hat;
2009 2198 2989 2260 wohnen. Ich werde mit ihr spazierenfahren,
1044 2197 2003 2265 aufschiebenden Brief, fährt in Erbschafts¬
188 2225 1051 2304 er Blinde hatte nichts geahnt. Jetzt steht
2003 2244 2996 2310 am Forsthaus vorbei. Du sollst sie sehen. Du
1058 2235 1993 2301 ##egenheiten rasch in seine Geburtsstadt —
188 2285 1048 2350 Präsler. Badearzt, da, ohne Heim, ohne
2021 2287 2994 2360 sollst sie kennealernen. Du sollst mit ihr sprechen.
1047 2290 2010 2359 so wie die brafilianische Ingenieurswitwe einst
198 2340 1044 2403 fest verwurzelten Beruf, abgewirtschaftet.
2006 2336 2993 2402 Hier erlaube ich mir, Ihner. meine Braut
1050 2351 2013 2417 plötzlich abgereist ist und die Notarstochter aus
1045 2394 1227 2467 Nancy.
198 2377 1055 2449 ginnt die Sommersaison in dem hügel¬
2007 2384 3012 2464 vorzustellen, Fräulein Sabine! Keine so reine
2001 2437 2984 2488 Seele als Sie, mein Fräulein, aber dafür auch
201 2436 1054 2505 hngebenen deutschen Badestädtchen. Da
1072 2422 2001 2523 Natürlich muß er sich an ein anderes weib¬
187 2470 1051 2561 Dr. Gräsler in einem idyllischen Forst¬
2007 2485 3001 2564 keine so kalte. Nicht so stolz, aber gütig. Nicht
1048 2499 2008 2557 liches Wesen anlehnen. Er findet ein süßes
199 2530 1052 2590 die Tochier einer Patientin kennen —
2020 2540 2900 2609 so keusch, aber süß! Katharina heißt sie
1042 2545 2019 2618 Mädel; ein typisches süßes Mädel, wie von
206 2587 1042 2649 so recht eine Frau für ihn, ein gereiftes,
2009 2584 2337 2655 Katharina
1045 2600 2008 2668 Artur Schnitzler. Er spricht sie, selbstverstündlich,
214 2635 1050 2697 schönes Mädchen, tüchtig ist sie auch, von
2053 2618 2988 2708 Ach, Dr. Gräsler, Badearzt, Dr. Faust in
1044 2644 2014 2699 auf der Plattform eines Tramwavugens an.
203 2677 1046 2758 krankenpflege sogar versteht sie etwas,
2005 2684 2985 2746 der Westentasche, konnte Helena nicht behalten,
1040 2691 2009 2759 Er wird sie, selbstverständlich, vernichten. Sie ist
215 2742 1054 2791 Dr. Gräsler sich entschließen kann,
2008 2730 2995 2799 und Gretchen hat er getötet; es ist Greichens
1052 2742 2015 2800 süß und hingebend, Katharina aus dem Hand¬
2856 2772 2912 2820 W2
208 2782 1050 2856 rsaison Wintersaison und Lazarote Laza¬
2011 2780 2991 2843 Schicksal. Vom Krankenhett des kleinen Mäd¬
1038 2778 2011 2842 schuhladen. Nicht das schlechteste Käthchen,
199 2838 1049 2895 kin zu lassen, und wenn er das verwahr¬
2011 2828 2995 2900 chens hat er Katharina den Scharlach gebracht
1040 2831 2014 2893 könnte trotz allen hohen Sabinen einen Mann
192 2887 1045 2956 anatorium hier im Ort neu ausbauen
1036 2880 2013 2939 glücklich machen. Ach, er gleitet sanft und sanft
2076 2886 2981 2948 er findet sie sterbend. Schon wieder eine
206 2935 1049 2998 will — Sabinens Vater wird sich gern
1038 2938 2008 2994 tiefer hinab längs der weiblichen Skala. Da
2006 2932 2983 2987 Frau, die ihm unmotiviert durchgeht! Was
1048 2983 2015 3048 ist unten im ersten Stock eine hübsche Witwe
209 2983 1055 3050 iell bet „m. Will diese wunderbare
2010 2982 2980 3048 bleibt übrig als die schöne Witwe Sommer,
1044 3028 2007 3095 Sommer, von etwas zweifelhaftem Ruf. Hat ihr
209 3035 1045 3085 e denn den alternden Arzt? Ach, sie
2002 3027 2992 3091 die verlächtig schillernde Frau am unteren
1050 3076 2007 3156 kleines Mädchen ihrem Mann in die Ehe ge¬
201 3081 1050 3143 sich ihm förmlich an den Hals, schreibt
2001 3082 2985 3149 Ende der weiblichen Skala? Er führt sie am
1034 3114 2015 3195 bracht; er war Handlungsreisender und er¬
201 3127 1048 3192 naufgefordert, daß sie gern seine Frau
1999 3124 2990 3202 Arm und hält die liebe Hand des kleinen
212 3173 1037 3225 hwill, daß sie nach mancherlei schmerz¬
1043 3177 2010 3237 freulich oft abwesend. Das kleine Mädchen
2014 3170 2987 3248 Mädchens an dem Tage, da er, etwas verspätet,
1045 3213 2005 3303 kriegt den Scharlach; man ruft den Dr. Gräsler
204 3219 1047 3295 Lebenserfahrungen ihn nun recht herzlich
1995 3226 2993 3285 aber noch rechtzeitig zur Wintersaison in
223 3269 608 3342 kann, obwohl —
1095 3274 1687 3338 —er kommt; und kommt oft.
739 3264 1045 3340 Di. Präsler,
2005 3278 2985 3345 Lazarote eintrifft. Der geschwätzige Hotel¬
206 3315 1052 3380 zt, der wurzellose, durch Reisen und
1084 3305 2002 3382 Und auf einmal gibt sich der Sinkende einen
1995 3316 3003 3387 direktor macht der Frau Doktor die Honneurst
209 3379 2994 3462 Hotels wohl etwas angefressene Mensch, Ruck. Was, Frau Sommer! Das mit Katharina! Die Saison läßt sich nicht übel an. Der Hem
