3436 4096
1210 233 1627 296 Badearzt
221 230 1159 326 29. Doktor Graesler
1753 233 2141 323 box 4/7
429 276 1624 341 Seiter eraester Lansurue
739 442 1032 518 — —— —
112 447 483 521 rk kosteten, als##
1974 486 2866 578 MutCorriadrtarba
505 474 1734 556 sich der Auttionsring anschließt. Die Schaffung des Führplatzes
118 511 512 562 de hervorgehoben, daß
1996 537 2739 570 Dautschos Fahrikat. Anerkannt besto Haariarbe.
504 537 1729 593 bedingte eine Verlegung des Haupttotalisaiors auf dem ersten Platz.
113 548 510 597 indeter Soldaten ver¬
1833 514 2730 606 6a¬2 fnt echt und natärlich bend, brauu,
109 575 518 632 zu spät erfahren, daß
1990 589 2741 639 schwarz usw. Mark 5,—, Proho Mark 1,75
507 584 1741 632 Das Totalisatorgebäude wurde vergrößert und jetzt senkrecht zur
1831 588 1938 670 42
2059 621 2189 660 Tahrron¬
113 613 1729 692 als Herausgeberin ge= Haupttribüne aufgebaut, so daß die Einzahlschalter mit der Front
1930 596 2780 684 2 J. F. Schwarzlose Söhne. Königl. Hoflicf., Berlin
103 656 506 707 rfolg, denn dem eigen¬
515 664 1725 713 nach dem Sattelplatz zu liegen. Aus dem Jahresbericht ist zu er¬
1959 658 2776 739 Marsgratenstr. 26, Zwischen Schufzen- u. Kransenstr.“
1767 654 2049 737 1
120 689 508 742 he obrigkeitliche Ge¬
503 702 1732 770 wähnen, daß der Verein im Vorjahre 834680 Mark an Preisen
118 719 500 775 bereitet. Die Frau
501 747 1733 817 gab. 134605 Personen besuchten im Vorjahre die Karlshorster
113 759 501 828 wurde vom Schöffen¬
1723 751 2908 829 SFTETTTNETNETENTNTTTTNTNNETITN
499 788 1730 837 Bahn, die höchste Besucherzahl belief sich auf 19513 Personen. In
1708 795 1891 883 R. 77
495 815 1729 886 den Rennen des Vereins liefen 1916 insgesamt 499 Pferde. Bei
104 823 501 897 n=Palast sieht man
506 872 1725 931 den Wahlen wurde Herr v. Treskow=Dahlwitz in das Präsidium
129 877 499 941 Teufels“ mit Mia
1760 873 2509 999 Dcben
502 922 1722 975 und in die Finanzkommission und Graf v. Westphalen und Ritt¬
129 918 506 979 Film wirken ferner
227 961 497 1012 Ein Detektiv¬
505 952 1733 1016 meister Restorff in den Ausschuß neu gewählt. In Auerkennung
103 971 497 1057 ht im Marmor¬
1758 972 2921 1067 die Zahnsteinlösende Gefén
498 986 1720 1059 ihrer Verdienste ernannte die Versammlung Fräulein Seemann zur
512 1029 732 1099 Sekretärin.
114 1025 505 1098 ses doch immer noch
111 1083 264 1157 n
504 1084 717 1158 n
1423 1084 1551 1166 E
1932 1109 2950 1189 MPEE
501 1160 1714 1224 Dem davonfahrenden Wagen sah er vom Fenster aus eine
1723 1175 2955 1245 Buch aus der Bibliothek, um es wieder ungelesen an seinen
492 1209 1714 1269 Weile nach; schon war er daran, den Kutscher zurückzurufen;
1716 1223 2950 1262 Ort zu stellen, blickte hinab auf die enge, wenig belebte Straße,
113 1148 499 1301 adearzt
492 1249 1708 1307 aber das Wort erstarb ihm auf den Lippen, und der Wagen
1712 1252 2946 1314 in deren seuchtem Pflaster die Ecklaterne sich spiegelte, setzte sich
497 1289 1714 1357 entschwand bald seinen Blicken. Dann traf er seine Vorbe¬
1716 1299 2948 1365 in den alten noch vom Vater ererbten Schreibtischfessel, las
505 1337 1722 1396 reitungen für die beschleunigte Abreise. Er hatte so viel zu
112 1329 482 1419 (Nachdruck verboten.)
1713 1339 2950 1396 Zeitung und war, wie er selbst mit wehmütigem Staunen
485 1356 1711 1440 verfügen und zu besorgen, daß er anfangs nichts anderes zu
1710 1388 2950 1437 fühlte, so fern von Sabine als lägen nicht nur viele Meilen
499 1418 1718 1469 denken vermochte; aber später, als ihm einfiel. daß Sabine
1719 1435 2950 1480 zwischen ihm und ihr, sondern als wäre auch der Brief, in dem
495 1457 1723 1514 seinen Brief nun schon in Händen haben müßte, tat ihm das
134 1445 496 1531 für einige Tage
1711 1466 2940 1538 sie ihm ihre Hand angetragen, und der ihn in die Flucht ge¬
498 1501 1706 1565 Herz ganz körperlich weh. Nun wartete er, ob nicht vielleicht
114 1503 496 1568 hnen ja schon be¬
1716 1508 2951 1579 trieben hatte, nicht gestern, sondern vor vielen Wochen an ihn
501 1540 1717 1602 eine Antwort käme? Oder wenn sie selbst sich einfach in den
116 1543 498 1611 einige Tage vorzu¬
1721 1556 2938 1629 gelangt. Als er ihn wieder hervornahm, schien ihm ein herber
493 1580 1710 1641 Wagen setzte und sich ihn holen käme, den unentschlossenen
111 1590 487 1652 schon morgen früh
1719 1596 2945 1660 beunruhigender Duft daraus emporzusteigen, und in einer
495 1621 1706 1689 Bräutigam? Ja, darin hätte sie wohl sagen dürfen, sie werfe
111 1633 496 1693 wa vierzehn Tage
1709 1633 2945 1701 ängstlichen Scheu ihn wieder lesen zu müssen, sperrte er ihn
505 1663 1716 1729 sich ihm an den Hals. Aber diese Probe zu bestehen, dazu war
118 1672 491 1733 soll sich alles ent¬
1720 1680 1987 1735 in die Lade.
494 1716 1723 1784 ihre Liebe doch nicht stark genug. Sie kam nicht, und es kam.
109 1716 496 1772 eider nicht gegeben,
1767 1722 2951 1787 Am nächsten Morgen fragte, er sich, wie er denn eigentlich
493 1751 1704 1816 nicht einmal ein Brief, und viel später, in der Dämmerung,
2217 1768 2265 1799 1.
2373 1772 2465 1805 .
122 1756 501 1818 zu setzen wie Sie.
1715 1764 2943 1814 diesen Tag und alle die nächsten verbringen sollte. Längst war
507 1791 1711 1853 sah er den Wagen vom Fenster aus mit irgendeinem unbe¬
109 1794 499 1860 er ich weiß es, Sie
1716 1803 2942 1862 er ein Fremder in seiner Vaterstadt geworden, die meisten
494 1835 1717 1909 kannten Fahrgast vorüberrollen. Gräsler schlief höchst unruhig
2271 1855 2319 1887 09
98 1839 495 1904 be, es ist besser, ich
1712 1847 2941 1919 Freunde waren ihm weggestorben, die Verbindungen mit den
500 1874 1699 1938 in dieser Nacht; und am Morgen, fröstelnd und verdrossen,
106 1880 488 1935 vill ich mit diesem
1706 1892 2937 1961 wenigen Ueberlebender hatten sich allmählich gelockert und
492 1926 1714 1976 während ein spitzer Regen auf die Kautschukdecke des offenen
110 1926 494 1988 en. Zugleich bitte
1714 1932 2942 1983 gelöst, nur seine Schwester hatte immer wieder ihre gelegent¬
491 1959 1438 2032 Wagens niederprasselte, fuhr er zum Bahnhof.
106 1971 497 2025 ürfen, und erbitte
1706 1977 2946 2038 liche Anwesenheit zum Besuch von irgendwelchen uralten
107 2009 494 2065 heim ist Am Burg¬
1714 2013 2933 2071 Leuten zu benützen gepflegt, die dem Bekanntenkreis der längst
1026 2009 1169 2098 VIII.
112 2046 497 2117 zu Hause auch mit
1715 2059 2952 2129 verstorbenen Eltern angehörten. So hatte denn Gräsler im
543 2057 1703 2139 In der Heimatstadt er#artete den Dr. Gräsler eine ange¬
110 2091 495 2153 Böhlinger, wegen
1709 2101 2947 2173 Grunde daheim kein anderes Geschäft als die Unterredung mit
485 2122 1701 2181 nehme Ueberraschung. Obzwar er sein Eintreffen erst in letzter
129 2136 496 2190 versage ich mir
1710 2140 2936 2228 seinem alten Freund, dem Rechtsanwalt Böhlinger, die ihm
494 2168 1696 2236 Stunde angezeigt hatte, fand er seine Wohnräume nicht nur
143 2171 496 2233 Ihres verehrten
1715 2189 2417 2246 aber keineswegs dringend erschien.
488 2209 1716 2275 in schönster Ordnung vor, sondern weit freundlicher herge¬
109 2218 494 2272 kläufig nur meinen
1758 2227 2937 2287 Nachdem er seine Wohnung verlassen, machte er zuerst einen
493 2248 1707 2311 richtet, als er sie vor einem Jahr verlassen hatte. Jetzt erst
97 2256 496 2325 Webrigens wird sich
1699 2260 2933 2325 Gang durch die Stadt, wie meistens, wenn er nach langer Zeit¬
497 2286 1702 2353 erinnerte er sich, daß Friederike im vergangenen Herbst sich
106 2298 488 2356 Baumeister, gegen
1707 2319 2935 2371 wieder einmal zu kurzem Aufenthalt in die Heimat zurück¬
495 2333 1705 2393 ein paar Tage allein hier aufgehalten und, wie sie ihm später
110 2344 480 2400 pill, einen auswär¬
1707 2353 2944 2416 gekehrt war. Eine gewisse leichte und beinahe wohltuende
484 2378 1692 2435 erzählte, mancherlei Hausrat neu angeschafft sowie tüchtigen
122 2380 487 2441 über all dies zu
1707 2397 2936 2463 Rührung pflegte sich sonst bei solchen Wanderungen regel¬
486 2417 1703 2477 Handwerkern Aufträge erteilt hatte, über deren Ausführung
108 2418 489 2486 me, leben Sie wohl.
1701 2439 2939 2502 mäßig einzustellen, heute aber unter dem schweren grauen
491 2456 1704 2512 sie noch während der Wintermonate mit Freund Böhlinger
95 2467 483 2525 Ellen bitte, daß ein
1708 2476 2939 2551 Regenhimmel blieb sie völlig aus. Ohne innere Bewegung
490 2504 1700 2562 in Briefwechsel gestanden war. Und als Gräsler die Wohnung
107 2511 486 2567 ltes meine Abreise
1708 2523 2933 2594 ging er an dem alten Haus vorbei, von dessen schmalem hohen,
499 2545 1695 2599 zum zweiten Male durchmaß und zum Schlusse das dem
112 2548 491 2605 rzehn Tagen also.
1710 2563 2935 2618 Eckfenster aus die Jugendgeliebte dem Gymnasiasten auf dem
490 2575 1706 2633 Hof zu gelegene Gemach der verstorvenen Schwester betrat,
104 2592 497 2643 vie ich es verlassen
1695 2606 2941 2674 Wege von und zur Schule verstohlen zugewinkt und zugelächelt.
495 2623 1703 2693 seufzte er leise auf, ein wenig mit Rücksicht auf die seit Jahren
118 2630 500 2690 im Ihrer Antwort
1707 2648 2932 2717 hatte, gleichgültig rauschte ihm der Brunnen im herbstlichen
485 2655 1704 2723 das Haus betreuende Setzersgattin, die ihm gleich bei seiner
116 2661 486 2734 sagen. Ich danke
1704 2686 2939 2757 Park, den er in den alten Stadtgräben selbst hatte langsam
486 2709 1702 2771 Ankunft ihre Teilnahme ausgedrückt hatte und ihn jetzt durch
118 2700 479 2778 Wiedersehen! Auf
1703 2727 2931 2803 entstehen sehen; und als er, aus dem Hof des altberühmten
482 2746 1701 2812 die Wohnung geleitete, aber auch in wahrhaft schinerzlichem
103 2738 379 2806 r Gräsler.“
1702 2766 2924 2852 Rathauses hervortretend, um die Ecke in dem schmalen ver¬
497 2794 1699 2843 Gedanken der teuern Dahingegangenen, der es nicht mehr be¬
106 2786 488 2861 mal während des
1703 2814 2929 2872 steckten Gäßchen das uralte, fast verfallene Häuschen gewahrte,
487 2830 1695 2899 schieden war, den wohlvertrauten Raum in der gefälligen
104 2834 486 2899 efühlt, aus unbe¬
1694 2859 2934 2928 hinter dessen halblinden durch rote Vorhänge deutlich gekenn¬
488 2877 1702 2949 neuen Ausstattung und im Schein elektrischer Lichter wieder¬
116 2881 489 2937 üiber Sabine, aber
1694 2896 2925 2972 zeichneten Fenstern er sein erstes armseliges, von wochenlanger
483 2919 679 2988 zusehen.
107 2925 484 2983 len war, verschloß
1693 2939 2921 2999 Angst gefolgtes Abenteuer erlebt hatte, da war ihm, als hob
120 2967 494 3032 f und übergab ihn
539 2976 2933 3037 Dr. Gräsler packte aus, spazierte dazwischen in den es sich von seiner ganzen Knabenzeit wie verstaubte und zer¬
105 3019 2049 3070 use abgeben sollte. Zimmern hin und her, nahm gelegentlich ein oder das andere rissene Schleier.
2460 3024 2888 3115 (Fortsetzung folgt.)
2552 3894 2888 4010 Pr 402
1696 3910 2432 4014 2.5. Jebruar 4241
