3392 4256
223 153 997 245 29. Doktor Graes
1225 155 1607 230 Badearzt
431 167 1621 258 in enenenen .  II S . P. e en enen
345 344 1372 484 Ostbökse Su
739 468 1315 574 — rss
1267 578 1557 661 e1.396 1917
918 629 1685 718 „u. getadlt Milo
602 688 1666 764 „Dr. Grädler Badearzt.“ Erzählung von Artur
470 730 1683 808 —chuitler hat Nelie und Stil. Ueberall wo der deutsche moberne
481 766 1669 840 Bücher gelesen werden, wird man nach diesem Buche greifen.
479 811 1680 890 Viele sind nach und neben Schnitzler gekommen. Keiner erreicht
487 846 1680 915 diesen Arzt in der Feinheit und Ausgeglichenheil des Stiles.
488 891 1676 962 Diele ruhig fließende Art des Erzählens ist eine große kaum je
497 913 1675 1002 erreichte Kunst. Schnitzler nimmt häufig Aerzte und andere kulti¬
482 956 1669 1046 vierte Menschen zum Gegenstand. Jedes Buch beweist, daß er
484 989 1684 1082 weiter gewandert ist, die Weisheit zu finden. Dieser D. Gräsler
500 1044 1675 1113 int nur einer Grzählung zu benannt und doch, welche Füll“ von
499 1066 1687 1161 Licht ist über dieses Werk ausgebreitet, dem eine munhersame
630 1140 1084 1196 nes Ansbruckes eine# 12
494 1142 629 1205 Kunst
794 1336 1688 1444 29 Aba19 Wossische Zeitung, Berlin
823 1647 1577 1759 Ein neuer Schuitzier
601 1761 1767 1811 Von Arthur Schnitzler hat man während dieser drei Kriegsjahre
565 1795 1758 1867 keine Kundgeb###g vernommen. Es ist, als hätte der Wiener Dichter
569 1839 1768 1902 vor drei Jahren die dickgepolsterte Tür seines Arbeitszimmers
572 1901 1759 1959 hinten sich zugeschlagen. Kein ###beherrschter Laut ist aus dieser
571 1938 1758 2003 abgesperrten Stille hinausgedrußgen. Nun öffnet er die Tür und
571 1989 1775 2064 wirf uns durch einen dünnen Spalt sein neue Auch zu*), wirft es
560 2044 1766 2130 uns zu und verschwindet sogleich wieder in seine abgesperrte Welt.
620 2100 1759 2149 Abgesperrte Welt — das ist die Atmosphäre auch seines neuen
582 2136 1766 2200 Buches. Ein ganz gewöhnliches Dasein in seinen Irrgängen:
581 2194 1775 2248 Der Badearzt Dr. Gräsler führt ein kleines, lustloses Leben,
592 2231 1774 2293 ein dißchen Arbeit ohne Schwung aus Erwerbsgründen, ein
588 2275 1774 2342 bißchen Genuß ohne Freude aus Egoismus, ein bißchen fade
585 2338 1763 2412 Lebensneugier und über dem allen eine Luft voll Grauheit,
598 2374 1770 2440 Stumpfheit, Sich=treiben=lassen. In das Dasein dieses herzlich
598 2439 1779 2487 trivialen Menschen tritt ein lebendiges, schönes Wesen, die acht¬
600 2472 1787 2543 undzwanzigjährige Sabine Schleheim. Der Ba## arzt behandelt.
583 2530 1779 2587 die Eltern; ganz langsam gewinnt das schöne Mädchen Macht über
598 2572 1783 2633 ihn. Im Begriffe, um sie zu werben, wird er durch einen Brief
597 2615 1780 2677 Sabinens überrascht, der ihm mit schöner Freiheit sagt: „Ja, ich
593 2661 1785 2730 gehe mit Dir, obwohl ...“ Es ist das Jawort einer Be¬
591 2725 1775 2769 sonnenen, ohne Trunkenheit, aber mit der Wärme und Festig¬
595 2764 1785 2829 keit eines reifen Mädchens ausgesprochen. Dieser Brief
588 2815 1793 2873 abinens ist das schönste Stück des Buches, man darf ihn fust mit
596 2863 1786 2919 Jenem unvergeßbaren Brief der Frau Fönß von Jens Peter Jakob¬
593 2903 1787 2974 Zen in einem Atem nennen. Aber die Hand Sabinens war ins Leere
589 2954 1791 3021 gestreckt. Ihr schöner Freimut hat die grämliche Seele Gräslers
589 3016 1794 3063 nicht befreit, sondern in hundert Bedenklichkeiten verstrickt. Er liest
593 3065 1798 3118 oden Orief einmal, zweimal und verliert die natürliche Fassung, er
601 3106 1794 3179 liest in den Brief alleelei hinein und heraus, er tut, was innerlich
599 3153 1792 3226 zunsichere Männer vor groß gewachsenen Frauenseelen so oft tun,
620 3200 1793 3272 er schiebt seinen Entschluß hinaus, er flüchtet vor der Entscheidung.
609 3248 1797 3308 Flüchtet in sein Heimatstädtchen und verliert sich dort ohne Ueber¬
605 3292 1793 3366 gang sofort in einem kleinen Abenteuer mit einem rundlichen Bett¬
614 3344 1799 3410 schatz. Je williger und je freigiebiger dieses kleine Mädel, desto
603 3394 1794 3454 größer erhebt sich Sabinens Bild in dem Unentschlossenen. Eines
602 3444 1796 3502 Tages ist er des rundlichen Kindes satt und kehrk in Sabinens Welt
614 3490 1808 3554 zurück. Aber Sabine gehört nicht zu den vergeßlichen Frauen, sie
601 3525 1807 3607 sieht den lebensfeigen Bräutigam nicht mehr. Er ist nicht mehr
604 3589 1799 3653 vorhanden! Er versucht sich zu entschuldigen, ohne daß er angeklagt
604 3640 1808 3717 wäre, aber die Mquer eines ungeheuren Stolzes verbirgt Sabine
600 3691 1022 3778 Nr immner. 1
727 3737 1089 3819 Arthur Schnitzler,
1092 3737 1837 3847 „Doktor Gräoler“, Novelle. Verlag
1147 3804 1220 3886 1
628 3800 1078 3912 M Gicher, Barlz. 1917.
1757 151 2141 249 box 4/9
1964 1527 2354 1607 gtn
1807 1588 2970 1675 Die Geschichte ist mit Schnitzlerscher Technik zu Ende geschrieben.
1793 1651 2969 1708 Die niedliche Gelicbte stirbt an Scharlach, und Doktor Gräsler,
1798 1708 2964 1765 allein gelassen, entschlußschwach, wie er ist, wird zuletzt von einer
1785 1751 2979 1824 Dutzendwitwe zu einen Dutzendehe gegängelt. Wie man sieht, eine
1788 1803 2973 1869 höchst alltägliche, in ihrer Bitterkeit beinahe höhnische Geschichte.
1782 1837 2967 1924 Sie ist mit jener Schmucklosigkeit geschrieben, die Schnitzlers Stolz
1784 1902 2972 1955 und — seine Armut ausmacht. Man weiß nicht genau, ob der Ver¬
1785 1947 2969 2009 fasser die Melancholie seines jämmerlichen Helden verachtet oder
1793 1995 2975 2064 mitempfindet. Ein Autor mit weniger Skepsis, aber mehr Leiden¬
1793 2048 2974 2102 schaft, sagen wir: der große Lehrer Flaubert, wäre im Vortrag
1789 2097 2968 2149 dieser alltäglichen Geschichte weniger gleichmütig geblieben. Es
1801 2142 2916 2210 schlägt keine Flamme aus der zusammengestrichelten Dichtung.
1819 2189 2974 2245 Dlei Jahre lang hat Schnitzler geschwiegen. Hat die dicht gepol¬
1787 2248 2974 2299 sterte Tür seiner Stube wohlverschlossen gehalten. Was er uns jetzt
1792 2269 2993 2355 als Frucht dieser Abschließung bietet, ist das bläßliche Zimmer¬
1794 2343 2480 2418 produkt aus einer abgesperrten Welt.
2431 2370 2946 2453 Stefan Gryügehn.
2180 2557 2261 2621 2.3
2329 2606 3104 2771 VIENER ABENOPogT
2208 2839 2916 2920 Literarische Notizen.
2088 2905 3097 3005 („Doktor Gräsler, Badearzt.“ Erzählung von
2082 2967 3095 3042 rtur Schnitzler. S. Fischer Verlag in Berlin.) Das
2066 3030 3102 3102 Erscheinen einer neuen Arbeit Schnitzlers interessiert an
2058 3076 3093 3149 sich. Eine novellistische erweckt künstlerisch befondere Er¬
2042 3144 3135 3208 wartungen, denn die Dichtungen des Wiener Dramatikerss
2043 3180 3137 3261 nehmen auch auf dem Gebiete der epischen Gattung hohen!:
2044 3232 3137 3298 Rang ein. Schnitzler ist ein Erzähler von der besten
2046 3275 3118 3344 österreichischen Art; er verfügt über die echte, ruhige, ##:
2041 3341 3137 3408 zuständliche Darstellungsform. Die Vorliebe für das
2053 3376 3137 3453 psychologische Kleinleben kann sich in der epischen!
2037 3418 3136 3514 Darstellung weit ungezwungener und vertiefter ent#t
2038 3477 3082 3548 wickeln; gewisse problematische Feinheiten und sexuelle
2039 3533 3075 3597 Überreize, die ein wesentliches Merkmal des Schnitzlerschen
2038 3586 3079 3667 Stoffkreises bilden, vermögen in der erzählenden Form weit
2047 3621 3087 3710 mehr Überzeugungskraft anzunehmen als im Drama. Schon
2038 3685 3132 3760 die Herkunft der meisten Schnitzlerschen Schauspiele auss!
2038 3730 3077 3787 dem strengsten und auch engumgrenzten Subjektivismus ergibt
2036 3781 3082 3853 für seine Art ein Hinneigen zur Darstellung von Zu¬
2038 3836 3070 3905 ständen gegenüber jener nackter Wirkungen. Nicht die Tat,
2031 3884 3067 3963 di. Wirkung, sondern Tatumstände, Möglichkeiten, Re¬
2029 3923 3063 3995 flexionen sind das Lockende. Er zerlegt mehr, als er aufbaut.
2031 3976 3079 4068 Auch die jüngste Erzählung enthüllt. Die Menschen erleben
2034 4022 3063 4099 nicht ihre Schicksale in dieser Novelle; diese liegen fast ab¬
2024 4090 3072 4152 geschlossen hinter ihnen. Der Dichter zerlegt die seelische Er¬
