3436 4256
301 109 1314 163 vergessenheit. Nur Bücher vermögen uns in eine
296 141 1315 196 undre Welt zu versetzen! Der Wechnachtsmarkt nun
304 186 1312 248 ist trotz Papiernot und Personalmangel reich be¬
301 237 1323 285 schickt. Sogar einige schöne Prachtwerke sind er¬
1342 249 1393 307 t
303 271 1373 347 schienen. In erster Reihe sei ein anspruchsvolles
305 326 1310 383 Kunstwerk: Wilhelm v. Bodes „Holländische und
1315 339 1388 391 a
304 377 1312 447 flämische Malerei“ eine in buchtechnischer Be¬
1334 387 1382 436 n
308 411 1324 477 ziehung bewundernswerte Leistung im Kriege, ge¬
304 460 1390 518 nannt; sodann ein geschmackvolles Wiener Buch, das ###
306 505 1369 581 sich vornehm präsentiert: „Legenden und Märchen!
297 549 1392 618 unster Zeit“ von Emil Kläger, endlich die §
312 600 1394 665 „Miniaturen und Silhonetten; ein Kapitel zur #
306 662 1332 710 Kulturgeschichte und Kunst“ von Max v. Boehm.
300 705 1393 755 Von Romanen finden starke Abnahme die vom E
298 735 1392 795 vaterländischen, nationalen Geiste beherrschten Bücher 1
300 786 1402 850 Müller v. Gutenbrunns: „Barmherziger1 d
1327 834 1398 892 6
303 828 1329 902 Kaiser" und „Josef der Deutsche“ ferner „Lukas
309 861 1403 946 Rabefan“ von Bartsch, „Die Töchter Hekubas“l g
304 925 1335 990 von Klara Viebig, Schnitzlers=Buch: „Doktor
318 945 1405 1045 Gräsler, Badearzt“, der internationale Romain
312 1028 1365 1076 Rolland: „Johann Christof“, und Hans
303 1048 1403 1127 Müllers Sammelband optimistischer Erzählungen: E
310 1118 1372 1180 „Die Kunst, sich zu freuen“. Von Hugo v. Hoff¬
323 1145 1403 1222 mannsthals prosaischen Schriften soll noch inc
320 1200 1341 1270 den nächsten Tagen der dritte Band erscheinen.
324 1246 1341 1304 Meyerincks „Golem“ liegt mit Zeichnungen von
314 1295 1336 1370 Hugo Steiner in einem Geschenkbande vor,
322 1330 1344 1399 „Das grüne Gesicht“ von demselben Autor
327 1370 1344 1452 wandelt in ähnlichen Pfaden wie die Prager
318 1425 1347 1491 Gbettogeschichte. Sudermanns „Literarische
330 1481 1352 1528 Geschichten bewähren den berühmten Erzähler.
324 1505 1348 1583 In der Reihe der gediegenen, über den Tag hinaus
326 1562 1399 1634 ihre Wirksamkeit bewahrenden Romane sind zu
328 1607 1355 1673 nennen: „Das offene Tor“ von Max Glaß, das mit
337 1661 1343 1723 Recht als Buch des Lebens und des Trostes be¬
333 1701 1344 1781 zeichnet wird; sodann das die deutsche Arbeit und
337 1732 1358 1812 deutsche Tü htigkeit verheerlichende Buch von Rudolf
332 1790 1351 1860 Herzog „Dio Stollenkamps und ihre Frauen“. „Die
331 1837 1351 1897 Armen“ von Heinrich Mann schildern den Kampf
341 1884 1354 1968 der Arbeiter um die Freiheit ihrer Entwicklung.
330 1925 1359 2006 „Der Schatten der Gorgo“ von F. W. v. Oesteren ist
340 1974 1354 2052 ein in internationalen Kreisen spielender Rom##
336 2022 1365 2099 „Der eiserne Mann“ von Rudolf Stratz spielt ab¬
343 2065 1369 2143 wechselnd in Paris, Berlin und Straßburg. Erfolg¬
348 2114 1356 2194 reiche Bühnenstücke finden stets eifrige Leser so
352 2151 1354 2246 Gerhart Hauptmanns „Winterballade“. Schönherrs
292 2215 1378 2325 „Frau Suitner“ und Schnitzlers pielbesprochenes
822 2275 1370 2342 und Fliederbusch“ Von
318 2301 743 2368 Journalistenstück
893 2333 936 2383 20
1184 2317 1373 2391 alchten
291 2324 889 2410 Krieg und Kriegsgeschret w#
299 2362 1336 2459 nichts wissen: eine Ausnahme macht etwa des
308 2412 1335 2508 schweizerischen Berichterstatters Stegemann verläß¬
309 2460 1336 2556 liches Buch „Geschichte des Weltkrieges“, Band 1
316 2511 1387 2593 und II. Die Zeit der zahllosen Schützengraben¬
316 2564 1356 2645 erzählungen, U=Boot=Bücher und Fliegerabenteuer
326 2599 1359 2700 ist vorüber, aber in Geschichte und Politik vertieft
316 2638 1386 2734 man sich; so sind Werke über Polen beliebt: Die:
328 2711 1362 2776 Memoiren von Poniatowski, auch Rathenaus
320 2736 1362 2825 Bücher über Gegenwart und Zukunft, darunter das
316 2791 1353 2883 gesuchteste „Von kommenden Dingen“, dann weziell
323 2827 1348 2916 österreichtsche Bücher: Guglias „Macia Theresia“
322 2856 1388 2952 und Czediks „Geschichte der österreichischen
328 2922 1390 3000 Ministerien“. Den Orient lernt man kennen in
336 2964 1385 3062 Sven Hedins „Bagdad=Babylon=Ninive“; die alt¬
334 3003 1391 3089 orientalische Märchenwelt in Adolf Gelbers
331 3062 1368 3138 „Tausend und eine Nacht“. In die modernste Gegen¬
338 3105 1392 3179 wart führt Leopold Mandl mit seinem neuesten. an
332 3143 1382 3227 Enthüllungen und bisher unbekannten Dokumenten
329 3195 1360 3268 reiches Bucht „Die Habsburger und die serbische
330 3243 1360 3334 Frage“. Freunde des Humors greifen gern nach dem
330 3287 1396 3363 neuesten, die Wiener Mittelklasse so lebendig
343 3326 1373 3421 schildernden Buche des beliebten Fritz Stüber¬
350 3380 1383 3467 Gunther: „Herr und Fran Surrm“; von ihm liegen
337 3431 1396 3518 auch die „Wien'rische Leut' in krieg'rischer Zeit“ in
349 3494 789 3564 zweiter Auflage vor.
454 3516 1092 3609 TAER S
3033 680 3240 772 N
2506 665 2646 799 e
1734 617 2065 826 6456
1727 887 2984 969 VON NEUEN BUCHERN UND NOTEN.
2369 982 3240 1044 Gedanken befreundet, eine neue Weg¬
1725 990 2111 1063 Ernte im Herbst.
2377 1042 3231 1087 genossin sich erwählen, dieses Mal zu dau¬
1919 1036 2348 1101 indberg. Er ist
1702 1055 1803 1111 1S t
2371 1076 3233 1129 ernder, chelicher Verbindung. Er ist weit¬
1481 1093 2347 1141 darum in Landen deutscher Zunge so gi¬
2373 1120 3236 1170 gereist, hat seine obligaten Abenteuer be¬
1485 1126 2356 1178 gantisch emporgewachsen, weil er deut¬
2371 1165 3237 1205 standen und besitzt alles, was unter nor¬
1482 1168 2356 1221 sches Wesen in konzentriertester Form
2378 1185 3244 1245 malen Verhältnissen einen Mann geeignet
1483 1204 2360 1265 verkörpert und versinnbildlicht. Er kennt
2369 1242 3246 1283 macht. geheiratet zu werden: er ist gut si¬
1490 1248 2351 1298 nicht die Schnörkeln, nicht die Geschmeidig¬
2382 1281 3234 1327 tuiert, wohlerzogen und gebildet. Zwei Mäd¬
1491 1292 2352 1339 keit und weltmännische Redewendung des
2367 1304 3236 1363 chen, plötzliche Begegnungen, seelisch und
1493 1333 2349 1375 Romanen, nicht dessen Vorliebe für die
2371 1349 3239 1390 gesellschaftlich bimmelweit geschieden, doch
1495 1366 2358 1419 ästhetische Figur. Anatole France und
2376 1386 3239 1439 jetzt aufeinanderstoßend in der drängenden
1496 1405 2348 1455 d’Annunzio sind seine Gegenpole. Was er
2374 1426 3246 1482 Schicksalsbereitschaft des Doktors, wirken
1492 1450 2351 1491 spricht, ist er auch. Er entfaltet immerdar
2372 1468 3252 1528 im entgegengesetzten Sinn. Sabine ist ernst,
1499 1487 2349 1535 sein wahrhaftiges Wesen und verachtet,
2377 1507 3235 1555 besonnen, intelligent, gemessen, erwachsen
1500 1531 2357 1570 was an überflüssige Draperie erinnern
2456 1544 3237 1590 Katharina leichtfertig, süß, taumelig.
1486 1561 2356 1612 könnte: jedes Wort ist eine Beichte und
2381 1590 3237 1630 kindlich und märchenhaft. Der Doktor weiß
1491 1608 2357 1653 darum auch eine Erleichterung, bestrahlt von
2372 1621 3242 1669 es nicht, welche ihm am besten behagen
1488 1636 2363 1689 dem über sich selbst errungenen Sieg eines
2377 1660 3242 1713 möchte — er ist nicht einer, der sich erhitzt
1495 1683 2359 1741 mit sich in blutigem Kampf Gelegenen und
2383 1713 3234 1753 und zugreift — er zaudert, läßt dies und je¬
1487 1721 2144 1771 nun in sich selbst Vollendeten.
2382 1736 3258 1797 nes an sich herankommen, macht Ausflüchte.
1591 1744 2365 1809 Die „Märchen“ (die im Rahmen der
2375 1773 3257 1840 geht wic die Katze um den Brei — er will
1506 1790 2364 1840 würdigen Gesamtausgabe bei Georg Müller
2388 1812 3250 1868 sich ja binden, hat gute Absichten, ehrbare,
1502 1833 2370 1879 in München erschienen sind) wissen nichts
2386 1855 3251 1908 gleich von Anbeginn wohnt ihm nicht die
1508 1884 2364 1920 von dem Strindberg. dessen Groll, Weiber¬
2376 1897 3247 1945 aufrichtige Geneigtheit inne, sich für ewig
1489 1910 2353 1961 haß und Enttäuschung wie ein Gewitter don¬
2378 1945 3240 1984 zu binden, und so wäre er ein ausgezeichne¬
1495 1946 2363 2014 nerte und zischte, sie zeigen den sonst Fels¬
2391 1969 3253 2021 ter Abenteurer, ein Hochstapler des Gefühls,
1494 1994 2359 2036 blöcke wälzenden Titanen in einem ganz
2389 2013 3252 2061 fchlte ihm nicht dessen Schwung und inner¬
1495 2030 2365 2069 eigenartigen, liebenswürdigen Format: etwa
2382 2046 3238 2092 ster Zwang. Und darum versäumt der
1498 2072 2359 2119 so, als hielte er gerade Mittagsschlaf und
2386 2093 3243 2153 Doktor die Sabine, die sich verachtet, miß¬
1502 2106 2369 2153 träumte in der Sonne von den Luftschlössern
2388 2142 3254 2182 verstanden, beiseitegeschoben wähnt, und
1506 2154 2356 2200 des Lebens. Eine Innigkeit, eine Musik
2388 2166 3267 2216 verliert die Katharina Gurch einen raschen
1509 2194 2358 2232 weht uns da entgegen, zart und dennoch
2386 2208 3262 2253 Tod. den er ihr scheinbar selber durch eine
1511 2223 2353 2272 stark, herb und keusch, wie sie uns viel¬
2383 2250 3252 2293 infektiöse Uebertragung auf den Hals ge¬
1505 2255 2356 2318 leicht nur noch in lbsens „Peer Gynt“ er¬
2383 2289 3246 2336 hetzt hat. Was ihm nun winkt, nimmt sich
1501 2299 2365 2352 klungen ist. Eine lronie, eine bittere Lehre.
2384 2327 3255 2374 wie eine gerechte Strafe aus, ist aber in
1495 2347 2360 2389 der Sinn einer tiefen Weisheit, gewonnen
2395 2360 3249 2426 Wirklichkeit eine traurige Ironie: da er an
1501 2390 2366 2428 durch tiefes Leiden, kreist mütterlichen
2383 2396 3251 2452 den edelsten, erhabensten Gefühlen der
1504 2422 2362 2475 Flügelschlages um den Kern dieser höchst¬
2381 2433 3245 2494 Liebe als der reine Tor vorüberging, läuft
1505 2458 2364 2506 moralischen Geschichten, die über der
2392 2476 3247 2535 er um so sicherer der Lüge ins Garn, hängt
1507 2506 2363 2547 menschlichen Eitelkeit den Stab brechen
2394 2518 3246 2571 sich an eine kokette Witwe samt Kind und
1512 2532 2365 2589 („Die Geheimnisse der Tabakscheune“), der
2387 2558 3248 2609 beruhigt sich bei einer Verbindung, die eher
1503 2573 2359 2631 Unbeständigkeit und innerlichen Leere eines
2383 2598 3251 2651 den Sinnen schmeicheln konnte, als daß sie
1497 2618 2365 2659 Künstlers die Maske vom Geicht reißen
2394 2639 3254 2687 irgend einer geistigen oder gemütlichen
1502 2657 2371 2700 („Jubal ohne Ich“), die ausdauernde Liebe
2388 2665 3258 2727 Notwendigkeit entsprungen wäre. Das ist
1508 2687 2373 2749 feiern („Märchen vom St. Gotthard“) und
2389 2723 3249 2776 der „Doktor Gräsler, Badearzt“ (Verlag
1496 2730 2373 2789 den Verbrecher zum Glauben an Gottes
2385 2753 2827 2813 S. Fischer in Berlin).
1971 2766 2363 2823 („Wic die Baum¬
1509 2769 1974 2825 Allmacht zurückführen
2451 2797 3258 2850 Ein häufiger, ganz normmäßiger Typus.
1514 2801 2364 2854 schwalbe in den Kreuzdorn kam“). Heil¬
2386 2830 3248 2886 Der Spießbürger von Welt. Ein schwanken¬
1514 2856 2368 2899 same Medizin, wie sie allerdings nicht Kin¬
2499 2886 3252 2938 beinahe nutzloses Dasein. Eine ins
2395 2887 2501 2929 des
1503 2886 2366 2934 dern taugen wird, fließt uns Erwachsenen
2383 2923 3248 2975 Männliche übertragene Madame Bovary,
1509 2935 2371 2974 hier aus dem Urquell der Sein-Gestaltung:
2390 2967 3267 3009 Man könnte vor Wut rote Ohren bekommen,
1507 2971 2364 3022 aus dem Herzen eines Dichters, der sonst
2396 3004 3262 3042 müßte man nicht lächeln über die Folge¬
1505 3005 2369 3045 blutend schrie wie der Gekreuzigte am
2384 3038 3255 3086 richtigkeit, über die geradezu erstaunliche
1500 3037 2376 3108 Kreuze und jetzt blutend lächelt als ein
2399 3082 3254 3118 Präzision, mit der dieses unberechenbare
1506 3089 2139 3137 Schmerz- und Weltüberwinder.
2395 3109 3254 3172 Problemmenschlein in seine Ausgelöschtheit
1563 3107 2369 3166 Arthur Schnitzler. Ein Arzt und
2395 3153 3068 3214 und endgültige Nullität hinabtürzt.
1507 3159 2383 3210 Junggeselle, nahe dem Alter, an dessen
2451 3197 3243 3239 In leichteren Strichen sind die Frauen¬
1513 3196 2364 3249 Schwelle der Mann auf die Freuden des Le¬
2392 3218 3261 3276 gestalten hingesetzt, weniger ins Persönliche
1512 3244 2376 3298 bens zu verzichten beginnt, wird infolge des
2398 3267 3253 3319 konzentriert, mehr im luftig blauen Reich
1509 3274 2373 3324 unvermuteten Todes seiner Schwester die
2389 3308 3255 3381 der Sehnsucht segelnd. aber vor allem ero¬
1513 3314 2379 3390 jahrelang seine Begleiterin gewesen, dem
2312 3379 2453 3453 853
