3436 4096
1210 26 1640 111 Badearzt
448 27 1144 108 Doktor Graesler
1692 29 2170 124 box 4/9
221 38 1694 153 29. u   SG 4
145 671 371 746 Nathansky.
1845 668 2302 757 Die österreichische Seele.
2644 679 2766 747 191
146 773 909 846 Altern, nicht völlig auf der Höhe der
1459 778 2770 829 Ganz so wenig berührt vom Kriege wie Schnitzlers Erzählung ist
137 833 900 898 schaften, mit mäßigem, aber für bescheidene
1370 838 2773 886 das letzte Drama eines anderen österreichischen Dichters, Karl Schönherrs
144 893 902 948 finkommen, ohne sonderlichen Ehrgeiz, von
1365 886 2776 962 „Frau Suitner"*) und ebenso wie dieses verfolgt es Gedankenbahnen
145 947 913 1003 ster liebevoll betreut. Und der soll auf
1377 962 2777 1011 weiter, die schon in früheren Werken desselben Autors eingeschlagen worden
137 994 914 1065 Schwester ganz auf eigenen Beinen stehen.
1375 999 2771 1063 waren. War in der „Erde“ der Schrei nach dem Kinde aus einer alternden
149 1046 915 1112 innere Gleichgewicht, das seinen reifen
1370 1051 2774 1105 Mannesbrust aufgestiegen, war in einem späteren Stücke eine Bäuerin aus
136 1104 908 1167 den kann, nie besessen hat. Nicht eine,
1372 1105 2777 1169 unbefriedigter Sehnsucht nach Kindersegen zum „Weibsteusel“ geworden,
140 1156 914 1229 aucht sein Anlehnungsbedürfnis, verliert
1369 1157 2765 1214 hatte der Sandwirt am Schlusse des Heldenliedes vom „Volk in Not“ die
145 1211 903 1277 sichtsreiches Sanatorium, weil er, ewig
1362 1213 2776 1272 Mahnung ausgesprochen, trotz aller Bedrängnis die Leutmühl' nicht leer
142 1256 903 1333 igreifen versteht, zernichtet die zweite, den
1364 1261 2782 1324 gehen zu lassen, so ist es in dem neuen Werk ein österreichischer Fuhrmann
147 1312 903 1389 des süßen Mädels, durch eigene Schuld
1362 1324 2772 1396 Henschel, dem die in Unfruchtbarkeit gealterte Frau den Weg zu einem
159 1372 898 1444 eine zweideutige, Männerfang routine¬
1366 1384 2773 1448 jungen Weib und Kindern aus eigenem Blut freimachen muß. Ueppig
138 1424 910 1493 m Kinde eingefangen wie ein dummer
1364 1428 2780 1494 quillt ringsum der Segen der Natur, die Aeste brechen unter der Last der
159 1478 907 1548 sich beständig verkannt, ohne sich der
1376 1483 2781 1550 reifenden Aepfel und nur der Suitner Kaspar soll ohne seine Schuld
145 1531 902 1601 eliebten rückhaltlos aufschließen zu können,
1369 1538 2780 1599 ausgeschlossen sein von dem allgemeinen Sprießen und Gedeihen an der
158 1590 900 1642 diese eine ihm unzugängliche Ecke in
1375 1591 2780 1643 Seite eines in unermüdlicher Geschäftstätigkeit physisch verdorrenden Weibes?
148 1637 918 1707 gewandter Plauderer mit ausgesprochenem
1371 1643 2783 1710 Das ist mehr, als er zu ertragen, als sie zu verantworten vermag. Wie
144 1692 910 1767 un: Ist das ein typischer Nord= oder
1372 1704 2775 1761 dem Doktör Gräsler, so steht auch dem Suitner Kaspar bei aller Bravheit,
143 1746 917 1813 sitzler doch sein soll, oder der ewige, nur
1371 1757 2773 1821 Geschäft und Erwerb zurück hinter rein animalischem Glück, das er nicht
142 1804 912 1875 rdene Anatol, der liebenswürdige, aber
1367 1805 2767 1868 zu missen und doch auch nicht durch Ehebruch zu erringen imstande ist,
156 1866 917 1922 die Frauen das Wichtigste in der Welt
1363 1862 2773 1919 weil ihm wie dem Doktor Gräsler die Entschlußfähigkeit fehlt, weil er
142 1904 912 1977 ben, aber sie auch nicht zu meistern weiß,
1373 1913 2774 1986 wohl mit seinen Wünschen, aber nie mit seinem Tun über den Steg
143 1964 915 2036 ber die Schlechtigkeit der Welt seufzt?
1364 1967 2784 2040 käme, der in das Land seines Verlangens führt. Er kann sich nicht selbst
146 2021 914 2087 kein geschmeicheltes, gewiß ein einseitiges
1373 2020 2772 2079 befreien, das muß die alles verstehende, mütterlich aufopferungsfähige Frau
133 2069 916 2144 lichkeit, die nur jene Bilder haben, auf
1373 2075 2780 2152 für ihn besorgen. Ein Bauer, gewiß, aber nicht aus dem harten Holz des
130 2130 920 2201 nd hervortritt. Und die vier weiblichen
1364 2134 2780 2207 Hofschulzen oder des Büttnerbauern, aus südlicherem Klima, wo sich der
144 2179 906 2255 krnde Friederike mit dem tadellosen Ruf,
1376 2191 2782 2257 Baum duckt und das Wetter vorübergehen läßt, vor dem der sturmge¬
147 2236 915 2313 blematischen Schützers von Bruder eine
1373 2239 2273 2319 wohntere nordische Vetter besteht oder zerbricht.
142 2284 910 2354 Jugendfreund bis zum lungensüchtigen
1466 2301 2774 2361 Daß auf unseren Universitäten nicht ganz so beharrlicher Fleiß daheim
135 2346 843 2417 inne Nahrung brauchten, hieß sie ni
1372 2354 2769 2411 ist wie im Norden, ist eine oft gehörte Klage von Hochschullehrern, die
133 2399 843 2479 Kkomtesse Mizzi oder Frau Beate? V
858 2410 897 2467 ar
1381 2410 2773 2457 aus dem Reich zu uns kommen. Vielleicht wird in unserem helleren Licht
144 2464 896 2526 res Passes Oesterreicherin, warum sollte
1380 2457 2779 2510 wirklich etwas mehr gebummelt als draußen, vielleicht stellt unser nach den
142 2505 878 2582 ung nicht sein? Ist es die aufrechte
1374 2517 2779 2578 Aussagen norddeutscher Professoren in den Anlagen prächtiges Material
130 2554 871 2636 kau so wie die Johanna aus dem „Ein
1372 2572 2777 2639 wirklich geringe Anforderungen an sich selbst, dehnt seine Hochschuljahre
141 2627 891 2686 stharina nicht genau so wie ihre berühmte
1380 2642 2776 2691 vielleicht nicht ganz selten etwas über Gebühr aus. Aber ganz verkommt
142 2665 912 2745 anschmiegsamen Witwe mit den freigebig
148 2730 912 2794 zu gedenken, die so viel Verständnis und
1373 2729 2767 2795 und recht sehr mit Ach und Krach bestanden, aber nachher stellt dieses
138 2783 914 2852 undinnen ihrer männlichen Bekannten hat?
1366 2782 2765 2848 kerntüchtige Material doch seinen ganzen Mann, in der Praxis noch mehr
148 2833 916 2893 ruf neben dem Ewig=Weiblichen nur eben
1375 2855 2783 2906 als auf eigentlich wissenschaftlichem Gebiet. Die Leuchten sind selten,
164 2882 911 2948 der norddeutschen Tat= und Geschäfts¬
1370 2889 2772 2962 vielleicht noch seltener als anderwärts, das Gesamtniveau hält jeden Ver¬
146 2939 919 3016 stungsfähigkeit jetzt eben zwei Hemisphären
1371 2953 2776 3015 gleich aus und was man in verkehrsfremden Landnestern an Können und
144 2985 927 3065 en, deren Weh und Ach überhaupt nicht
1375 3003 2788 3081 Vollbringen in gemeinnütziger Tätigkeit findet, würde Aufsehen bei den
139 3059 918 3121 en Punkte zu kurieren ist, sind wie ihr
138 3098 932 3188 hause, wir können sie wie Schnitzler ver¬
1457 3107 1943 3190 *) Leipzig, L. Staackmann.
