3436 4256
266 152 1091 243 29. Doktor Graesl
1251 152 1649 227 Badearzt
1800 157 2213 247 box 4/9
470 177 1673 243 TEAICSTeT ;EAT
658 816 2784 886 TIMES LITERARY SUPPLEMENT, THURSDAY, NOVEMBER 13, 1924.
2537 900 2792 960 (Thornton
1628 900 2519 963 the Age“ ranks with“ Growth of the Soil.“
2530 939 2798 996 of extraordi
1631 937 2527 995 This it can hardly be said to do. The develop¬
922 941 1419 1032 N NOVELS.
2542 979 2811 1046 ing in imagi
1628 986 2519 1041 ment of Segelfoss is rather a study, a tenta¬
2534 1016 2818 1082 theless ren
1640 1019 2515 1090 tive step towards the far greater epie; the
2539 1053 2794 1116 originality.
1653 1064 2505 1128 “ marriage? theine is that of“ Wanderers??
950 1057 1355 1129 DR. GRAESLER.
2533 1102 2803 1152 has the attr:
1629 1091 2510 1151 again. The Segelfoss stories, it should be¬
681 1090 1608 1158 Srhur Schnitzler's Dk. Gaarsurk (Chap¬
2528 1140 2811 1200 intimate kne
1628 1145 2506 1202 noted, belong to the anthor’s middle period,
705 1158 1614 1225 man and Hall, 78. 6d. net) is written in a
2554 1180 2820 1231 a just and
1626 1181 2510 1226 carlier than“ Growth of the Soil.' English
731 1188 1609 1261 vein of irony which loses a good deal in trans¬
2524 1212 2821 1272 Chinese min
1632 1220 2513 1278 translations of Hamsun have not followed
726 1229 1615 1280 lation. The sedate ridlieule and bland
2533 1254 2815 1309 Francisco’s C
1625 1263 2507 1310 the chronological order of the originals. In
723 1271 1604 1319 mockery of the story are perhaps not easilg
2536 1296 2817 1351 Bra elings te
1628 1295 2516 1355 future editions, a brief note stating the posi¬
723 1308 1619 1356 reproduced in any language other than
2529 1337 2821 1393 murder, and
1640 1326 2520 1389 tion of each in the author’s production would
734 1345 1612 1392 German. Schnitzler, moreover, is a stylist of
2530 1380 2828 1427 the intention
1627 1378 2513 1436 help the reader to appreciate Hamsun’s work
731 1375 1622 1438 highly individual character. The present
2573 1415 2808 1466 differenees
1632 1421 1897 1479 as a whole.
732 1416 1620 1477 transiation bv Mr. E. C. Slade, although it
2534 1443 2818 1509 rather than
733 1471 1608 1517 sometimes misses the finer shades of mean¬
2544 1490 2700 1547 reader.
1706 1472 2445 1557 CHRISTOPHER AND CRESSIDA.
738 1498 1618 1559 ing, is nevertheless fairly sound. The timid
2574 1534 2837 1607 Considering
733 1540 1611 1595 adventures of middle age—the caution and
1663 1537 2520 1595 When Mr. Montgomery Carmichacl gears
2538 1571 2841 1636 of many of
719 1574 1607 1645 indecision with which it greets new promises
1627 1579 2494 1639 ago published“ The Life of J. W. Walshe“
2527 1624 2845 1675 he is comm
724 1622 1602 1677 and old illusions—are excellent material for
1631 1612 2506 1672 mang readers were surprised, and indeed dis¬
1458 1658 1616 1706 He is
2526 1657 2845 1711 not cast a g
723 1663 1430 1711 Schnitzler’s cool, sardonie humour.
1631 1648 2522 1719 mayed, to learn that it was not after all the
731 1700 1617 1748 cynical withont being embittered. He does
2525 1702 2837 1750 enstoms of th
1626 1693 2519 1759 biography of a modern saint, but a subtly dis¬
732 1737 1607 1786 not flaunt his disillusionment, but his uncon¬
2536 1733 2842 1797 denily studiec
1638 1738 2524 1792 guised work of fiction. in CHRISTOPHER AND
2732 1778 2846 1829 the
2528 1778 2747 1828 tion of
735 1766 1607 1822 cerned, careless manner is allthe more wither¬
1635 1784 2512 1832 Cnessina (Macdonald and Evans, 5s. net),
2530 1809 2832 1873 But tire more
723 1814 1609 1868 ing as a consequence. Gracsler is a physician
1628 1819 2521 1861 which is a sequel to“ The Solitaries of the
2530 1847 2823 1908 to emphasize
724 1851 1607 1915 at a health resort, a man of fortgeight, of
1630 1852 2521 1915 Sambuca,there is little attempt to re¬
2528 1889 2849 1946 What is murd
720 1893 1611 1942 modest ambitions and temperate habits. His
1624 1898 2512 1949 peat this harmless mystification; but here
2534 1937 2842 1990 is neither les¬
727 1923 1613 1983 daily routine is nicely ordered, and he enjoys
1632 1941 2518 1984 again we do not feel that the interest of the
723 1974 1603 2022 his own sense of professional responsibility.
2531 1973 2826 2029 rigliteousness
1625 1973 2505 2035 book is the interest proper to a work of fiction.
2526 1990 2852 2061 connnittees #
733 2012 1605 2054 Tet he is disturbed by impulses and made
1627 2008 2520 2066 A plot, indsed, it has, though antique and
2534 2046 2860 2112 feuds bv Arbit
719 2045 1608 2092 melancholy by enthusiasms ill-suited to his
1633 2056 2521 2109 simple, anid its characters are anything but
2528 2078 2865 2149 prestige f ihe
729 2085 1618 2140 Fears. His sister’s suieide adds something of
1622 2090 2521 2143 puppets designed to give voice to religions or
2524 2123 2863 2185 and the prof
726 2124 1604 2174 resentment to his vague and trivial restless¬
1615 2129 2505 2186 moral iceas. They are few, and they may
2520 2164 2869 2225 avenge an ins
723 2170 1608 2221 ness. Incredible that Friederike,“ a mature
1626 2162 2519 2220 not be portrayed with the complexity and
2524 2204 2863 2261 looked upon as
733 2203 1605 2253 spinster,“ should suddenly have gone mad.
1632 2210 2518 2266 eagerness for detail that mark the psycholo¬
2527 2243 2871 2294 of the stories in
719 2246 1616 2297 But her support is withdrawn, and he is com¬
1626 2238 2512 2307 gieal novelis“; but they live, with a touch of
728 2280 1608 2333 pelled to attend to domestie details. Trreso¬
2535 2282 2872 2338 tions of these k
1635 2288 2515 2351 the rudeness andi innocence of heroes and
2530 2321 2880 2380 sequence of th
728 2315 1604 2368 lute and lacking in self-confidence, he hardly
1622 2332 2322 2386 heroines in epic or ballad poetry.
2542 2362 2866 2415 smugglers and
733 2354 1616 2414 dares aspire to marry Sabine, still less, as a
1669 2357 2512 2425 Like these heroes and heroines, moreover,
2525 2407 2872 2453 are indirectly cc
733 2404 1603 2451 step towards marriage, take over the-sana¬
1636 2403 2517 2471 they are not shown for their own sake, but to
729 2430 1612 2478 torium. He will not confess that the least
2524 2431 2879 2492 younger genera
1625 2453 2505 2501 illustrate a theme. That theme is the one
2535 2474 2886 2529 of Western cult
731 2470 1617 2525 prospect of change is irksome and frightening.
1638 2492 2505 2538 that regularly inspires Mr. Carmichael—the
2529 2515 2879 2573 of the Chinese,
733 2516 1608 2569 When Sabine declares her friendship for him
1621 2530 2515 2570 conviction, mystical rather than religions in
723 2547 1617 2614 his pride is repelled. After all, he is an eccen¬
2535 2555 2879 2612 piety, the sub
1632 2569 2512 2624 the mere pedestrian sense, that the will of
731 2585 1617 2640 trie, an egoist, an old fogey. He neither can
2533 2592 2865 2647 their mourning
1629 2607 2512 2651 God and the whole duty of man are perfectly
728 2631 1606 2678 nor ought accept the happiness she is ready
2543 2615 2882 2688 ccrenionies, allc
1625 2648 2521 2700 plain to those who are ready to fulfil them
735 2672 1605 2724 to bring him: he is destined to lifelong soli¬
2540 2676 2876 2726 ing of Confuciu:
1628 2681 2514 2736 withont reserves. It is through paltering
2539 2703 2878 2761 best of these:s
1641 2725 2513 2773 with conscientions convietions, though in an
2539 2745 2881 2802 The three storief
764 2745 1615 2800 Dimly aware that he cannot retrieve his
1623 2758 2527 2819 apparently slight way, that Christopher
2532 2791 2882 2844 figure the impas
722 2789 1616 2841 blunder, but determined to refute Sabine's
1621 2796 2514 2853 Mavourez and Cressida Vanghan lose the
2528 2826 2883 2882 are easily the b
723 2831 1609 2881 charge of weakness, he plunges into the affair
1629 2835 2512 2885 fruition of their love and fall into a pit of ruin
2536 2863 2891 2918 in order the ti
737 2875 1609 2923 with Katharina. His brief spell of exeitement
1635 2878 2518 2931 out of which thev elimb only by the way of
2525 2900 2887 2960 unduly prolonge
725 2911 1616 2959 convinces him that it is merelg a prelude 1o
1620 2920 2508 2973 long suffering and penance. Atthe root ofthe
2536 2942 2880 3003 planning swift
728 2948 1616 2999 the happiness he has quigotically discarded.
1621 2952 2512 3011 tale, as readers of the author’s former beoks
2538 2972 2890 3043 cnemies, medital
731 2992 1606 3038 With a new self-assurance he leaves her for
1631 2990 2514 3037 will not be surprised to find, lies the un¬
2535 3025 2879 3075 strangely mus
735 3021 1613 3090 the woman“ whose advances he had spurned
1633 3035 2513 3080 compromising dogmatism and severity of
2529 3057 2881 3115 Cantonese, expr
730 3068 1615 3113 in an unwarrantable fit of self-distrust,“ is
1631 3069 2514 3123 Joseph de Maistre’s philosophy. Its harsh
2533 3103 2885 3161 words of the ms
729 3102 1617 3148 rejected, and vainly flies back to Katharina.
1634 3110 2514 3160 angles are however, if not softened, at anv
2533 3140 2878 3191 a gentleman is
725 3144 1609 3200 There is nothing left for him, he tells him¬
1618 3144 2519 3194 rate consolingly irradiated, by Mr. Carmichael’s
2527 3167 2902 3245 is acmirably con
1332 3179 1609 3241 *No one can
739 3190 1328 3238 self in meaningless phirases.
1631 3192 2511 3243 own tenderness of imagination, which is far
732 3237 1596 3272 get out of his own skin, man or woman.
1633 3227 2524 3279 reinoved from the spirit of the theologieal
725 3261 1617 3316 As for me, I was born to be a prig and a
1625 3254 2524 3317 martinet ihom he claims to follow. This
2568 3244 2884 3335 In addition te
738 3301 1609 3345 Philistine.“ Withont consolation or symnpathy.
1635 3304 2521 3350 tenderness and splendour of fancy are shown
2542 3288 2891 3357 Wife,“ the scene
728 3338 1614 3391 he secks his old friend Böhlinger. Gracsler
2534 3330 2873 3402 Maidenhead to
1621 3342 2517 3395 especially in the history of the Mavourez
737 3384 1617 3435 knows by now that Böhlinger is one of the
1633 3387 2513 3429 family, an old Catholie and Cavalier house,
2532 3384 2885 3436 Grant Richards
736 3412 1614 3462 many lovers his sister Friederike had had.
2527 3421 2884 3481 romance by Arr
1630 3425 2516 3482 filled with heraldie and antiquarian enthu¬
737 3455 1625 3505 She had given up life because it conld no
1637 3461 2520 3508 siasmns, which has handed down to its last
2526 3457 2894 3514 duction to the l
737 3496 1617 3543 longer offer her the pleasure she had once
2527 3499 2892 3554 new novel br I
1632 3499 2507 3541 descendant (who is to disgrace it awhile by
734 3535 1614 3589 enjoyed in abundance. For him there is no
1626 3535 2512 3593 becoming a common swindler) a power of
2536 3527 2886 3603 and a new editi¬
739 3574 1611 3619 renunciation: there is Fran Sommer, the
1635 3578 2513 3627 second sight opening gorgeous vistas of the
2532 3573 2858 3642 tain Margaret.
737 3612 1617 3672 plump, pretty. dubious widow who had shown
1629 3611 2527 3674 celestial world like primitive paintings to the
732 3652 1568 3721 hirn so much kindness in his bereavement.
1630 3656 2527 3700 inner eye. Cressida, the daugliter of an Angli¬
1643 3693 2528 3760 can elergyman, who invents faise vocations for
2648 3675 2890 3780 — LI
