3484 4256
484 251 1175 326 Doktor Graesler
1251 251 1664 323 Badearzt
260 248 2211 368 29. bensemssusssehsaasaize box 4/7
891 788 1336 922 Nr. 107.
706 891 1525 986 Mittwoch, den 28. Februar 1917.
1827 825 3299 1006 Berliner Tageblatt.
973 966 1560 1046 m
2264 981 2802 1055 M rimenn
3110 983 3319 1061 S
719 1020 1928 1069 übernomiene Behandtung der Aiegsteirwene
3158 1039 3365 1087 Jtikagr
1933 1038 3173 1111 kehrs um baldige Einführung der Gebührenfreiheit im
717 1055 1948 1114 familien gegen ein Pauschalhonorar hat infolge des An¬
3162 1075 3354 1131 worden,
1944 1080 2638 1158 Postscheckverkehr gebeten wird.
713 1102 1941 1164 wachsens der Zahl der Behandelten (fast um die Hälfte) und
3155 1114 3365 1175 Brotverso
710 1143 1947 1198 Gleichbleiben der Honorarsumme zu einer immer stärker fühl¬
1978 1126 3163 1214 Das Bootsunglück bei Grünan, das sich am 23. Juli 1916
3156 1157 3368 1229 gehen als
705 1184 3164 1235 baren Benachteiligung der Aerzteschaft geführt. Daher hatte die infolge des Zusammenstoßes des Dampfers „Hindenburg“ mit
1943 1227 3161 1282 dem Motorboot „Anna“ ereignete und 22 Menschenleben for¬
719 1224 1947 1292 Aerztekammer den Vertrag gekündigt und verlangt, daß für
3147 1238 3346 1317 Die
1940 1260 3165 1309 derte, wird demnächst auch das Reichsgericht beschäftigen. Die
705 1260 1944 1321 Familie und Jahr ein Honorar von 5 Mark gezahlt würde. Die
1948 1299 3155 1354 Schuld an dem Unglück wurde bekanntlich dem Führer des Damp¬
3161 1299 3369 1361 Tagen ha
704 1312 1935 1361 Stadt hat diese Forderung abgelehnt und beabsichtigt anscheinend
1939 1337 3155 1392 fers „Hindenburg“, dem Schiffsführer Gottlieb Kanwische:
3155 1349 3378 1402 einberufen
703 1353 1939 1413 einen Ausweg zu wählen, den sie bereits früher angekündigt
1945 1366 3163 1421 zur Last gelegt, der von der ersten Strafkammer des Landgerichts 12
3159 1390 3369 1450 Obst vor
711 1393 1939 1442 hatte. Statt der Pauschalsumme an die Aerzteschaft soll den Unter¬
1943 1404 3162 1461 wegen fahrlässiger Tötung und wegen fahrlässiger Bewirkung des
714 1436 1942 1490 stützungskommissionen für die erkrankten Kriegerfamilien
1941 1438 3157 1493 Sinkens eines Schiffes zu 1 Jahr Gefängnis verurteilt
3160 1468 3361 1529 den Groß
711 1468 1938 1532 eine Barentschädigung überwiesen werden, um damit die Kosten in
1952 1481 3164 1536 wurde. Kanwischer wurde zwar aus der Untersuchungshaft ent¬
3161 1515 3365 1573 wohl kein
703 1498 1933 1570 Krankheitsfällen zu bestreiten. Nach allen Erfahrungen mit derarti¬
1948 1525 3167 1579 lassen, da er ein geborener Russe ist, aber in Schutzhaft genommen,
1941 1548 3160 1611 aus der er jetzt auf Antrag seines Verteidigers, Rechtsanwalts Bahn
3156 1556 3363 1631 erst einer
706 1560 1934 1631 gen Unterstützungen muß mar aber bezweifeln, ob man, wie es in
2574 1605 2742 1673 S
3164 1608 3272 1685 8
696 1615 762 1695 1
1952 1682 3173 1746 sehr, mein Fräulein, das ist ja wirklich eine sehr praktische
2248 1712 2755 1782 besonders für Gauner.“
1954 1711 2220 1781 Einrichtung
697 1697 1957 1829 Doktor Gräsler, Badearzt
1989 1744 3159 1832 „Die hätten kein Glück, erwiderte das junge Mädchen. „Wir
3153 1781 3207 1835 3
1943 1799 2564 1869 sind hier lauter ehrliche Leute.“
1212 1807 1448 1900 Erzählung
2001 1834 3168 1907 Daran zu zweifeln liegt mir selbstverständlich fern. Aber
1272 1877 1404 1931 von
1524 1855 1916 1948 [Nachdruck verboten.]
731 1859 1069 1944 115. Fortsetzung.]
1931 1889 3074 1953 wofür werden mich nun woh' die Leute gehalten haben?“
1067 1909 1569 1998 Arthur Schnitzler.
2007 1940 3174 2004 „Für einen Fremden; was Sie doch wohl auch sind.“ Sie
3158 1940 3222 2014 b1
1939 1968 2605 2035 blickte ihm neugierig ins Gesicht.
709 1967 1940 2041 Gegen seine sonstige Gewohnheit wählte er diesmal
2002 2014 3172 2072 „Man könnte mich wohl so nennen,“ erwiderte er, schaute in
714 2029 1948 2078 eine weiche Form mit ziemlich breiter Krämpe, fand im
3157 2028 3220 2081 u
1948 2058 3170 2111 die Luft, und dann sich rasch wieder an seine Nachbarin
705 2078 1939 2138 Spiegel, daß sie ihm besser zu Gesichte stand, als die
3164 2074 3229 2130 sa
1947 2111 3160 2169 wendend: „Für was für eine Art von Fremden würden Sie
719 2111 1943 2171 steifen Kopfbedeckungen, zu denen er sich sonst verpflichtet
3172 2121 3259 2172 uns
1945 2145 2371 2206 mich wohl halten?“
713 2157 1950 2218 glaubte, und komtte es unmöglich für Täuschung halten,
3164 2159 3352 2216 irgendwe
1998 2171 3171 2243 „Jetzt höre ich Ihnen natürlich an, daß Sie ein Deutscher
3165 2192 3348 2259 das ist d
707 2204 1947 2250 als ihn bei Fortsetzung seines Spazierganges in be¬
1831 2222 1882 2274 „l
1949 2225 3174 2292 sind, vielleicht ganz aus der Nähe. Aber im Anfang, da habe!
713 2242 1938 2306 ginnender Dämmerung mancher Frauen= und Mädchenblick
3232 2248 3358 2308 „Aber
1954 2272 3170 2344 ich gedacht, Sie sind von weit her aus Spanien oder
709 2290 1939 2339 freundlich zu mustern schien. Plötzlich fiel ihm ein, daß
3174 2288 3363 2354 solchen
1959 2316 2181 2374 Portugal.“
708 2327 1945 2388 indes ein Brief von Sabine angekommen sein könnte; er
3163 2339 3367 2401 mit Ihn
2008 2337 3160 2422 „Portugal?“ wiederholte er und griff unwillkürlich nach
717 2370 1941 2416 eilte nach Hause; eine Anzahl von Briefen war eingelangt,
3239 2382 3349 2437 „Ein
1950 2389 3163 2462 seinem Hut. „Nein, in Portugiese bin ich freilich nicht. Ich
717 2401 1941 2459 zumeist noch aus dem Badestädtchen nachgesandt; — von
3163 2404 3265 2491 Zeit
1947 2438 3048 2500 kenne es allerdings ein wenig.“ setzte er beiläufig hinza.
717 2455 1939 2504 Sabinen war nichts darunter. Zuerst enttäuscht sah er doch
2006 2483 3179 2553 „Ja, das denk ich mir, Sie sind wohl viel in der Welt
708 2480 1942 2552 ein, daß er Unwahrscheinliches, ja Unmögliches erwartet
1946 2516 2323 2595 herumgekommen.“
714 2528 1948 2588 hatte, verließ das Haus von neuem und spazierte wieder
2002 2547 3169 2624 „Ein wenig,“ erwiderte Gräsler, und in seinen Augen
717 2573 1951 2630 planlos in den Gassen umher. Später kam er auf den Einfall,
1943 2602 3162 2658 glänzte es mild von Erinnerungen fremder Länder und Meere.
708 2620 1954 2665 mit der Trambohn, die eben neben ihm hielt, eine Strecke
1945 2654 3164 2696 Er merkte mit Befriedigung, daß der Blick des jungen
710 2650 1949 2709 weit zu fahren. Er blieb auf der rückwärtigen Plattform
3158 2665 3302 2735 daß ic
1950 2691 3162 2744 Mädchens außer Neugier auch eine gewisse Bewunderung zu
711 2699 1945 2762 stehen und erinnerte sich, nun zum ersten Male mit leiser
3165 2723 3360 2781 bürtig un
1948 2737 3157 2785 verraten begann. Ganz unerwartet sagte sie aber: „Hier muß
714 2725 1945 2790 Wehmut daß an Stelle des vorstädtischen Viertels, das er
3158 2754 3365 2841 gestehend
1944 2778 3160 2848 ich aussteigen. Wünsche weiter gute Unterhaltung in unserer
708 2783 1945 2841 durchfuhr, noch in seinen Jünglingsjahren nichts anderes zu
3229 2807 3361 2866 Das
1949 2817 2126 2883 Stadt.“
710 2824 1944 2863 sehen gewesen war als freies Feld und Ackerland. Die meisten
3168 2839 3360 2905 „Nein, w
2005 2848 3178 2921 „Danke sehr mein Fräulein,“ sagte Gräsler und lüftete
713 2856 1947 2914 Fahrgäste waren allmählich ausgestiegen, und jetzt erst fiel
3169 2891 3368 2955 sich wahr
719 2909 1947 2961 im auf, daß sich bisher kein Schaffner gezeigt hatte. Er warf
1940 2901 3180 2955 den Hut. Das junge Mädchen war ausgestiegen und von der
2916 2944 3007 2978 P 4
3171 2932 3368 3004 ihm Zuf.
716 2946 1941 3005 einen Blick rings um sich und merkte, daß zwei Augen den
1951 2941 3167 2999 Straße her nickte es ihm zu; vertrauter, als es die kurze Dauer
3219 2977 3363 3032 „Also
724 2984 1958 3049 seinen mit freundlichem Spott begegneten. Sie gehörten einem
1954 2987 3172 3045 der Bekanntschaft hätte erwarten lassen. Einer kühnen Ein¬
3158 3002 3372 3084 dringend
722 3030 1947 3084 jungen, etwas blassen Mädchen, das einfoch, aber anmutig
1942 3032 3176 3087 gebung folgend sprang Gräsler von dem Wagen ab, der sich
3218 3060 3324 3130 Sie
721 3062 1948 3119 hell gekleidet, wohl schon geraume Zeit u ben ihm auf der
1949 3070 3174 3129 eben wieder in Bewegung setzte, trät auf das Mädchen zu, das
3159 3100 3374 3163 sie: „Wei
723 3105 1942 3159 Plattform stand. „Sie wundern sich wohl, daß kein Schaffner
1952 3102 3171 3171 verwundert stehen geblieben war, und sagte: „Da Sie mir eben
3160 3148 3367 3209 morgen
723 3154 1942 3209 kommt,“ sagte sie, den Kopf nach oben werfend, und unter
1946 3156 3164 3211 gute Unterhaltung gewünscht haben, mein Fräulein, und die
3211 3190 3372 3252 „Gerr
1944 3192 3174 3268 unsere so vielversprechend anfing, wäre es vielleicht das
712 3223 1648 3308 Hand festhielt, heiter zu Gräsler aufblickend.
1947 3244 2104 3308 Beste
3220 3224 3376 3293 „Das
792 3273 1652 3340 „Allerdings,“ erwiderte dieser etwas steif.
3165 3281 3378 3339 schäft aus
2014 3262 3165 3358 Vielversprechend,“ unterbrach ihn das Mädchen. „Ich
3167 3327 3365 3379 Kleiman
788 3306 1940 3373 „Es gibt hier nämlich keinen,“ erklärte das junge Mäd¬
1946 3308 3149 3381 wüßte nicht.“ Es klang wie eine ehrliche Ablehnung; und so
3158 3363 3364 3430 sieben Uh
715 3369 1952 3411 chen. „Aber da vorn beim Wagenführer, sehen Sie wohl, da
1954 3368 3163 3415 fuhr er in etwas bescheidenerem Tone fort: „Ich wollte
713 3409 1944 3477 ist eine Büchse, da werfen Sie Ihr Zehnpfennigstück hinein,
3167 3406 3365 3476 recht ist,
1948 3412 3167 3482 sagen — mein Fräulein, Sie verstehen so anmutig zu
715 3436 1393 3506 und die Sache ist in Ordnung.“
1945 3450 2900 3516 plaudern, und es wäre doch eigentlich schade —“
3158 3453 3354 3524 fahren.“
792 3480 1950 3559 „Danke sehr,“ sagte der Doktor, begab sich nach vorn, tat,
1998 3476 3205 3570 Sie zuckte leicht die Achseln. „Ich bin schon zu Hause und
703 3531 2691 3601 wie ihm geheißen, kam zurück und wiederholte: „Ich danke man erwartet mich zum Abendessen.“
3127 3524 3351 3619 haben?“
