3484 4320
1250 250 1641 326 Badearzt
253 260 1175 324 29. Doktor Graesler
1724 254 2146 341 box 4/7
518 295 1656 364 # Ad un un un  aun un (d4 an an I. a a  Kl un   an A 4 —
2322 894 2808 1033 1. Beiblatt.
1982 1007 3034 1088 Druck und Verlag von Rudolf Mosse in Berlin.
455 1033 1932 1107 Beltiner Tagebialt.
1792 1087 3028 1167 e e  n e D bader anserletn
157 1102 1145 1183 e De Wferde Würden durg 7 Uhr 25 Minmten früh.
1799 1157 3019 1189 Wenn der Staatsanwalt die Frage, warum ein solcher Prozeß in der
176 1157 566 1216 Somatose u. a. m.,
609 1158 1787 1223 Die Aprilumzugstermine. Das Berliner Polizeipräsidium
1799 1188 3025 1251 Kriegszeit verhandelt werden müßte, die Erklärung dafür auf seine
159 1209 556 1261 sport für kranke und
584 1208 1783 1257 teilt mit, daß bei dem nächsten Vierteljahrswohnungs¬
1809 1237 3013 1280 Weise gegeben habe, so erwidere er, daß es zweisellos zweckmäßig ge¬
158 1245 561 1301 seben. Ebenso wurde
571 1250 1789 1313 wechsel im Stadtbezirk Berlin zu räumen sind: kleine, aus höch¬
1799 1286 3029 1334 wesen wäre, diesen Prozeß zu vertagen, bis ruhigere Tage gekommen
152 1285 559 1343 erwundeter Soldaten
565 1281 1783 1336 stens 2 Wohnzimmern und Zubehör bestehende Wohnungen bis zum
1797 1314 3033 1364 seien. Der Staatsanwalt habe außer der internationalen Höflichkeit
567 1333 1789 1375 4. April 1917 abends; mittlere, aus 3 oder 4 Wohnzimmern und
159 1329 564 1386 allen Kräften gesorgt.
572 1363 1789 1413 Zubehör bestehende Wohnungen bis zum 10. April 1917 abends;
1805 1376 3028 1420 gegen die Schweiz die Rücksicht auf den Angeklagten als Grund ange¬
159 1371 569 1429 b und Hund oft mehr
576 1395 1782 1458 große, mehr als 4 Wohnzimmer umfassende Wohnungen bis zum
1797 1403 3018 1457 führt. Dem müsse entgegengestellt werden, daß der Angeklagte ja
151 1411 567 1474 Ennen und aus diesem
562 1425 1794 1488 20. April 1917 abends. Die Inhaber der aus 1, 2 oder 3 Wohn¬
1793 1441 3030 1504 selbst den Wunsch gehabt habe, daß diese Anklagesache nicht jetzt schon
166 1450 558 1526 verstärkter Kraft sein
568 1470 1789 1520 zimmern und Zubehör bestehenden Wohnungen müssen jedoch
1806 1488 3024 1543 zum Abschluß komme, weil er der Ansicht gewesen sei, daß ihm die
591 1509 1778 1557 1 Wohnzimer, und die Mieter von Wohnungen mit mehr als
1804 1529 3022 1586 Anklageschrift zu kurze Zeit vor Eröffnung des Hauptverfahrens zu¬
560 1548 1793 1600 3 Wohnzimmern und Zubehör 2 Wohnzimmer schon am Montag,
1795 1566 3020 1643 gestellt worden sei. Es liege danach keine Berechtigung zu dem Vor¬
564 1577 1789 1635 2. April 1917 vollständig geräumt dem künftigen Wohnungsinhaber
155 1568 560 1650 des Chefs des Zivil¬
1798 1620 2334 1672 wurfe der Verschleppung vor.
569 1621 1018 1683 zur Verfügung stellen.
1843 1627 3025 1694 Der Verteidiger ging dann im Anschluß an die rechtlichen Aus¬
610 1644 1788 1719 Unaufgeklärter Tod eines rumänischen Arztes. Der
158 1655 558 1732 Die Beratungen des
1809 1694 3023 1745 führungen des Vorverteidigers ausführlich auf die Darlegungen der
562 1696 1788 1747 62 Jahre alte Dr. med. Demetrius Boghean der im Hause
158 1724 559 1776 in der Stadtverord¬
562 1736 1785 1786 Luisenstraße 17 eins Heilanstalt für Asthmaleidende betrieb, wurde
1801 1740 3025 1800 Staatsanwälte ein, suchte unter Hervorhebung der juristischen und
176 1759 553 1819 für die Berliner
567 1779 1788 1837 in seiner Wohnung, bekleidet auf einem Sofa liegend, tot aufge¬
1796 1784 3022 1844 tatsächlichen Momente nachzuweisen, daß die Ausführungen der Ver¬
162 1798 1776 1875 er Einnahme von funden. Zur Feststellung der Todesursache wurde die Leiche dem
1796 1817 3018 1889 treter der Anklage ebenso unzutreffend seien, wie die der beiden Sach¬
1961 1868 2075 1948 S
615 1925 1785 1999 Sie stand noch immer, schien etwas zu bedenken, blickte
1795 1940 3037 1992 die Erlaubnis, an der Visite teilnehmen zu dürfen. Er folgte
559 1998 1784 2042 plötzlich zu ihm auf und sagre dann etwas hastig: „Sieben
1792 1993 3029 2034 ihr mit einer Aufmerksamkeit, die ihn selbst am meisten be¬
159 1930 562 2073 adearzt
569 2019 872 2074 Uhr, ja. Aber“
933 2024 1784 2078 setzte sie etwas zögernd hinzu — „weil Sie
1804 2031 3026 2092 friedigte, ließ sich nähere Aufschlüsse über Verlauf und Be¬
574 2064 1785 2126 früher vom Theater sprachen, Sie werden mir doch nicht böse
1795 2079 3010 2128 handlung beachtenswerterer Fälle geben und hielt auch mit
567 2100 673 2168 sein
1796 2121 3022 2171 eigenen abweichenden Ansichten nicht zurück, wobei er freilich
159 2107 540 2197 [Nachdruck verboten.]
626 2135 991 2202 „Warum böse?“
1792 2163 3031 2236 den einschränkenden Satz zu gebrauchen pflegte: „Soweit es
617 2172 1784 2248 „Ich meine, weil Sie früher eben davon gesprochen haben
1795 2202 3034 2246 eben uns Badeärzten gelingt, den Zusammenhang mit der
625 2233 1787 2276 wenn Sie vielleicht gleich Billets fürs Theater mitbringen
145 2219 549 2313 ch muß ja doch um
1788 2242 3023 2310 wissenschaftlichen Medizin aufrecht zu erhalten. Das Mittag¬
565 2276 1787 2348 wollten, das wäre sehr hübsch. Ich bin schon so lange nicht
1796 2282 3026 2336 essen nahm er mit einigen Sekundärärzten in einm be¬
574 2313 814 2377 dagewesen.
141 2304 284 2370 in?“
1802 2326 3024 2384 scheidenen Speisehaus gegenüber dem Spital und behagte sich
629 2346 1775 2434 Aber wie gern. Ich bin ganz glücklich, Ihnen eine kleine
164 2343 549 2422 nuß ich Ihnen wohl
1821 2372 3036 2427 o sehr in Gesellschaft der jungen Fachgenossen bei zünftigen
563 2379 1242 2457 Gefälligkeit erweisen zu können.
159 2399 558 2466 ha Rebner heiße ich
1792 2402 3018 2466 Gesprächen, daß er sich vornahm, öfter wieder zu kommen.
638 2429 1776 2500 „Nur keine teueren Plätze, wie Sie sie wahrscheinlich ge¬
162 2443 572 2499 iglichen Post. Und
1799 2448 3017 2510 Auf dem Heimweg besorgte er die Theaterbillets, zu Hause
569 2467 1649 2525 wöhnt sind. Das würde mir gar keinen Spaß machen.
169 2484 562 2552 das Fenster offen
1799 2495 3017 2551 blätterte er in medizinischen Büchern und Zeitschriften um
629 2510 1792 2584 „Sie können ganz ruhig sein, Fräulein — Fräulein
161 2524 555 2584 und ich. Und eine
1796 2531 3024 2597 so zerstreuter, je weiter die Stunden vorrückten, teils in Er¬
571 2556 820 2621 Katharina.
154 2567 555 2627 nd die kommt mit
629 2600 1643 2658 „Und Sie sind mir gewiß nicht böse, Herr Doktor?“
162 2608 560 2688 ter am Donnerstag.
1802 2612 3026 2663 stellungen von dem wahrscheinlichen Verlauf des bevorstehen¬
621 2649 1371 2706 „Aber — Fräulein Katharina, böse
1799 2660 3022 2718 den Abends. Um allen Möglichkeiten wohl gerüstet gegenüber¬
627 2686 1780 2744 „Also, auf Wiedersehen, Herr Doktor.“ Sie reichte ihm die
173 2679 564 2770 fiel Dr. Gräsler
1795 2704 3020 2757 zustehen, entschloß er sich, einen kalten Imbiß und ein paar
569 2722 1779 2784 Hand. „Jetzt muß ich mich wirklich beeilen. Morgen dürfte
1790 2739 3020 2801 Flaschen Wein bereit zu halten, was ja am Ende nach keiner
567 2778 1776 2833 es ja doch etwas später werden.“ Sie wandte sich so rasch
1791 2789 3016 2837 Richtung hin verpflichtete. Er verließ seine Wohnung, besorgte
571 2822 1775 2871 ab, daß er den Blick nicht mehr erhaschen konnte, der ihre
204 2805 560 2882 zu Hause, nicht
1795 2827 3013 2880 die nötigen Einkäufe, ließ sie nach Hause schaffen, und ein paar
559 2856 1783 2924 Worte begleitete. Aber in ihrer Stimme klang eine leise Ver¬
162 2863 565 2941 nnen, die Sie be¬
1792 2869 3012 2933 Minuten vor sieben Uhr spazierte er in der Wilhelmstraße
563 2899 925 2966 sprechung nach.
1797 2910 3021 2957 auf und ab, diesmal nicht mit der romantischen Kopfbedeckung
621 2931 1778 2998 Als Dr. Gräsler wieder in seinen vier Wänden war, stellte
1786 2942 3015 3007 von gestern, sondern, um minder auffällig zu erscheinen, und
156 2939 555 3026 sich nickte sie jeman¬
1789 2991 3018 3052 auch, wie er sich einbilden wollte, um Katharinens Gefühle
573 2983 1780 3051 das Bild Sabinens mit sehnsüchtiger Macht sich ein. Er fühlte
165 3002 554 3061 ging, freundlich zu.
1792 3036 3005 3087 auf ihre Echtheit zu prüfen, mit dem altgewohnten steifen,
568 3039 1776 3082 das unabweisbare Bedürfnis, ihr zu schreiben, und wären
145 3054 546 3104 en Handwerkers ge¬
1789 3075 2106 3141 schwarzen Hut.
569 3080 1789 3128 es auch nur ein paar Worte. So teilte er ihr denn mit, daß
141 3090 552 3151 er ein Paket in der
563 3121 1775 3176 er wohlbehalten angelangt sei, sein Haus in bester Ordnung
1841 3108 3011 3184 Er betrachtete eben eine Auslage, als Katharinens Stimme
159 3128 558 3193 scheinend ohne von
567 3161 1775 3213 vorgefunden, mit seinem alten Freund Böhlinger eine ernste,
1797 3171 3014 3235 hinter ihm erklang: „Guten Abend, Herr Doktor.“ Er wandte sich
159 3177 554 3228 s ist nämlich mein
568 3202 1776 3264 aber nicht abschließende Unterredung geführt habe, daß er
1787 3209 3021 3246 um, reichte ihr die Hand und freute sich der anmutigen, wohl¬
165 3221 554 3288 schon bei uns oben.
562 3236 1772 3312 morgen, um die Zeit nicht ungenützt verstreichen zu lassen,
1788 3251 3015 3309 gekleideten Erscheinung, in der gewiß jedermann eine gut¬
567 3288 1779 3336 das Krankenhaus besuchen werde, wo einer seiner alten
1790 3296 3015 3355 erzogene Bürgerstochter vermutet hätte, wofür sie ja auch,
157 3283 549 3363 nehmlichkeit daraus
572 3315 1778 3379 Studienkollegen, wie er ihr ja gelegentlich erzählt, einer Ab¬
1789 3328 3006 3384 wie sich Dr. Gräsler sofort sagte, als Tochter eines Staats¬
174 3343 557 3416 o nahe bis an Ihr
567 3370 1781 3427 teilung vorstehe, und er unterschrieb die hastigen Zeilen: „In
1789 3377 2518 3435 beamten unbedingt zu gelten hatte.
1844 3397 3013 3486 „Was denken Sie wohl.“ fragte sie gleich, „wofür mein
213 3399 557 3481 ist man doch
567 3454 1775 3495 die Straße und trug den Brief selbst auf den Bahnhof, damit
1790 3460 2499 3518 Schwager Sie gestern gehalten hat?“
170 3472 555 3538 Hause, mit wem sie
562 3491 1788 3563 er noch mit dem Nachtzug seiner Bestimmung entgegenreise.
1856 3492 3011 3565 „Davon habe ich keine Ahnung: Auch für einen
1805 3544 2186 3616 Portugiesen etwa?“
1112 3538 1240 3604 IX.
1854 3571 3000 3651 „Nein, das nicht. Aber für einen Kapellmeister. Er sagte,
615 3579 1771 3660 Am nächsten Morgen, wic er es Sabine in seinem Brief
1789 3627 2999 3696 Sie sehen gerade so aus wie ein Kapellmeister, den er einmal
149 3630 1770 3709 en Uhr, Wilhelm= versprochen, begab sich Dr. Gräsler ins Krankenhaus, wurde
559 3680 2066 3728 vom Primarius freundlich willkommen geheißen und bat um gekannt hat.“
2547 3673 2969 3752 (Fortsetzung folgt.)
