3392 4256
1474 169 1854 266 box 7/5
177 183 1339 263 4.2. Weihnachtseinkaeufe
421 242 1363 315 A 4 C . .
2262 694 2635 781 1
2280 775 2636 846 Telefon 12801.
2007 862 2797 956 'nternehmen für Zeitungs-Ausse
736 879 1097 939 Telefon 12801.
434 958 1369 1054 Unternehmen für Zeitungs-Ausschnitte.
2155 939 2738 1070 „OBSERVER
1440 985 1658 1069 Ausschnit
1881 1044 2929 1125 Ubehördl. concess. Bureau für Zeitungsberichte und Perse
1370 1062 1499 1145 Nr.
592 1046 1216 1163 „OBSERVER“
2034 1117 2895 1217 Wien, IX/1 Türkenstrasse 17.
194 1148 1648 1236 I. österr. behördl. concess. Bureau für Zeitungsberichte und Personalnachricht en
1974 1191 2954 1280 Filiale in Budapest: „Figyelö“, VIII. Josefsring 31a. —
487 1232 1354 1321 Wien, IX/1 Türkenstrasse 17.
427 1301 1399 1376 Filiale in Budapest: „Figyelö“, VIII. Josefsring 31a.
1708 1316 2856 1429 Ausschnitt aus: Teue Büricher Seitund
184 1456 1332 1537 Ausschnitt aus: Breslauer Zeitung
1723 1440 2201 1544 10
199 1572 665 1684 2% S3.
344 1649 1577 1733 Von Schnitzler hörten wir eine köstlich feine Skizze aus
289 1677 1574 1781 seinem ersten und immer noch weitaus besten Werke „Anatol“
276 1752 1573 1830 In diesem Genre ist Salzer schlechterdings unvergleichlich. Mit
281 1808 1573 1867 hoher Künstlerschaft las er auch Liliencrons „Mine und
283 1843 1570 1936 Stine“ wo ein Recitator gewöhnlichen Schlages auf den komischen
277 1887 1577 1971 Effekt hingearbeitet haben würde. Zu Salzers schönstem Lobe
276 1949 1571 2031 aber sei gerühmt, mit wie erschütternder Wirkung er durch den
279 1983 1583 2069 trunknen Humor den tragischen Unterton hindurchklingen ließ.
299 2028 1578 2121 Bruder Liederlich" und „Die Musik kommt“, mit denen er endete,
290 2078 1098 2162 schlugen natürlich wieder zündend ein.)
1941 2090 2962 2178 ser in sprühender Plauderei eine Charakteristik des
967 2117 1491 2205 — Hans Heilmann.
1961 2151 2941 2201 gegenwärtigen Litteraturlebens von Wien und seiner!
1972 2176 2954 2252 bebeutendsten Vertreter, ein Bild, das sich wesentlich
1980 2229 2943 2292 mit dem deckt, das letzten Samstag als Vorbereitung
1979 2259 2946 2339 für diesen Abend im Feuilleton unseres Blattes er¬
1966 2314 2946 2373 schienen ist. In einer Reihe von Rezitationen, die
1963 2360 2946 2423 zwischen den dunkeln Tönen tiefsten Weltschmerzes und
1963 2409 2946 2472 dem Geklingel übermütigen Humors hin= und her¬
582 2284 1574 2489 Ked
1975 2448 2937 2514 schwebend den Stimmungsgehalt des modernen Wiener¬
1968 2491 2939 2558 lebens mit dem ganzen Schmelz österreichischer Schwer¬
1970 2541 2939 2594 mut, mit der ganzen Anmut wienerischen Leichtsinns
1969 2586 2951 2648 wiedergaben, führte er die Musen I. J. Davios, Peter
1974 2628 2940 2685 Altenbergs, Hermann Bahrs, Hugos von Hoffmann¬
1975 2670 2944 2731 thal, Anton Lindners, Arkiue Schnitzlers und Chr.
1970 2712 2950 2785 G. Morgensterns in charakteriftischer Allswahl ihrer
1965 2762 2940 2837 poetischen Werke vor. Durchbebten die Strophen J. J.
1984 2799 2946 2864 Davids und Hugo von Hoffmannthals ergreifende
1720 2840 1826 2921 Für
1835 2851 2939 2900 50 Zeit Klänge der Entsagung, die man nie und nimmer aus
560 2861 1256 2942 Bezugs-Bedingungen.
1824 2897 1921 2949 100
3049 2896 3114 2957 ive
2944 2887 3015 2950 inc
1974 2895 2948 2967 dem lebenslustigen Wien erwarten würde, so gewann
2964 2934 3088 2969 Porto.
1186 2916 1385 2985 fl. 7.50
1816 2938 1922 2983 200
173 2923 1124 2998 Für 50 Zeitungsausschnitte (Artikel oder Notizen)
2952 2962 3117 2999 Zahlbar
1986 2936 2947 2999 in der Humoreske, die schöne Frau“ von Hermann
1402 2955 1580 3007 inclusive
1180 2968 1362 3029 „ 14.—
1817 2975 1925 3025 500
1413 2999 1566 3037 Porto.
1981 2975 3136 3036 Bahr, in Schnitzlers Dialog „Weihnachtseinkäufe“ und jim Voraus
1251 3006 1353 3051 25.—
1208 3021 1248 3073 „
1802 3013 1914 3071 1000
1408 3024 1569 3066 Zahlbar
264 3018 380 3076 200
1990 3019 2940 3098 dem Lebens= und Sittenbild „das Pferd“ von Morgen¬
1255 3034 1599 3117 55.— im Voraus
1206 3059 1253 3103 „
1851 3054 1943 3115 Im
261 3066 376 3110 500
2937 3040 3173 3115 ste ist dlas
1994 3085 2931 3134 stern jenes legendäre Wien, das so leicht zum Lachen,
1212 3087 1353 3144 „ 100.—
1745 3101 1981 3156 Abonnement
2935 3100 3175 3173 leht es den
209 3101 386 3168 „ 1000
1989 3126 2929 3177 so leicht zum Weinen neigt, in nervös sprühenden,
308 3119 1636 3189 Im Gegensatze zu anderen Bureaux für Zeitungsausschnitte ist das
1739 3143 1975 3203 Abonnenten
2944 3145 3072 3202 dern.
1218 3165 1636 3227 — auch steht es den
1993 3160 2937 3224 springenden Gedanken und Bildern vielfältigen Aus¬
200 3173 1220 3243 Abonnement durch keine bestimmte Zeitlauer begrenzt;
1990 3212 2950 3272 druck und reiche Geltung und die fast zweistündige
206 3210 1533 3281 Abonnenten frei die aufgegebenen Theinen zu ergänzen oder zu ändern.
1985 3244 2957 3314 Darbietung gestaltete sich zu einem starken vollen Er¬
1984 3290 2959 3352 folg für den Interpreten, der mit gleicher souveräner
1993 3339 2956 3396 Macht die Zuhörer zum tiefsten Mitschmerz wie zu
1993 3378 2965 3444 hellem Lachen der Schaltheit und innersten humorvollen
1988 3422 2959 3494 Behagens mitreißt. Es liegt etwas Ursprüngliches in
1991 3465 2955 3531 der rezitierenden Kunst Salzers, das den Zuhörer
2500 3521 2542 3556 16
1983 3515 2960 3583 willig auf seine Art der Ausführung eingehen läßt
1987 3575 2756 3639 und ihm nachhaltige Sympathien sichert.
