3392 4256
1471 124 1872 238 box 7/5
410 139 1351 224 Neihnachtseinkaeufe
176 150 1360 268 4.2. Jeinndehtsernnasche
2306 840 3206 937 ebuhineer Mire munnge imkkuin untenwir
1515 853 2086 963 mrgee W Maenn
3121 907 3297 985 Anat
1779 919 3072 988 greisen, daß mein einziger Gewinn aus dieser melancholischen
789 933 1580 1044 Weihnachtseinkäufe.
1787 956 3288 1028 Tierschau die Erinnerung an Wilhelm Busch war: Entsagung es gibt keine
3130 1014 3290 1086 Gabr
1783 1031 2343 1094 Inennt man das Vergnügen.
254 1013 1538 1150 Ta Kllua 6 Dialog frei nach Schnitzler.
1886 1046 3054 1116 Gabriele: An Dingen, welche wir nicht kriegen. Ich
3128 1068 3294 1143 Anat
875 1074 1798 1176 In der „Kötnischen Jeltung Anden=wir die folgende
1796 1104 3039 1172 weiß. Ihre philosophische Erkenntnis dürfte sich noch auf andere
3022 1103 3282 1187 so würdesich
754 1128 1162 1219 reizende Planderei:
1778 1169 3031 1240 Dinge als auf Gänse beziehen Die Preise sind in diesem Jahre
3021 1166 3270 1238 immer ein
299 1141 776 1271 30 3fl 1919
1244 1152 1774 1249 Berlin, im Dezember
3021 1208 3303 1288 das alles wie
641 1224 3024 1281 Abends um 6 Uhr in einem Fahrstuhl bei Wertheim. Das Ge= derartig, daß einem die Haut schaudert! Und doch will man seine
1791 1264 2541 1341 Lieben gern mit irgendetwas eifreuen.
3027 1264 3296 1333 Weiß man d
523 1264 1800 1325 dränge ist auf der Höhe. Man steht so dicht, daß man sich nicht das
1897 1284 3305 1393 Anatol: Gerade deshalb! Unsere Sentimentalität ist und wanm
544 1310 1806 1368 Schnuvftuch aus der Tasche ziehen kann Anatol und Gabriele tresfen
539 1353 1802 1418 sich, als sie von entgegengesetzten Seiten in den Fahrstuhl hineinstürzen.
1788 1330 2701 1435 immer das beste Geschäft — für die anderen.
3130 1367 3287 1432 Galb
531 1388 1115 1466 Sie trägt eine Anzahl Pakete.
1888 1372 3049 1450 Gabriele: Sehen Sie nut diesen Stoff da, von dem
3027 1391 3288 1499 dieser Dame
653 1405 1807 1496 Anatol: Sie hier, gnädige Frau? Wieder wie damals
1782 1442 3044 1534 ich vor dem Kriege das Meter für Mark 2 40 kaufte! Heute
1529 1467 1821 1536 Wissen Sie
3126 1475 3300 1547 Ama
540 1456 1450 1534 in Wien, als der Schnee auf der Straße fiel.
1788 1499 2847 1571 kostet er 36 Mark das Meter. Was sagen Sie dazu?
528 1516 1808 1602 noch? Und jetzt sind Sie in Berlin! Aber geben Sie mir Ihre
1884 1527 3290 1619 Anatol: Ich sage, daß das Weihnachtsiest ein organi= schenken
544 1574 730 1643 Pakeie!
1791 1579 3289 1654 sierter Raubiug der Wucherer und Schieber ist, die uns schon Abschreckung
649 1590 1793 1702 Gabriele: Aber nein! Sie können sich ja ohnehin
3130 1629 3234 1696 Ga
1782 1628 3045 1716 seit drei Jahren ausplündern! Unter der Losung „Gemüt und
532 1661 838 1746 nicht rühren.
1784 1690 3033 1766 Prozente“ nehmen sie uns das Zehnfache der Friedenspreise ab.
647 1701 1801 1793 Anatol: So nehm' ich sie, sobald wir herauskommen.
3029 1714 3297 1806 nicht, von d
2784 1740 3047 1812 1 die Spiel¬
1898 1744 2672 1817 Gabriele: Und hier, sehen
536 1749 1466 1830 Sie wollen für den Heirn Gemahl einkausen?
2991 1787 3298 1871 Schritte von
1779 1788 2807 1863 waren! Meinem Jungen wollte ich diesen kleinen
646 1786 1664 1883 Gabriele: Und Sie — für jemand anders?
3019 1832 3271 1895 und Weber,
1096 1839 2756 1916 für jemand. Freuen Sie sich ein der roten Schabracke # er sieht so hübsch aus —
649 1853 1023 1929 Anatol: Ja
3139 1876 3296 1958 Wlasichr
1795 1896 2840 1969 Wissen Sie, was man mir als Preis nannie? — 22
526 1901 1799 1978 bißchen auf Weihnachten? Gar hicht lustig sehen Sie eigentlich aus.
1888 1933 2995 2000 Anatol: Aber die Spielwa### snd sonst hübsch Sehe
657 1950 1804 2015 Gabriele: Ja, das Lachen ist uns wohl ein bißchen
1791 1973 2990 2054 Sie nur, die Teddybären dort in laufene Abarten! Und d
536 1994 1796 2061 vergangen. Und die, der leichtsinnige Melancholiker, der Sie
1797 2035 3063 2103 kleinen fahrbaren Schaukeln — allerdings kostet jede sechs Mark!.
535 2048 1791 2116 noch immer sind — kaufen Sie wieder ein für ein Mädchen aus
1797 2084 3172 2155 und die niedlich ausgestatteten Küchen kaum so teuer wie ganz
538 2101 1790 2180 Wilmersdorf mit kurzen Röcken und schlanken Tanzbeinen? Oder
3020 2116 3269 2188 mit überti
1773 2129 3039 2195 wirkliche Küchenmöbel. Aber das ist was für die Jungen und
536 2148 1588 2226 für eine blonde Charlottenburger Schreibmaschinistin?
3019 2171 3284 2235 Lust strecken¬
1783 2190 3032 2254 Mädel! Sehen Sie nur, wie sie mit roien Backen davorstehen
646 2201 1386 2264 Anatol: Gnädige Frau, ich —
3033 2218 3254 2278 die ihre
659 2224 1802 2325 Der Fahrstuhl langt in der Höhe des dritten Stockes an. Die
1890 2241 3037 2306 Gabriele: Nur die Bleisoldaten sind selten geworden.
3166 2266 3250 2323 en.
3022 2268 3115 2325 ven
531 2279 1573 2340 zusammengepreßte Menge zeistreut sich nach allen Seiten.
1889 2286 3039 2368 Anatol: Ja — deren Zeit ist vorbei! Es wird sogar
660 2322 3067 2420 Anaiol: Ich habe kein Mädchen in Charlottenburg, für in den Zeitungen gegen sie, geschrieben. Wunderlich in einem
542 2380 3050 2449 das ich einkausen mäßte. — Heute abend dachte ich gerade leb= Lande, wo die Jungen sonst mit nichts lieber spielten als mit
546 2443 2090 2504 haft an Sie, gnädige Frau! Und das Gesühl, daß ich Sie Bleisoldaten!
2995 2445 3292 2524 sich mit über
540 2485 1416 2550 irgendwann einmal wieder treffen müßte —
1897 2475 3299 2560 Gabriele: Es hat seine Gründe. Aber Sie, wollten hilflose Mai
663 2506 1810 2592 Gabriele: Das ist ganz und gar nicht wahr. Sie
1784 2534 3047 2619 Sie nicht auch etwas kaufen? Was würde Ihrer Charlotten¬
3200 2556 3267 2619 a b
541 2571 1811 2639 dachten in ganz anderes. Ich habe Sie nämlich schon unten auf
3025 2580 3242 2687 schenken?!
526 2641 3047 2686 der Straße geiehen. Sie startten melancholisch in einen Delikateß, buigerin gut passen? Etwa der Teddybär dort mit dem blauen
526 2642 3041 2727 laden, wo gemästelete Gänse auslagen. — Und Ihre Blicke ver= Halsband? Oder jene Astrachanstola? — Das liebt man doch
1794 2702 2300 2777 sicher in Cherlettenburg?
3022 2687 3129 2770 Furc
525 2724 984 2799 rieten eine Gier —!
1894 2735 2820 2825 Anatol: Gnädige Frau — das ist nur —!
3007 2764 3144 2837 Zeit
649 2750 1807 2835 Anatol: Ich überlegte mir nur, ob die Gänse, als sie
1881 2789 3188 2864 Gabriele: Vielleicht auch eine imitierte Korallenkette? auch da
541 2800 1800 2874 das Kapitol retteten, bereits so hoch eingeschätzt wurden., wie
535 2864 3284 2940 heute. Gestern hatte man mir einhundertachtzig Mark für eine Sehen Sie nur, schön rosa — beinahe Venedig, Markusplatz. So Diese kleinen
3018 2901 3297 2984 Mark das #
525 2904 2236 2996 leidlich sette Gans abverlangt. Einhundertachizig Mark! Sie be= helfen Sie mir doch !
