3392 4256
298 94 830 138 e e
290 118 1455 191 Ich passe auch gar nicht mehr in das heutige Wiener Leben.
292 161 1451 222 Bei lebendigem Leib aussterben und historisch werden, das
289 211 1110 291 ist eine sehr unangenehme Beschäftigung.
397 255 1282 321 Gabriele: Und was machen Sie sonst?
400 295 1464 377 Anatol: Dasselbe, wie in meiner Jugend: nichts.
306 344 1121 421 Aber damals war das viel rentabler ...
395 387 1397 456 Gabriele: Sie haben ja schon eine Menge ei
298 425 1494 529 gekauft. Erlauben Sie, daß ich Ihnen einige Pahete abnehm##
898 681 1239 753 Wien, Sonntag
482 687 661 751 2060
400 788 1473 847 Anatol: Gabriele, Ihre Liebenswürdigkeit tut weh.
308 826 1478 896 Damals habe ich Ihnen die Packerln getragen ... Aber
320 889 1473 940 ich sage nicht Nein. Bei dem Wetter spüre ich immer das
326 914 1479 977 Rheumatische. Wenn ich nur schon mit meiner Liste
312 974 579 1046 fertig wäre.
408 1021 1475 1085 Gabriele: Soviel Geschenke machen Sie? Sie
310 1058 928 1128 haben doch gar keine Familie.
404 1099 1471 1160 Anztol: Eine nicht, aber viele. Da sind vor allem
308 1155 892 1218 die Kinder meiner Schwester.
407 1203 1337 1258 Gabriele: Als Onkel muß man doch nicht ¬
402 1254 1475 1300 Anatol: Als Onkel muß man sogar sehr viel. Der
319 1287 1476 1346 Vatr kann sich auf die schlechten Zeuen ausreden. Der
324 1342 1042 1406 ledige Onkel ist immer gut situiert.
416 1373 1476 1455 Gabriele: Fün Kinder gibt es jetzt so hübsche
316 1421 556 1513 Geschenke.
425 1467 1470 1526 Anatol: Sogar vielzuviel. Aber ich weiß doch nicht,
315 1515 1061 1588 was heutigen Kindern Freude macht.
406 1564 1485 1633 Gabriele: Etwas, womit sie sich nützlich be¬
321 1617 708 1676 schäftigen können.
408 1656 1490 1711 Anatol: Vielleicht eine Stoßpudel? Oder ein
328 1711 1484 1775 Kasperltbeater? .. . Sehen Sie, das hat mir als Buben
326 1757 1474 1817 die größte Freude gemacht. Vor meinem Herrn Neffen
322 1807 1486 1866 wülde ich mich damit schön blamieren. Auf den macht nur
325 1848 1478 1901 Technisches Eindruck. Und seine unschuldigen Kinderaugen
321 1900 1477 1965 sind am heiligen Abend unter 150 Schilling für eine
328 1945 1485 2027 Schwachstromlokomotive nicht zum Aufleuchten zu bringen.
404 1994 1473 2057 Gabriele: Und was schenken Sie Ihrer kleinen
310 2042 1479 2110 Nichte? Die heutigen Gymnasiastinnen haben am liebsten
330 2096 496 2170 Bücher.
418 2112 1488 2187 Anatol: Weiß ich Unlängst habe ich andeutungs¬
317 2180 1478 2236 weise die Namen Klara Kron und Marlitt erwähnt. Da
315 2233 1477 2287 hätten Sie den zwolfjährigen Fratzen hören sollen: „Aber,
316 2275 1482 2339 Onkel Anatol, nur keine altmodischen Mäderlgeschichten.
321 2322 1310 2393 Ich möchte einen wirklichen, erwachsenen Roman.“
420 2366 1481 2432 Gabriele: Sind Sie denn nur mehr Onkel? Sie
323 2417 1483 2475 werden doch noch andere Menschen zu beschenken haben. Bei
318 2474 1398 2539 Ihren vielfachen Beziehungen zu weiblichen Wesen —.
409 2522 1481 2581 Anatol: Die Beziehungen habe ich noch immer,
326 2575 1486 2621 aber die weiblichen Wesen haben sich stark verändert. Eine
328 2602 1483 2681 alte Dame bei der ich jeden Sonntag zum Mittagessen ein¬
318 2656 1484 2720 geladen bin. Streng diät, nachher eine Stunde Thermophor
329 2700 1478 2763 auf dem Magen. Dann habe ich noch meine Wirtschafterin,
328 2750 1478 2807 meine Hausbesorgerin und die Pythia, die mir jeden Monat
325 2781 1491 2856 aus den Karten wahrsagt, daß über einen kleinen Weg eine
315 2836 1477 2903 große Ueberraschung kommt. Und es stimmt auch, denn ich
328 2896 1384 2957 wohne in der nächsten Nähe der Steueradministration
421 2909 1488 3001 Gabriele: Also kein leichtsinniger Melancholiker
319 2987 454 3061 mehr
412 3032 1481 3084 Anatol: Eher ein melancholischer Minder¬
606 3071 1483 3159 .Und wie geht es Ihnen, Gabriele? Noch
318 3076 561 3149 bemittelter
322 3123 765 3205 immer unverstanden?
417 3131 1487 3225 Gabriele: Alles vorbei. Jetzt gibt es leider nichts
324 3218 1480 3275 mehr zu verstehen.. Und seitdem mein Mann sich vom
329 3253 1475 3312 Geschäft zurückgezogen hat, ist er ein so verläßlicher und
325 3295 1475 3385 anständiger Mensch geworden . . . Und das fehlt eben auch
317 3358 484 3440 Ihnen.
424 3372 1062 3463 Anatol: Die Anständigkeit?
427 3421 1474 3510 Gabriele: Die Ehe. Wenn Sie jetzt eine Frau
327 3478 1476 3551 hätten da wäre das Einkaufen, der Weihnachtsabend und
325 3516 1474 3596 alles schöner. Ich wüßte jemanden für Sie. Kein süßes
326 3580 1475 3649 Mädel, sondern eine Cousine von mir. Nicht mehr ganz jung,
320 3624 1371 3692 nicht unhübsch, sehr gebildet, häuslich und musikalisch¬
426 3660 1471 3751 Anatol (unvermittelt): Also, dann leben Sie
327 3719 450 3809 wohl
421 3749 1476 3825 Und der letzte, alte Jungwiener verschwindet im Ge¬
317 3806 1479 3865 dränge des Goldenen Sonntags, dorthin, woher er offenbar
319 3851 1465 3917 kam: in das Schaufenster einer Buchhandlung, und auf
330 3898 1473 3980 einmal ist es nur ein antiquarischer Band, der hier bescheiden
326 3956 1004 4030 neben den Neuerscheinungen steht.
443 4044 687 4142 LT
1484 3382 1621 3495 Do
1489 3525 1640 3619 We
1490 3642 1624 3708 mitg
1488 3692 1612 3756 mach
1491 3739 1610 3802 teiln
1498 3816 1609 3896 eige
1494 3883 1601 3941 rich
1496 3930 1574 3994 gro
1483 3975 1591 4035 son'
1479 4069 1592 4139 di
1616 180 1852 275 4.2
1599 713 1750 813 —
1852 181 2753 249 Neihnachtseinkaeufe
1850 220 2763 288 I    1
2891 175 3265 267 box 7/5
