3484 4256
295 146 1141 248 13. Haus belorne
1287 165 1737 258 box 19/4
908 1213 1313 1301 Telephon 12801.
530 1288 1683 1380 Alex. Weigls Unternehmen für Zeitungs-Ausschniite
716 1365 1491 1489 „OBSERVER“
540 1489 1666 1578 I. österr. behördl. konz. Bureau für Zeitungsberichte u. Personalnachrichten
730 1561 1507 1649 Wien, I., Concordiaplatz 4.
955 1624 1257 1695 Vertretungen
541 1665 1646 1744 in Berlin, Budapest, Chicago, Genf, London, Now-York,
539 1709 1646 1790 Paris, Rom, Mailand, Stockholm, Christiania, St. Petersburg.
808 1757 1382 1822 (Quellenangabe ohne Gewähr.)
870 1819 1604 1918 Journal des Débats, Paris
522 1841 1011 1939 Ausschnitt aus
524 1935 738 2012 vom:
794 1941 1049 2023 25 1. 1904
1121 2006 1201 2069 5
862 2080 1245 2157 ALLEMAGNE
562 2127 1576 2220 La nouvelle piéce de l’auteur viennois Arthur
519 2173 1565 2256 Schnitzler: La Maison Delorme, qui devait étre re¬
528 2219 1570 2312 SIEEE Sous peu sur la scène du Petit-Théätre de
523 2242 1569 2351 Berlin, vient d’étre interdite par la Censure, comme
524 2309 1564 2396 olfensant les bonnes meurs, II est assez piquant
528 2359 1560 2426 d’observer que l’interdiction de la Censure a été pro¬
529 2393 1573 2496 noncée avec l’approbation unanime, pour ne pas
526 2443 1564 2524 dire à la requéte des comédiens du Petit-Théätre
518 2461 1564 2595 qui désapprouvaient fort, des le premier jour, les
495 2517 1303 2603 hardiesses de la piece de M. Schnitzler.
1979 141 3066 243 Alex. Weigis Uniernehmen für Zeitungs-Ausschnilte
2153 242 2839 348 „OBSERVER“
1960 340 3068 432 L. österr. behördl. konz. Bureau für Zeitungsberichte u. Personalnachrichten
2142 415 2910 488 Wien, I., Concordiaplatz 4.
2375 483 2658 546 Vertretungen
1959 526 3068 600 in Berlin, Budapest, Chicago, Genf, London, New-York,
1954 577 3076 632 Paris, Rom, Mailand, Stockholm, Christiania, St. Petersburg.
2224 623 2785 691 (Quellenangabe ohne Gewähr.)
1939 700 2424 775 Ausschnitt aus:
1945 744 3157 865 vom: 25 11. aNeues Wiener Tagblatt
1924 947 2870 1056 Theater, Kunst und Aiteratur.
2223 1041 2575 1131 Haus Belorme.
2039 1107 2774 1182 (Eine Richtigstellung von Arthur Schnitzler.)
1982 1162 2929 1235 Ueber den Einakter „Haus Delorme“ der bekanntlich
1895 1204 2907 1273 noch vor seiner Aufführung lebhafte Debatten hervor¬
1900 1252 2917 1327 gerufen, hat sich gestern Arthur Schnitzler einem Mit¬
1896 1316 2913 1366 arbeiter unseres Blattes gegenüber in folgender Weise ge¬
1892 1342 2923 1413 äußert: „Mein Einakter „Haus Delorme“ gehört zu einem
1894 1393 2923 1469 geplanten Cyklus von Familienszenen, die in verschiedenen
1896 1451 2912 1500 Gesellschaftsklassen spielen. Ich nenne diese Szenen Bur¬
1892 1481 2917 1546 lesken und deute damit die Tonart an, in der sie gehalten
1905 1533 2924 1591 sind. Ich las den Einakter im vorigen Sommer einem
1893 1590 2931 1640 intimen Kreise vor, wo er die von mir beabsichtigte Wirkung
1897 1619 2928 1683 übte: er weckte lebhafte Heiterkeit. Daß er anstößig sei oder
1897 1658 2929 1736 den Schauspielerstand verunglimpfe, diese Empfindung haite
1907 1716 2925 1774 niemand in diesem Kreise, in dem sich auch Damen be¬
1909 1754 2921 1827 fanden. In gleicher Weise urteilte auch Direktor Reinhart,
1900 1824 2915 1866 der das Stück für die „Kleine Bühne“ erwarb, wo es gleich¬
1897 1853 2939 1928 zeitig mit zwei anderen Einaktern von mir zur Aufführung
1893 1895 2920 1983 gelangen sollte. Als ich vorige Woche nach Berlin kam,
1891 1942 2927 2018 waren die Proben bereits in bestem Gange. Wie sonst bei
1897 2005 2919 2048 den Proben meiner Stücke, nahm ich kleine Aenderungen
1901 2040 2932 2098 und Milderungen vor. Ich machte nicht die geringste Wahr¬
1892 2081 2923 2180 nehmung, daß unier den Darstellern eine Animosität gegen
1905 2134 2946 2191 „Haus Delorme“ herrsche; ich hörte auch keine Andeutung.
1893 2173 2927 2243 daß der Schauspielerstand durch diesen Einakter entwürdigt
1906 2204 2931 2293 werde. Die Aufführung konnte bloß aus dem Grunde nicht
1897 2256 2932 2340 staitfinden, weil die Zensurbehörde in letzter Stunde er¬
1906 2316 2929 2383 klärte, daß sie noch keine endgiltige Entscheidung gefaßt
1891 2362 2930 2426 habe. Umso größer war meine staunende Ueberraschung, als
1907 2411 2917 2473 ich in den Berliner Zeitungen las, daß die Dar¬
1911 2457 2928 2527 steller des „Kleinen Theaters“ über das Stück, darin sie
1906 2507 2924 2568 eine Degradierung ihres Standes erblicken, in peinliche
1905 2547 2945 2613 Aufregung versetzt worden seien und mit einem Streik
1910 2592 2930 2653 drohen. Dieses Gerücht, das bereits als Taisache aus¬
1905 2643 2927 2707 gegeben wurde, entsprang offenbar aus unbegründeten Mit¬
1914 2696 2931 2750 teilungen einiger Schauspieler und der Fall wäre völlig
1914 2741 2948 2802 bedeutungslos, wenn hiebei nicht eine Erscheinung zutage
1902 2787 2924 2842 getreten wäre, gegen die ich entschieden protestieren muß.
1908 2826 2932 2893 Einige Zeitungen haben den angeblichen Inhalt meines
1906 2881 2936 2937 Stückes erzählt. Es ist wohl das erste Mal, daß auf Grund
1913 2930 2934 2983 eines Coulissenklatsches die Fabel eines Bühnenwerkes, und
1907 2972 2932 3031 dazu noch in völlig entstellter Weise, wiedergegeben wurde,
1912 3024 2931 3075 ehe es der Autor der Oeffentlichkeit und der Kritik in der
1912 3075 2939 3133 von ihm selbst gutgeheißenen Form zu der ihm passenden
1914 3107 2930 3179 Zeit unterbreitet hat. Das ist eine noch nicht dagewesene
1905 3157 2937 3226 Verletzung eines verbrieften Autorrechtes. Aber man ist
1915 3216 2931 3267 noch weiter gegangen. Auf Grund dieser entstellten Inhalts¬
1905 3250 2935 3305 angabe des Einakters hat man über mich das kritische Richt¬
1912 3309 2932 3351 schwert geschwungen. Man hat mich beurteilt und verurteilt.
1910 3345 2935 3409 Gegen diesen Vorgang, der meines Wissens keinen Prä¬
1911 3393 2927 3441 zedenzfall hat, muß ich energisch Verwahrung einlegen. Das
1906 3434 2928 3496 ist das einzige beachtenswerte Moment in dieser Angelegen¬
1914 3470 2932 3545 heit. Ueber die Frage, ob Bühnenkünstler berechtigt seien,
1909 3528 2933 3582 Schauspielerstücke unter dem Vorgeben, daß sie ihr Standes¬
1901 3575 2929 3636 bewußisein verletzen, abzulehnen, könnte ich nur in akademi¬
1911 3620 2933 3676 scher Weise antworten und meine Antwort würde hiebei
1912 3673 2926 3724 vollkommen mit jener Ansicht übereinstimmen, die in Ihrem
1908 3716 2933 3770 Blatte bei der Besprechung dieser Frage entwickelt wurde.
1914 3756 2936 3818 Schließlich möchte ich nochmals betonen, daß ein Verbot
1902 3804 2920 3867 des Einakters bis jetzt wenigstens nicht erfolgt ist. Hoffent¬
1902 3848 2942 3912 lich wird er bald freigegeben. Dann erst wird der Moment
1896 3899 2934 3962 kommen, da die Kritik ihr Urteil über mein Werk abzugeben
1912 3939 2159 3998 haben wird.“
