3436 4256
353 168 1210 280 13. Haus Delorne
1372 190 1796 279 box 19/4
563 1669 1556 1765 ADOLF SCHUSTERMANN
423 1733 1656 1842 ZEITUNGSNACHRICHTEN-BUREAU
624 1811 1470 1895 BERLIN O. 27, BLUMEN-STRASSE 80-91.
605 1918 1593 2039 Zeitung: Breslauer Morgenzeitung
597 2017 1095 2120 Adverse: Breslau.
1271 2087 1622 2188 2 6. 10 N. 19008
469 2129 795 2230 da Datum:
405 2191 1628 2273 Schnitzler über sein verbotenes Stück. Ueber den Einakter „Hau
339 2250 1646 2310 „Delorme“, der in Berlin nicht rechtzeitig zur Aufführung freigegebei,
352 2302 1649 2364 wurde, hat sich Arthur Schnitzler einem Ausfrager gegenüber in
352 2330 1636 2393 folgender Weise geäußert: „Mein Einakter „Haus Delorme“ gehört zu
350 2376 1643 2424 einem geplanten Zyklus von Familienszenen, die in verschiedenen Ge¬
352 2403 1645 2461 sellschaftsklassen spielen. Ich nenne diese Szenen Burlesken und deute
342 2459 1635 2509 damit die Tonart an, in der sie gehalten sind. Ich las den Einakter im
352 2479 1643 2531 vorigen Sommer einem intinen Kreise vor, wo er die von mir beab¬
357 2522 1632 2575 sichtigte Wirkung übte: er weckte lebhafte Heiterkeit. Daß er anstößig
345 2562 1644 2621 sei oder den Schauspielerstand verunglimpfe, diese Empfindung hatte
352 2594 1640 2654 niemand. Als ich vorige Woche nach Berlin kam, waren die Proben
344 2632 1643 2702 bereits in bestem Gange. Ich machte nicht die geringste Wahrnehmung,
344 2673 1619 2740 daß unter den Darstellern eine Animosität gegen „Haus Delorme“
344 2714 1632 2767 herrsche; ich hörte auch keine Andeutung, daß der Schausvielerstand
337 2734 1642 2811 durch diesen Einakter entwürdigt werde. Die Aufführung konnte bloß
353 2788 1652 2845 aus dem Grunde nicht stattfinden, weil die Zensurbehörde erklärte, daß
344 2831 1653 2879 ssie noch keine endgiltige Entscheidung gefaßt habe. Um¬
347 2865 1635 2930 so größer war meine Ueberraschung, als ich in Berliner Zeitungen las,
346 2930 1647 2958 daß die Darsteller des „Kleinen Theaters“ über das Stück, darin sie eine
342 2938 1655 2997 Degradierung ihres Standes erblicken, in peinliche Aufregung versetzt
348 2981 1657 3031 worden seien. Dieses Gerücht entsprang offenbar aus Mitteilungen
347 3029 1636 3077 einiger Schauspieler und der Fall wäre bedeutungslos, wenn hierbei nicht
345 3058 1633 3120 eine Erscheinung zu Tage getreten wäre, gegen die ich protestieren mäß
346 3104 1629 3152 Einige Zeitungen haben den angeblichen Inhalt meines Stückes erzähl
339 3148 1625 3191 Es ist wohl das erste Mal, daß auf Grund eines Coulissenklatsches di
338 3166 1642 3224 Fabel eines Bühnenwerkes, und dazu in entstellter Weise, wiedergegebe;
341 3226 1639 3259 wurde, ehe es der Autor der Oeffentlichkeit unterbreitet hat. Aber man#
343 3255 1628 3298 ist noch weiter gegangen. Auf Grund dieser entstellten Inhaltsangal¬
347 3295 1626 3344 des Einakters hat man (wer? D. Red.) über mich das kritische Rich¬
349 3321 1636 3372 schwert geschwungen. Man hat mich beurteilt und verurteilt. Gege¬
341 3354 1614 3414 diesen Vorgang muß ich Verwahrung einlegen. Schließlich möchte in
348 3398 1631 3474 nochmals betonen, daß ein Verbot des Einakters bis jetzt nicht erfolat ist.
2088 146 3199 208 Alex. Weigls Unternehmen für Zeitungs-Ausschnitto
2279 217 3031 334 „UBSERVER“
2074 321 3213 406 L.österr. behördl. konz. Burcau für Zeitungsberichte u. Personalnachrichten
2281 400 3034 455 Wien, I., Concordiaplatz 4.
2514 462 2815 524 Vertretungen
2100 494 3206 562 in Berlin, Budapest, Chicago, Genf, London, New-Vork,
2079 551 3203 618 Paris, Rom, Mailand, Stockholm, Christiania, St. Petersburg.
2368 595 2935 666 (Quellenangabe ohne Gewähr.)
2080 695 2576 770 Ausschnitt aus:
2322 781 2598 861 .5 1. 1904
2092 803 2281 867 vom:
2293 835 3133 966 Neue Frei8 Presse, Wien
2111 957 3059 1035 Arthur Schnitzlers „Haus Delorme“.
2703 1014 3147 1079 Wien, 24. November.
2077 1055 3171 1118 Arthur Schnitzler ist heute ans Berlin zurückgekehrt,
1990 1109 3172 1149 wo er der Première seiner Stücke „Der tapfere Kassian" und
2010 1152 3174 1208 „Der grüne Kakadu“ beigewohnt hat. Der dritte zur Auf¬
1999 1186 3180 1249 führung geplante Einakter „Haus Delorme“ wurde bekanntlich
1995 1238 3170 1289 vor der Generalprobe von der Zensur verboten. Ein Ber¬
2003 1279 3175 1333 tiner Blatt erzählte den Inhalt des Stückes und brachte die
2001 1317 3176 1376 Mitteilung, daß sich bei der Regie und den mitwirkenden
2002 1369 3184 1415 Künstlern von allem Anfang eine Mißstimmung gegen „Haus
2002 1410 3182 1460 Delorme“ wegen einer darin enthaltenen angeblichen Verun¬
2007 1460 3180 1510 glimpfung des Schauspielerstandes geltend gemacht habe. Ueber
2002 1492 3176 1546 diese Angelegenheit äußert sich Arthur Schnitzler einem
2005 1543 2913 1604 unserer Mitarbeiter gegenüber folgendermaßen:
2092 1574 3170 1642 „Das Wesentlichste an der ganzen Angelegenheit ist
2005 1624 3179 1668 meiner Ansicht nach, daß sich hier ein bisher noch nicht er¬
2011 1667 3172 1722 hörter Vorgang abgespielt hat: Es wurde nicht nur der an¬
2003 1723 3180 1775 gebliche Inhalt eines Stückes vor dessen Aufführung oder
2001 1753 3177 1807 vor dessen Veröffentlichung in Buchform erzählt, nein, dieser
2001 1818 3190 1850 angebliche Inhalt wurde von irgend einem Unberufenen, dem
1995 1837 3211 1914 er offenbar nur vom Hörensagen bekannt sein konnte, in
1981 1898 3171 1990 entstellter Weise veröffentlicht (die Personen sind falsch auf¬
2005 1972 3168 2026 gezählt, der Inhalt unrichtig wiedergegeben, das einzige Zitat
2001 2017 3170 2073 falsch), und als wäre es noch nicht genug: auf Grund dieser
2011 2052 3168 2111 unrichtigen Nacherzählung des Inhaltes eines vom Autor der
2011 2078 3159 2153 Oeffentlichkeit noch nicht übergebenen Stückes durch jemanden,
2005 2134 3173 2186 der das Stück selbst erwiesenermaßen nicht
2005 2174 3113 2246 kannte — und offenbar von diesem Unberufenen selbst¬
2001 2210 3164 2285 ein Urteil über dieses Stück abgegeben, gedruckt, weiter¬
1998 2256 3178 2333 verbreitet. Selbst wenn jedes Wort der Nacherzählung richtig
2000 2307 3179 2356 und das Urteil zutrefsend wäre, müßte ich auf das ent¬
2006 2339 3164 2392 schiedenste viestieren gegen den Eingriff in das bisher
2009 2385 3165 2455 strenge ge ahrte Autorenrecht, daß über geistige Produkte erst
1996 2438 3167 2491 dann eine öffentliche Aeußerung erlaubt ist, wenn sie in einer
2003 2471 3157 2539 vom Autor gutgeheißenen Form und mit seinem Willen der
1992 2512 3154 2585 Oeffentlichkeit übergeben worden sind. Dieser Fall liegt be¬
1987 2553 3150 2617 sonders kraß, denn es ist meines Wissens bisher noch nicht
1996 2606 3158 2677 dagewesen, daß nicht nur Inhaltsangaben auf Grund von
1987 2647 3159 2711 Coulissenklatsch erzählt, sondern daß auch Urteile über
1990 2675 3154 2757 Theaterstücke auf solcher Basis vor der Aufführung der
1981 2725 2596 2783 Oeffentlichkeit mitgeteilt werden.
2061 2780 3149 2837 „Haus Delosme“ ist ein Stück aus einer geplanten Reihe
1979 2810 3154 2879 von Familienburlesken, von denen eines in Arbeiter=, eines
1985 2856 3156 2930 in Bürger=, eines in Komödianten=, eines in aristokratischen
1974 2881 3144 2981 und eines in noch höheren Kreisen spielt. Zwei davon sind
1971 2928 2238 3006 erst beendet.
2046 2970 3149 3057 Ueber den angeblichen Streik der Schauspieler wird sich
1974 3017 3148 3086 „Direktor Reinhard zu äußern haben. Mir ist von einem
1968 3066 3133 3131 Streik nichts bekannt geworden. Das Gerücht hievon ist
1975 3104 3147 3188 zmöglicherweise dadurch entstanden, daß ich noch in Berlin
1979 3151 3141 3228 zwährend der Proben Aenderungen einiger Stellen vornahm,
1967 3187 3106 3247 was ich und wohl die meisten Antoren beinahe immer —
1980 3234 3148 3298 hoft auch nach der Aufführung eines Stückes tun. Zum Bei¬
1975 3268 3140 3341 spiel habe ich im „Freiwild“ erst im vorigen Jahre eine
1980 3311 3145 3394 Szene vollkommen umgestaltet. Uebrigens ist mir ein Fall
1979 3362 3131 3422 aus einer österreichischen Provinzstadt erinnerlich, wo die
1968 3381 3141 3471 Schauspieler gegen die Aufführung von „Freiwild“ protestier.
1970 3437 3132 3519 haben — weil angeblich darin der Schauspielerstand beleidigt
1968 3484 3126 3538 wurde. Ebenso wurde behauptet, daß ich in „Freiwild" und
1964 3529 3140 3595 „Lientenant Gustl“ die gesamte Armee, in „Literatur“ sowohl
1970 3572 3130 3634 die Aristokraten als die Dichter verletzt habe. Einmal kam
1960 3599 3133 3666 mir sogar eine Notiz unter die Augen, wo irgend wer gegen
1969 3648 3135 3727 die „Masken“ im Namen der Journalisten protestieren zu
1968 3693 3132 3754 müssen glaubte. Aus solchen Aeußerungen und Meinungen
1980 3727 3128 3810 spricht meiner Ansicht nach meistens Heuchelei und etwas
1980 3779 3120 3844 seltener ein einfältiges Mißverstehen des Solidaritäts¬
1981 3815 3124 3871 begriffes. Die Besten innerhalb eines Standes sind stets die¬
1979 3855 3117 3924 jenigen, welche sich über dessen Vorurteile und Fehler er¬
1965 3897 3120 3974 heben, nicht diejenigen, die den Inbegriff dieser Vorurteile
1971 3942 3127 4008 und Fehler am reinsten repräsentieren. Von den ersteren sind
1970 3978 3126 4056 gewiß noch nie Versuche gemacht worden, den Schriftsteller
1964 4025 3120 4094 in der Ausgestaltung seiner Stoffe und künstlerischen Befähi¬
1967 4073 2725 4132 gung irgendwie beschränken zu wollen.“
