3436 4256
352 209 1206 320 13. Haus Delorne
1356 223 1810 314 box 19/4
1618 1543 2015 1623 Telephon 12801.
1255 1620 2384 1701 Alex. Weigls Unternehmen für Zeitungs-Ausschnillo
1448 1705 2216 1820 „OBSERVER“
1251 1826 2384 1890 Lösterr. behördl. konz. Bureau für Zeitungsberichte u. Personalnachrichten
1453 1882 2224 1969 Wien, I., Concordiaplatz 4.
1675 1955 1976 2020 Vertretungen
1258 1985 2391 2061 in Berlin, Budapest, Chicago, Genf, London, New-York,
1259 2048 2382 2099 Paris, Rom, Mailand, Stockholm, Christiania, St. Petersburg.
1532 2089 2103 2166 (Quellenangabe ohne Gewähr.)
1258 2163 2370 2243 Ausschnitt aublustriertes Wiener Extrablatt
1519 2239 1782 2325 =3 1. 1904
1256 2285 1447 2355 vom:
1298 2378 2178 2450 * Aus Berlin wird uns telegraphirt: Gegen
1172 2447 2179 2492 die Aufführung von Arthur Schnitzler's Ein¬
1182 2482 2190 2541 acter „Haus Delorme“ hat nicht nur die
1172 2528 2194 2573 Censurbehörde, sondern auch das Per¬
1181 2564 2183 2611 sonal des Kleinen Theaters Ein¬
1182 2610 2182 2661 spruch erhoben, obwohl die Novität mehrere
1178 2646 2193 2700 durchaus dankbare Rollen enthält. Die Schau¬
1184 2694 2185 2735 spieler protestirten gegen die
1177 2730 2188 2785 Zumuthung, durch eigene Darstellung ihren Beruf
1180 2774 2183 2831 verunglimpfen zu sollen, da Schnitzler in diesem
1182 2812 2199 2865 Einacter die Verderbtheit einer Schauspieler=Familie
1185 2857 2195 2913 dramatisch veranschaulicht. Eingeweihte wollen darin
1174 2899 2199 2949 eine unverkennbare Aehnlichkeit mit der Familie
1172 2944 2193 2992 einer sehr bekannten Wiener Künstlerin erblicken. In
1182 2985 2190 3038 demselben Kleinen Theater fand gestern
1186 3029 2187 3085 Arthur Schnitzler's Einacter „Der tapfere
1187 3070 2188 3114 Cassian“, ein satirisches Puppenspiel, kühle
1178 3114 2191 3162 Aufnahme. Dagegen brachte Schnitzler's dazu
1178 3165 2190 3213 gegebene, vom Deutschen Theater her bekannte
1182 3200 2179 3255 Groteske „Der grüne Kakadu“ dem Dichten
1193 3236 2188 3296 stürmischen Applaus und demsonstrativen
1191 3292 2189 3344 Hervorruf. — Fulda's Schauspiel „Mas
1187 3322 2200 3399 keradee“ erzielte im Deutschen Theatei
1179 3352 1996 3420 einen vollen, unbestrittenen Erfolg.
