3276 4164
262 196 995 299 5. Ein Abschied
1152 195 1512 303 bos 1/4
469 253 994 318 San
423 816 2950 896 „Nach uns die Sündftuth!“ Ja, wenn an viesem 7. Marz Furstrim Auftrage besselern erklaten, daß. sich den Brief die Angelegen¬
350 823 428 901 „
351 893 415 947 11o
437 892 1684 953 Hohenlohe endlich erklären wollte, daß er sich geirrt, daß er die eng¬
1696 893 2954 947 heit in ein ganz anderes neues Licht gesetzt werde. Es
359 918 1689 990 en lische Regierung falsch verstanden, daß er sich zum Opfer einer inter¬
1690 931 2944 996 werde auf Grund des Briefes eine Untersuchung eingeleitet
426 1041 1676 1096 Hundekehle oder Wannsee oder Pichelswerder. Auch im Winter
1701 1043 2952 1098 gehen lassen. Diesmal sprach der Dichter der „Problematischen
430 1079 1678 1140 schreiten pensionirte Offiziere, die meist vor Langeweile wüthend sind,
1694 1083 2942 1150 Naturen“ über „Effi Briest“ und Goethes „Wahlverwandtschaften“.
434 1130 1678 1185 zwischen den Beeten des botanischen Gartens entlang, und so dien
1696 1134 2954 1198 Er mußte wohl zwischenlbeiden Werken einen Zusammenhang gefunden
427 1181 1678 1238 dieses rothgemäuerte Institut den mannigfachsten Neigungen und
1699 1181 2950 1236 haben, um sie nebeneinander zu stellen. Es wurde schließlich be¬
428 1225 1685 1279 Sehnsuchten. Jetzt freuen sich die Bétheiligten, die Romantöchter die
1689 1226 2940 1290 greiflicherweise mehr eine Gegenüberstellung, eine Charakteristik mit Hilfe
437 1270 1678 1321 unverstandenen Jungfrauen, die bissigen Wittwen, die stellungslosen
1692 1280 2940 1334 des Kontrastes, als ein Nachweis von Uebereinsttmmungen. „Effi Briest“,
430 1317 1684 1375 Schauspieler, die verliebten Kellnerinnen, die wüthenden alten Offiziere
1703 1304 2948 1375 dieses wunderbare Alterswerk eines allesverstehenden, allesverzeihenden
362 1325 421 1378 aze
439 1359 1684 1420 und vor allen die nachbarlichen Grundstücksspekulanten, daß die Be¬
1702 1367 2947 1427 Lebenskenners, erfuhr hierbei nicht die eingehende Kennzeichnung, die
350 1371 413 1427 res
435 1405 1670 1462 bauung des Gartens nicht beschlossene Sache ist, und daß die Sitzung
1692 1412 2946 1476 einen klaren Begriff ihres Wesens gegeben hätte. Dafür wurde der
356 1413 413 1464 ern
440 1455 1690 1512 der Abgeordneten ihnen fröhliche Hoffnung für den Frühiing offen
1697 1458 2948 1515 Hauptfehler des Romans deutlich hervorgehoben das zufällige Zu¬
351 1462 415 1518 sen
439 1499 1686 1557 gelossen hat. Sie freuen sich und lanciren, soweit sie des Schrift¬
1698 1507 2943 1564 sammentreffen von Umständen, das den Ehebruch einer jungen Frau
358 1507 422 1564 etzt
442 1541 1670 1604 stellerns kundig sind, mit gedoppelter Energie Artikel in die Biäiter,
1693 1549 2950 1610 nach sechs Jahren an den Tag bringt. Es handelt sich um ein
358 1556 421 1608 nel
434 1590 1675 1644 worin die Wegnahme dieses Platzes als ein Eingriff in die heiligsten
1698 1597 2945 1647 Bündel Briefe; warum sind sie nicht verbrannt worden? Jeder
359 1601 422 1660 ße,
438 1641 1672 1698 Rechte zweier Nationen hingestellt wird: der Schöneberger und der
1690 1628 2953 1711 Leser hat sich diese Frage vorgelegt; manche freilich haben sie mit
444 1685 692 1752 West=Berliner.
1696 1690 2940 1736 einem Hinweis auf Effis kapriziösen Charakter beantwortet. Spiel¬
350 1692 421 1755 in¬
497 1711 1681 1786 In diesen Märztagen hat die Freie Litterarische Gesellschaft eine
1690 1737 2941 1791 hagen charakterisirte, wie es seine Art ist, im großen, im ganzen und
365 1738 422 1804 in
428 1763 1679 1834 interessante Sitzung abgehalten. Sie ist ein Institut, fast so ange¬
1689 1786 2949 1841 im allgemeinen und zeigte — der beschlagene Romantechniker, der er
429 1821 1676 1882 nehm wie der botanische Garten und mindestens ebenso mannichfachen
1701 1827 2939 1886 ist — die Vortheile der Fontaneschen Technik vor der Goetheschen;
352 1815 418 1891 nd¬
429 1872 1676 1926 Neigungen dienend, wie er. Sie hat den Zweck, durch Vorlesungen
1698 1875 2946 1928 aber auch die Inkonsequenz der Fontaneschen. Im ganzen ist es
349 1879 412 1935 sen
426 1919 1676 1971 von dichterischen Werken oder durch Vorträge über sie in fünf= bis
1690 1920 2941 1974 ungemein interessireno, einen Romandichter über das Werk eines
353 1926 419 1994 en,
434 1959 1679 2021 siebenhundert Menschen die Litteraturflamme zu hegen und stärker an¬
1691 1966 2939 2020 Kollegen sprechen zu hören. Besonders fesselnd müßte ein umgekehrter
420 2014 1671 2068 zufachen; im Anfang wollte sie wohl auch nach einer gewissen Rich¬
1699 2013 2931 2074 Vortrag sein, ein Vortrag von Fontane über Spielhagen! Aber wie ich
438 2060 1673 2114 tung hin ausschließlich arbeiten, nach der sogenannten modernen.
1701 2057 2942 2114 den Alten kenne, wird er ihn nicht halten. Er bleibt mit seinen
437 2096 1672 2158 Jetzt ist der Vorstand aus Männern verschiedener Litteraturbekenntnisse
349 2095 415 2161 ien
1687 2102 2301 2178 Ansichten gern hinter dem Berge.
434 2150 1675 2208 zusammengesetzt, und wie der Märzmonat zwischen Frühling und
1742 2138 2942 2211 Weil Schnitzler in Berlin modern ist, wurde an jenem Abend
350 2183 426 2253 die
429 2195 1680 2249 Winter steht, ist auch sie ein Mittelding. Die Hörer bestehen, wenn
1698 2192 2936 2251 auch seine jüngste Novellette vorgelesen: „Ein Abschied“. Es wird
347 2240 414 2295 nie
433 2244 1675 2300 man so sagen darf, vorwiegend aus Hörerinnen. Bildungshungrige
1689 2227 2937 2292 darin ein ungeduldiger Liebhaber vorgeführt, der mit einer ver¬
432 2288 1673 2343 Mädchen, Malerinnen, Rechtsanwalts= und Doktorsfrauen, Lehrerinnen,
1690 2286 2928 2350 heiratheten Frau ein Verhältniß hat. Sie kommt nicht! Er erfährt
353 2334 428 2389 em
435 2337 1683 2387 Unverstandene, Schriftstellerinnen, daneben Litteraten, schöngeistige
1688 2343 2926 2394 mit großer List, daß sie sterbenskrank ist. Er steht schlimmste Qualen
348 2380 425 2448 rte
434 2380 1666 2431 Aerzte, Kaufleute, Studenten; eine Zeit lang gab es eine Uniform,
1685 2385 2933 2445 aus. Als er sich schließlich verzweifelt in ihre Wohnung wagt, ist sie
434 2430 1672 2481 von einem Generalstabsoffizier getragen, die eine angenehme Unter¬
1703 2430 2938 2484 seit einer halben Stunde todt. Der Gatte reicht ihm unbekannter¬
429 2474 1480 2539 brechung in dem Civilistinnen= und Civilistenmeer bildete.
1689 2478 2924 2532 weise, da er ihn für einen Kondolirenden hält, an ihrem Bette die
347 2474 433 2572 1n
504 2519 1669 2581 Hier sprach Spielhagen über seinen Zeitgenossen Theodor Fontane.
1695 2520 2933 2581 Hand. Er empfindet das halb Komische dieser tragischen Begegnung;
438 2562 1673 2616 Die beiden Männer sind um neun Jahre auseinander; Spielhagen
1692 2554 2927 2624 mit Scham in der Seele stürzt er davon, weil er seine todte Geliebte
344 2566 423 2623 ge,
347 2613 423 2670 zen
437 2611 1671 2669 ist siebenundsechzig, Fontane sechsundsiebzig. Aber sie sind sonst durch
1693 2614 2931 2668 verleugnen muß. Das ist alles. Herr Jarno vom DeutschenTheater, der
363 2657 423 2715 im
427 2657 1680 2708 mehr, als eine Handvoll Jahre getrennt. Spielhagen ist im Grunde
1688 2662 2926 2717 in der „Liebelei“ den leichtlebigeren der beiden Freunde spielt, war der
354 2701 418 2763 hat
440 2708 1636 2765 Pathetiker und neigt zur Darstellung in allgemeinen Unrissen; er
1622 2704 1676 2761 ist
1698 2703 2930 2764 Vorleser dieser Skizze. Sie ist etwas lang in der beabsichtigten Monotonie
435 2755 1629 2812 ausführlich, die altklassische Bildung scheini seine liebste Grundlage
349 2752 423 2812 zu
1689 2754 2936 2809 gewisser Wiederholungen, und ein Publikum von mehreren hundert
430 2789 1611 2848 sein, und seine Helden sind Helden im überkommenen Sinn:
1693 2802 2928 2868 Köpfen konnte leicht die Geduld verlieren. Dieser lnge und geschickte
433 2842 1677 2899 haben eine Fülle von Vorzügen, in den früheren Werken sogar
348 2844 412 2900 zen
1694 2846 2926 2900 Künstler aber verstand es glänzend, sie immer da zu fesseln, wo sie
440 2891 1668 2950 gern körperliche Vorzüge. Fontane ist anders. Er hat nicht das
344 2891 419 2945 ser,
1690 2893 2934 2947 abtrünnig werden wollten, und sie in der Gewalt zu behalten. Er
351 2936 415 2992 tel,
427 2939 1675 2995 geringste Talent zur Feierlichkeit, er strebt nach ruhiger Individualisirung,
1683 2928 2928 2992 las einfach und doch nuancirt und an allen Hauptpunkten so stark
427 2983 1668 3041 er geht nicht nur aufs Ganze, sondern vor allem aufs Einzelne, er
1681 2987 2922 3042 innerlich, daß die merkwürdige Tragik des Vorgangs die Seelen der
349 3028 416 3082 en,
437 3029 1662 3084 ist knapp in allen Hauptsachen (wenn er schon nebenbei sich oft ver¬
1681 3034 2706 3089 Hörer tief erschütterte. Es war schlechtweg ausgezeichnet.
341 3072 414 3126 die
426 3075 1673 3135 plaudert), er wurzelt in modern norddeutscher Kultur, allenfalls auch
1745 3054 2929 3140 Am Abend vorher hatte sich nur ein Theil der Hörer erschüttern
426 3126 1677 3181 in der französischen, und er sieht im Menschen stets weniger den
347 3125 411 3176 ite,
1680 3114 2928 3176 lassen wollen. Das war im Neuen Theater, wo man in diesen März¬
341 3170 419 3224 en,
428 3159 1666 3221 Heros als den Menschlich=Allzumenschlichen. Die berühmte Scene
1682 3174 2923 3228 tagen einen verspäteten „Winterschlaf“ vorführte. So der Titel eines
341 3213 429 3274 ag
414 3209 1668 3267 im „Prinzen von Homburg“, in welcher der Prinz von Todesfurcht
1679 3218 2930 3272 Dramas von Max Dreyer. Der Verfasser hatte im vorigen Jahre
351 3263 429 3317 zu
416 3260 1667 3324 befallen wird, wäre von Fontane ganz im Sinne Kleists geschrieben
1685 3267 2917 3324 ein Schauspiel im Lessing=Theater spielen lassen — „Drei“ — das
350 3305 2928 3385 ach worden: Spielhagen hätte den Prinzen wahrscheinlich jurchtlos zum Todel zwar etwas kalt und kalkulirend, aber in seinen psochologischen
