3276 4164
368 130 1012 226 Ein Abschied
1173 143 1540 243 box 1/4
1124 829 2481 940 Literarische Vereinigung in Wien.
1462 929 2157 1012 Bureau: I, Bäckerstrasse Nr. 9.
1086 1085 1249 1181 Z. 127.
2184 1097 2515 1188 VII. Vereinsjahr.
1259 1363 2149 1492 Euer Hochwolgeboren!
1180 1554 2501 1669 Montag den 17. Februar 1896 veranstaltet die
1097 1640 2500 1744 Literarische Vereinigung im Festsaale des österr.
1090 1707 2504 1811 Ingenieur- und Architectenvereines In Wien I, Eschen¬
1085 1766 1715 1877 bachgasse Nr. 9. einen
1311 1875 2283 1992 RECITATIONS-ABEND
1079 1991 1571 2095 an welchem Herr
1450 2094 2137 2201 MARCELL SALZER
1076 2193 2488 2298 noch nicht gedruckte, literarische Novitäten zum Vor¬
1078 2276 2500 2392 trage bringen wird, wozu Euer Hochwolgeboren hiemit
1074 2359 1779 2464 höflichst eingeladen sind.
1077 2461 1800 2581 Beginn präcise ½8 Ihr abends.
1975 2443 2487 2568 Ende gegen ½10 Uhr.
1250 2568 2327 2653 Für den Vorstand der Literarischem Vereinigung:
1309 2640 1631 2724 der Präsident:
1852 2646 2249 2740 der Schriftführer:
1324 2715 1621 2797 Dr. Altmann.
1879 2726 2227 2801 Ingenieur Braun.
1115 2804 1646 2907 Wien, am 3. Februar 1896.
1068 3043 2479 3118 Karten u. z. Cerclesitze zu fl. 3, Parquetsitze zu fl. 2 und fl. 1 sind in Guttmanns
1077 3090 2479 3185 k. u. k. Hofmusikalien-Handlung (Hlofopernhaus) und im Vereinsbureau I, Bäcker¬
1270 3147 2357 3215 straße Nr. 9 (Vorm. 9 bis 1, Nachm. 3 bis 6 Uhr) erhältlich.
1153 3184 2479 3280 Für die Mitglieder der literarischen Vereinigung sind Karten zu ermäßigten
1073 3230 1379 3301 Preisen reservirt.
1093 3309 2453 3397 Nächste Plenarversammlung: Samstag den 29. Februar 1896: Heinefeler.
