3228 4164
245 175 955 254 5. Ein Abschied
1131 179 1495 275 box 1/4
408 241 458 281 „
706 738 1326 855 Neues Kiener Tegbiatt, Mien
706 826 1036 970 GRATIS
733 930 1171 1030 16 0Kl. 1932
548 1011 1615 1126 (Rezitationsabend.) Unter dem Ehrenschutze des Goethe¬
451 1083 1622 1166 vereines findet am 21. d. um 8 Uhr abends im Rittersaale der
433 1134 1623 1228 Hofburg eine Nezitation von Dichtungen Schnitzlers
436 1174 1619 1262 („Abschied"), Hofmannsthals („Der Tor und dr Tod“) und
433 1224 1619 1317 von Anton Wildgans („Lyrik“) durch „Frau Helene Henke,
444 1268 1621 1361 Gattin des Breslauer Pathologen, flatt, die Wiener Kunst¬
435 1312 1615 1405 freunden aus den letzten Jahren durch Darbietung des
425 1372 1615 1451 Schillerschen „Demetrius“ und des Ur=„Faust“ in bester Er¬
410 1422 1611 1514 innerung haftet. Karten im Mozarthaus (Elisabethstraße 6).
625 1851 1462 1944 CALINOS IN OSTERREICH
730 1924 1357 1986 Baden SalzburgSemmering
620 1977 1446 2027 Roulette — Baccara — Chemin de fer
637 2087 1461 2139 Wien III, Schwarzenbergplatz 5a
613 2178 1414 2296 „OBSERVER“ BHNIS
861 2261 1450 2316 I. österr. behördlich konzessioniertes
868 2306 1449 2352 Unternehmen für Zeitungs-Ausschnitte
862 2350 1454 2389 WienI, Wollzeile 11, Telephon R-23-0-43
633 2504 959 2574 Ausschnitt aus:
840 2553 1326 2665 Aune Freis Fresst, Siel
638 2732 742 2792 vom:
946 2743 1346 2852 O. MOV. 1835
608 2799 1645 2896 Helene Henke rezitierte am 28. Oktober in Budapest
534 2866 1640 2946 im Kammermusiksoale der Hochschule für Musik, Prosa von
523 2915 1636 2984 Schnisle.r. Anton=Wildgans=Dichtungen und ein
536 2956 1627 3030 philosophisches Werk „Der Dichter und der Tod“ von Erzherzog
529 2997 1629 3067 Dr. Fosef Franz. Die Künstlerin sprach das Drama mit
525 3033 1631 3108 erschütternder Kreft, ihre Sprachgestaltung ersetzte Bühne und
528 3077 1637 3147 Dekorationen. Helene Henke und der Autor wurden mit stürmi¬
536 3116 1046 3171 schem Applaus ausgezeichnet.
1042 3134 1636 3194 — Zu Allerseelen rezitierte das
526 3162 1633 3236 Künstlerpaar Henke=Dr. Staegemann in München im vollbesetzten
520 3199 1634 3275 Herkulessaale der Residenz Goethes „Iphigenie“ mit dem
522 3248 1451 3328 gleichen Erfolg, wie an ihren Wiener Vortragsabend.
1895 489 2343 562 VODTERVER
2132 523 2729 596 I. österr. behördlich konzessioniertes
2140 572 2725 632 Unternehmen für Zeitungs-Ausschnitte
2144 609 2740 672 Wien I, Wollzeile 11, Telephon R-23-0-43
1902 786 2210 865 Ausschnitt aus
2191 767 2658 887 resitr Liojd, Büdaben
2193 926 2644 1033 29 0KT. 1935
1924 1017 2038 1081 vom:
1990 1159 3029 1223 Vortragsabend. Unter dem Protektorat des Erzherzogs
1904 1212 3027 1276 Dr. Josef Franz und der Erzherzogin Anna fand heute
1915 1273 3029 1319 abend im Kannnersaale der Hochschule für Musik ein
1913 1307 3022 1355 Vortragsabend statl, in dessen Rahmen sich Frau Geheim¬
1903 1352 3031 1401 rat Henke die berühmte, auch bei uns vielgefeierte
1915 1393 3026 1442 Künstlerin neue Seiten ihrer reichen, vielgestaltigen Be¬
1903 1434 3026 1491 gabungen zeigte. Sie sprach frei aus dem Gedächtnis eine
1910 1481 3014 1539 ziemlich lange Nowelle von Artur Schnitzler „Albschied“
1897 1531 3023 1583 mit starken dramatischen Akzenten, zumuschlüff trug sie
1900 1569 3017 1627 Gedichte von Anton Wildgans und Lenau vor, sirmnend,
1906 1612 3023 1660 verträumt, lyrisch, bei Lenau mit hinreißendem Tem¬
1915 1655 3026 1703 perament. Den Kernpunkt ührer Leistung bildete der Vor¬
1908 1695 3032 1761 trag eines philosophischen Gedichtes „Der Dichter und cer
1905 1744 3025 1802 Tod“ von Erzherzog Josef Franz. Uns hat der tiefgrün¬
1905 1787 3022 1836 dige, gedankenreiche Dialog überrascht und mit aufrich¬
1904 1833 3030 1893 tiger Freude erfüllt. Die Grundidee des in Knittelversen
1900 1876 3022 1927 geschriebenen Werkes ist ganz originell und poetäsch.
1912 1923 3029 1967 Der Dichter ist daran, sein schönstes Poem zu schreiben,
1909 1961 3021 2016 da kehrt bei ihm der ungebetene Gast, der Tod ein. De¬
1910 1999 3020 2055 Dichter scheint auf seine Unsterblichkeit nicht sehr ein¬
1903 2057 3026 2104 gebildet zu sein, denn er kämpft mit Jem Sensenmann
1909 2093 3029 2143 um sein Lehhen wie Peer Gynt mit dem Knopfgießer.
1904 2135 3025 2182 Doch unerbittlich fordert der Tod von seinem Gastgeben
1908 2180 3023 2231 die Rechnung seines Lehens. Mit Gedichten ist es nicht
1903 2209 3024 2272 getan, denn Gedichte sind Worte, schöne, klangvolle, gut
1906 2265 3020 2313 gesetzte Worte, aber eben nur Worte. Und vor Gottes
1906 2310 3029 2365 Thron zählen nur Taten. Da erinnert sich der Poel, daß
1901 2352 3027 2395 er einst ein fremdes Mädchen vom Selbstmord zurück¬
1907 2395 3029 2456 hielt, obwohl er infolgedessen auf vergmügte Stunden mit
1901 2442 3025 2489 der Geliebten verzichten mußte. Der Tod erkkemnt den
1909 2481 3028 2537 Wert der Tat an und bringt die Seele des Geretteten vor
1898 2524 3031 2572 den Thron Gottes. Frau Henke sprach das Druma mit
1900 2573 3029 2629 erschütternder Kraft; ihre visionäre Sprachgestaltung er¬
1892 2610 3022 2669 setzte Bühne und Dekorationen; das scharfe Auseinander¬
1899 2658 3019 2712 halten der beiden Rollen an Tonffall, Färbbung, Charakter
1898 2706 3023 2749 verlich dem Vortrag dramatische Belebtheit. Es gab mach
1898 2740 3015 2792 dem Vortrag begeisterte Applausstümne, die der Künst¬
1896 2785 3016 2841 lerin und dem erlauchten Autor galten. Es wirkten noch
1901 2833 3018 2880 mit Herr Zoltán Tibor, der zwei Löwe-Balladen mit präch¬
1900 2876 3014 2923 ligem Organ und intelligenter Einfühlung sung, die Gei¬
1892 2911 3018 2967 geirin Clara Dullien mit zwei Piècen von Schubert und
1886 2960 3010 3020 Hubay, die sie mit vollendeter Technik spielte, Fräulein
1892 3005 3018 3067 Rözsi Flittner, die Straußlieder sang und am Klavien Dr.
1899 3046 3019 3101 Otto Herz, der meisterhafte Begleiter, der seine dekorative
1893 3086 3023 3143 Kunst stets auf den Rang einer selbständigen, schöpferi¬
1889 3127 3017 3195 schen Leistung zu erheben weiß. Im Saal sah man vor¬
1894 3184 3019 3236 nehmstes Publikum, fast jeder Anwesende ein Name, der
1896 3222 3016 3267 Klang hat und bekannt und geschätzt ist. Für die Arnan¬
1891 3264 3023 3319 Bierung des Abends gebührt dem Internationalen Klub
1898 3306 2279 3362 volle Anerkennung.
