3392 4352
916 255 1380 334 box 37/3
230 255 819 354 2. Cuttings
772 825 1082 900 (Uuelienangabe ohne
448 879 853 949 asschnitt aus:
584 941 815 1036 25.406 10
342 967 575 1042 E vom:
790 986 1412 1089 nibürger Fremdenolatt
459 1123 1397 1255 Arthur Schnitzler. Eine kritische Studie
768 1201 1392 1289 agenösten Werke von
544 1255 1398 1324 Alexander Salkind. Modernes Ver¬
549 1282 1394 1404 lagsbureau von Curt Wigand,
542 1338 878 1414 Berlin=Leipzig.
494 1394 1289 1475 Am Schluß seines Vorworts beklagt
1289 1420 1392 1490 sich
417 1441 1393 1516 Salkind darüber, daß Schnitzlers dramatische
417 1478 1379 1569 Werke in Wien, in der Geburtsstadt des Dichters,
419 1517 1395 1609 so selten zur Aufführung gelangen. Mir scheint
405 1550 1392 1652 dieser Vorwurf nicht ganz berechtigt angesichts der
415 1592 1382 1672 Erkenntnis, daß Schnitzlers Wesensart eigent¬
417 1649 1383 1740 sich den harten Realitäten, wie sie die Bühne
410 1666 1378 1776 fordert, widerstrebt. Er kommt auch als Dra¬
403 1712 1435 1807 matiker selten aus seiner Haut heraus aus der s.
395 1746 1373 1848 weichen Sentimentalität und Elegie, die so gern
407 1792 1397 1885 u nichts zerfließt und oft nur spielerisch den
417 1911 1422 1959 Gedanken nachhängt, anstatt sie fest zu packen!
424 1956 1415 2009 und zu formen. Gerade seine Formlosigkeit,
427 1997 1413 2056 wohlgemerkt nur das Negieren der dramatischen
437 2036 1417 2076 Gesetze, bringt Schnitzler (mit Ausnahme etwa
425 2072 1408 2113 der „Liebelei“) zumeist um seine besten Wirkun¬
422 2105 1401 2177 gen auf der Bühne, während sie andererseits
417 2154 1413 2218 dem Novellisten mehr nützt als schadet. Dazu
426 2196 1414 2233 tritt verstärkend des Dichters Zwienatur: sein
427 2230 1424 2277 Schwanken zwischen zartester Lyrik und harter
433 2266 1417 2338 Wirklichkeit, jene mit Frivolität und satirischer
1300 2316 1382 2362 sie
433 2309 1186 2365 Weltanschauung gewürzte Mischung,
1184 2313 1300 2365 wie
440 2345 1412 2409 typisch geworden ist für das Wien, wo, wie
419 2372 1400 2442 Hermann Bahr sagt, immer Sonntag ist, wo
431 2427 1223 2475 immer am Herd sich der Spieß dreht.
1257 2426 1405 2498 Seine
1217 2440 1258 2474 1
991 2474 1399 2528 die wundervolle,
428 2465 990 2521 sein geschlissene Dialektik,
418 2515 1394 2563 unancenreiche Stimmungsmalerei, wie nicht zu¬
422 2528 1409 2592 letzt die Gabe, Seelenzustände in die zartesten
420 2578 1395 2639 Fasern zu zerlegen, diese reife Kunst eines
404 2619 1404 2675 echten Dichters tritt uns weit deutlicher in der
423 2662 1408 2707 Novelle als im Drama Schnitzlers entgegen.
421 2700 1421 2756 Man weiß, mit welchen glänzenden Mitteln der
421 2737 1401 2797 Wiener den Franzosen in der Form der dialogi¬
416 2784 1382 2831 sierten Novelle folgte, wie er sie ausbaute und
418 2823 1400 2877 direkt zum Typus stempelte, zum Typus für ihn
420 2867 1395 2922 und die Stadt der eleganten Plauderei, der er
412 2897 1406 2938 entstammt. Dem Dichter und seinen Werken ist
415 2945 1385 2994 jetzt in Alexander Salkind ein ebenso ge¬
406 2982 1393 3023 rechter wie feinfühlender Kritiker erstanden, ein
410 3013 1391 3060 Mann mit gereiftem Verständnis und der un¬
416 3055 1388 3096 erläßlichen Liebe für das zu bearbeitende Werk
413 3096 1397 3134 und seinen Schöpfer, aber auch ein Mann mit
414 3139 1383 3175 wahrhaft kritischem Geist, der rückhaltlos auf¬
410 3152 1387 3227 deckt, was ihm tadelnswert erscheint. An der
406 3215 1397 3265 Hand dieses wohlmeinenden, gerechten Führers
407 3242 1398 3311 werden die kritischen Gänge durch Schnitzlers
406 3287 1392 3352 bedeutendste Werke zu einer ausgezeichneten Be¬
400 3337 1383 3383 lehrung für jeden, der den Wunsch hat, sich
410 3362 1398 3434 näher mit dem Wiener Dichter und seinen
407 3404 1382 3457 dramatischen und novellistischen Arbeiten zu be¬
407 3453 1400 3507 schäftigen. Lessings Worte, daß den wahren
404 3483 1397 3540 Virtuosen nur das Lob desjenigen kitzelt, von
398 3513 1394 3584 dem er weiß, daß er auch das Herz hat, ihn
408 3569 1390 3632 zu tadeln, macht Salkind in seiner Studie zu
401 3595 989 3669 einer sprechenden Wahrheit.
1193 3603 1347 3680 J. N.
1236 3665 1352 3742 —
1398 2752 1445 2828 1
2636 535 3025 624 Telephon 12801.
2103 609 2252 748 9
2276 683 2343 752 1
1860 669 3014 788 S MIneam
1868 736 1951 791 —
1868 786 3023 855 C l. österr. behördl. konz. Unternehmen für Zeitungs-Ausschnitte
1876 817 1961 862 60
1872 857 1945 898 0
2025 844 2914 928 Wien, I., Concordiaplatz 4.
1854 891 1962 950 —
2265 915 2696 975 Vertretungen
1870 967 3024 1034 0 in Berlin, Budapest, Chicago, Christiania, Genf, Kopen¬
1857 1002 3023 1078 hagen, London, Madrid, Mailand, Minneapolis, New-Vork,
1959 1053 2984 1106 Paris, Rom, San Francisco, Stockholm, St. Petersburg.
2274 1086 2692 1147 Quallenangabe ohne Gewähr.
1853 1167 1906 1199 6
1856 1121 2908 1244 * Ausschnitt aus: (ki, Wien.
1853 1228 2577 1312 Evom: 29,SEPTEHRER 1907
2589 1285 2885 1377 PN
1898 1379 2529 1449 Wie 's gemacht wird, oder:
2270 1444 2948 1532 Eine Hand wäscht die andere.
2034 1525 2939 1574 In der Sonntagsnummer der „Neuen Freien Presse“.
1917 1563 2958 1619 vom 22. September leistet sich Alfred Freiherr v. Berger
1913 1602 2961 1656 seinen Artikel über Artur Schnitzler, in welchem er dem
1913 1650 2957 1699 „feinen Talente“ dieses „Pdeten Lob und Bewunderung
1917 1692 2936 1743 zollt, desselben Schnitzler, der mit seinem famosen „Reigen“
1915 1727 2950 1776 nur bewiesen hat, daß er seinen Beruf verfehlte und so
1917 1766 2958 1811 eigentlich nur Talent für einen Strazzensammler in den
1917 1808 2950 1859 „entern Gründen“ besitzt. Schnitzler wird natürlich den
1919 1844 2945 1889 Dank nicht schuldig bleiben und demnächst in einer Ham¬
1927 1886 2955 1927 burger Zeitung dem berühmten „Dramaturgen und Theater¬
1913 1924 2956 1971 direktor Alfred von Berger“ einen Lobhimmelungsartikel
1927 1963 2958 2008 widmen, wenn das nicht vielleicht zu gleicher Zeit geschehen
1923 2000 2956 2045 ist, und einige Stunden hindurch sind die Namen beider
1917 2042 2955 2085 „Größen“ der Clique doch im Munde vieler von jenen,
1920 2082 2544 2136 die bekanntlich nicht alle werden!
2315 2168 2483 2251 —
2519 2430 2920 2528 Telephon 12801.
2168 2597 2757 2706 HE
1777 2699 2927 2771 S l. österr. behördl. konz. Unternehmen für Zeitungs-Ausschnitte
1943 2755 2816 2841 Wien, I., Concordiaplatz 4.
2156 2832 2606 2900 Vertretungen
1774 2898 2909 2940 9 in Berlin, Budapest, Chicago, Christiania, Genf, Kopen¬
1757 2932 2906 2985 hagen, London, Madrid, Mailand, Minneapolis New-Vork,
1878 2952 2886 3018 Paris, Rom, San Francisco, Stockholm, St. Petersburg.
2178 3007 2569 3059 (Quellenangabe ohne Gewähr.)
1810 3024 2895 3173 Ausschnitt weutsche Zeitung, Wien
1764 3170 2346 3261 E vom: T1SPPfen7
1855 3276 2934 3341 Herr Baron Alfred Berger sagt in einem Feuilleton
1749 3325 2255 3409 über Artur Schnitzler:
2831 3332 2891 3406 —
2153 3372 2256 3423 W.
1722 3377 2018 3449 e
1829 3445 2910 3530 „Dadurch aber sind die erotischen Dichtungen
1726 3509 2902 3588 Schnitzlers auch weit mehr als Nuditäten; der dunkle
1722 3540 2896 3642 Hintergrund, vor dem sie sich abspielen und dessen un¬
1734 3588 2897 3685 heimliche Nähe man bei Schnitzler immer fühlt, auch wo
1727 3618 2912 3752 er seinen Humor leuchten läßt, adelt sie — beinahe
1730 3719 1989 3791 zur Poesie.“
1989 3719 2931 3821 „beinahe“ wiegt das sechs Spalten lange,
1828 3766 1980 3830 Dieses
1728 3807 1972 3883 Lob auf.
2519 4153 2615 4214 B
