3344 4352
171 203 780 327 2. Cuttings
1938 130 2414 206 ——
1743 124 1805 209 —0
1371 140 1552 208 ——.—
878 199 1343 308 box 37/3
2488 937 3348 1021 P8 Das literarische
809 962 2497 1031 406  Prof. Rich. M. Meyer: 183888241
2488 995 3310 1062 von Grund aus lyrisch ist und auch die Ge¬
1650 1024 2488 1086 Wiener Dramatikern werden es Mittel, und
811 1020 1656 1092 Hofmann versuchte es zu erneuern. Frei¬
2481 1052 3316 1111 danken nur als Werkzeug der Stimmung
1664 1081 2487 1127 Hauptzweck wird die Stimmung. Und hier
817 1085 1661 1132 lich, bis in das tiefste Geheimnis der Men¬
2496 1101 3324 1146 nutzt. Denn auch diese Essays sind lyrische
1664 1122 2477 1164 treffen sie dann mit der norddeutschen Mi¬
821 1122 1659 1172 schen tauchte auch er nicht, und der plötzliche
2487 1135 3322 1180 Rhapsodien, in denen der Reiz ausgelöst
1665 1160 2479 1223 lieukunst, mit Hauptmanns Stimmungsdra¬
822 1167 1653 1211 Fall der tugendhaften Gattin bleibt ein
2480 1154 3319 1215 wird, den Shakespeares Dramen, Georges
1659 1193 2016 1260 matik zusammen.
815 1188 1666 1244 dichterischer Gewaltakt. Aber wo der mo¬
2488 1208 3320 1266 Dichtungen, Altenbergs Skizzen auf den
1704 1223 2480 1289 Aber ein echter Wiener, ein typischer Jung¬
822 1234 1664 1290 derne Dichter sein eigenes Fühlen in die
2485 1247 3314 1293 liebenswürdig empfänglichen Freund aus¬
1666 1272 2488 1325 wiener bleibt Hofmannsthal; nur daß er
826 1279 1658 1338 fremden Seelen gelegt hat, da erklingen
2493 1294 3316 1337 geübt haben. Auch sie zeigen noch mit Bahrs
1663 1312 2482 1377 neben Schnitzler bei weitem der größte unter
815 1312 1662 1368 wundervolle Töne: in den Klagen des Hel¬
2498 1322 3321 1373 kritischen Umdichtungen Verwandtschaft, hal¬
1660 1346 2493 1406 ihnen ist. Darum auch gerade wird er jetzt
819 1355 1664 1405 den, in der Beichte des Richters von seiner
2492 1369 3318 1413 ten sich aber freilich auf ganz anderer Höhe
1671 1394 2484 1438 so unerbittlich angefeindet. Er sei nur ein
831 1399 1663 1446 eigenen Unsicherheit oder in der prachtvollen
2498 1385 3324 1452 der Stimmung; und eben deshalb ist es
1667 1430 2490 1477 Virtuos der Worte, heißt es immer wieder.
820 1437 1665 1488 Nebenfigur des Virtuosen, den der Verlust
2488 1434 3320 1497 gerade hier, wo doch die volle Klarheit ver¬
1663 1473 2492 1522 Wortkunst gebe er statt Poesie. Nur eins
822 1459 1670 1519 seiner Stimme zum schlechten Kerl gemacht
2496 1477 3319 1529 standesmäßigen Denkens erfordert wird, der
1660 1507 2482 1565 übersieht man dabei: daß die Worte für
829 1513 1667 1570 hat. Dazu dann weiter eine bewunderns¬
2491 1522 3323 1578 Versuchung wirklich nicht immer entgangen,
1670 1545 2493 1601 Hofmannsthal Wert haben nur wegen ihres
820 1554 1664 1607 werte Schulung des äußeren Sinns; die
2493 1543 3319 1621 vor solcher störenden Helligkeit sich in das
1666 1590 2057 1644 Stimmungsgehalts.
832 1586 1664 1639 Theaterdekoration, das Bühnenbild als Sym¬
2493 1599 3328 1652 wohlige Helldunkel tönender, klingender
1712 1604 2497 1675 Nein, er gehört doch nicht zu denen, die
831 1627 1673 1697 bol der Handlung und doch voll eigenen
2498 1634 2951 1693 Wortlaute zu flüchten.
1661 1664 2489 1719 nur „mit Worten Musik machen“, so groß
825 1671 1657 1720 Zaubers. Wer kann den unvergleichlichen
2532 1657 3323 1722 Um so höher muß es gerade diesem Ta¬
1664 1704 2496 1757 auch oft der Reiz ist, den der bloße Klang
831 1705 1666 1749 Eindruck jener Szene vergessen, da in dem
2491 1708 3332 1764 lent, das sich so gern auf dem schwellenden
1665 1727 2491 1790 von Lieblingsworten auf ihn ausübt. Was
824 1747 1659 1803 verdüsterten Gemach nur noch die lodernde
2508 1749 3321 1804 Polster weicher Formen dehnt, angerechnet
1669 1770 2498 1838 aber macht sie ihm zu Lieblingsworten? Es
822 1790 1663 1836 Kaminflamme zwei miteinander im Gespräch
2497 1790 3329 1840 werden, daß es an den strengen, scharfen
1671 1817 2490 1868 sind die Assoziationen, die Gefühlswerte, die
829 1823 1661 1876 ringende Gestalten beleuchtet? Zumal wenn
2495 1824 3327 1880 Forderungen der dramatischen Technik seine
1670 1848 2499 1914 sich mit ihnen verbinden. Das unterscheidet
823 1867 1668 1927 man die unvergeßliche Aufführung im Deut¬
2504 1869 3336 1916 Begabung auch zur Strenge auszubilden
1675 1895 2497 1944 ihn von romanischen Wortkünstlern wie
829 1904 1665 1953 schen Theater gesehen hat, in der ein für
2497 1905 3329 1959 suchte. Schrittweise nähert er sich dem Ziel.
1674 1935 2500 1986 d'Annunzio, die wirklich nur mit den Klängen
835 1945 1657 2000 die Darstellung solch kranker Sinnlichkeit
2494 1949 3329 2001 Von den lyrischen Genrebildern und Stim¬
1668 1979 2494 2028 der Vokale und dem Rhythmus der Akzente
830 1988 1668 2029 geborener Schauspieler, Moissi, die inter¬
2500 1985 3332 2036 mungsgemälden („Theater in Versen“, 1899,
1669 2009 2495 2067 wirken. Der deutsche Wortkünstler aber geigt
839 2020 1671 2070 essanteste Figur verkörperte: den Liebhaber
2495 2022 3327 2080 „Der Abenteurer“) steigt er zu seinem bis
1673 2054 2493 2104 sich, wie Grillparzers „Armer Spielmann“,
831 2058 1669 2111 der Schönheit, dessen fieberhaft flackernde
2493 2063 3338 2110 jetzt größten Werk: der „Elektra“ (1903).
1669 2080 2497 2161 die Laute an, die ihm die sicherste Stim¬
826 2103 1661 2159 Schwäche zur unwiderstehlichen Stärke wird?
2497 2091 3339 2161 Wieder ist es die düstere, grauenvolle Stim¬
1667 2135 1993 2191 mung schenken.
882 2140 1664 2187 Wie nah sich all diese Talente verwandt
2497 2140 3339 2191 mung eines antiken Kunstwerks, die ihn
1715 2156 2501 2221 Nicht Worte, sondern Stimmungen zu
828 2171 1669 2225 sind, fühlt man am deutlichsten bei dem be¬
2499 2164 3353 2246 gepackt hat; wieder sind die Figuren ganz
1669 2190 2504 2258 komponieren, ist sein Ehrgeiz und seine Vir¬
831 2216 1666 2263 deutendsten unter ihnen: Hugo von Hofmanns¬
2495 2227 3340 2272 auf eine Stimmung gestellt: einen Mo¬
1676 2246 2495 2302 tuosität. Diese Kunst erfand Heinrich Heine;
839 2257 1665 2309 thal (geb. 1876). Seine berühmtesten Werke:
2507 2252 3342 2315 nolog der in unerhörter Erregung der
1667 2273 2490 2345 aber bei dem weichen, oft selbst weichlichen
834 2278 1654 2350 „Elektra“ (1903), „Das gerettete Venedig“
2502 2282 3341 2350 Nachesehnsucht schwelgenden Elektra habe
1667 2323 2502 2373 Österreicher erinnert nichts an die Schärfe
834 2324 1669 2389 (1905), „Odipus und die Sphiur“ (1906)
2497 2335 3357 2394 ich das Drama einmal genannt, in der die
1668 2372 2500 2414 des Rheinländers, und der Mangel des
837 2365 1669 2417 sind wie der „Graf von Charolais“ Um¬
2502 2372 3356 2422 pathologischen, aber packend wahren Ge¬
1677 2397 2507 2459 Humors macht sich oft sogar empfindlich
830 2396 1675 2468 dichtungen alter Dramen, und wie bei Beer¬
2502 2407 3334 2464 stalten ihrer Mutter und Schwester wie
1671 2441 2500 2488 bemerkbar. — Verkörperte Stimmungen sind
837 2449 1669 2495 Hofmann hat sich der Prozeß vollzogen.
2505 2453 3356 2504 Traumbilder der Heldin wirken. Aber ist
1670 2480 2505 2532 die Helden seiner Kunst= und reizvollen
830 2487 1675 2543 Wenn Lessing (in „Emilia Galotti“) die alte
2507 2488 3343 2548 es ihm nicht gelungen, diese ferne, furcht¬
1683 2523 2497 2578 kleinen Gesprächspiele („Gestern“ 1892, von
840 2527 1675 2573 Virginiafabel in Kostüm und Fühlen seiner
2501 2530 3342 2580 bare Atmosphäre wieder zu schaffen? Ist es
1671 2542 2497 2608 dem Achtzehnjährigen verfaßt und in der
841 2569 1667 2616 Zeit übertrug, so war es eben die Hand¬
2502 2555 3356 2633 ihm nicht gelungen, zu Trägern der Stim¬
1679 2600 2495 2653 goldenen Pracht des Ausdrucks von ihm selbst
834 2612 1675 2665 lung, die ihn interessierte; wenn Goethe die
2512 2611 3347 2663 mung hier lebende Menschen zu machen,
1680 2637 2500 2687 nur in dem „Tod Tizians“ aus dem gleichen
840 2644 1678 2697 Iphigenie des Euripides auf seine Bühne
2498 2642 3355 2718 unseresgleichen — und das vielleicht zu sehr!
1682 2678 2486 2726 Jahre übertroffen; „Das Tor und der Tod“,
829 2678 1677 2733 brachte, so reizte ihn die Gestalt der unter
2553 2684 3358 2744 in Angst und Hoffnung und Verlangen?
1675 2692 2505 2781 1894; Der Kaiser und die Here“ 1897;
839 2723 1674 2779 die Barbaren verbannten Hellenin; wenn
2507 2726 3348 2782 Wirkliche Größe birgt dies Drama — das
1680 2736 2506 2810 „Das kleine Welttheater“, 1898). Voll und
843 2750 1678 2810 Grillparzer in der „Jüdin von Toledo“ ein
2504 2752 3349 2824 einzige unter den vielen geistreichen, liebens¬
1682 2791 2501 2845 reich sprechen sie sich aus, wie Stimmungen,
842 2803 1677 2861 Drama Lope de Vegas neu schuf, wirkte
2506 2798 3357 2858 würdigen und bedeutenden Kunstwerken der
1681 2814 2504 2882 die reif geworden sind; und wunderschöne
842 2829 1681 2891 beides zusammen. Indes hier: es ist die
2514 2830 3359 2903 jungen Wiener, dem ich das nachzusagen
1677 2872 2510 2921 Gleichnisse fließen aus der lyrischen Erregung
841 2880 1689 2939 Atmosphäre des Stückes, es ist der Gesamt¬
2510 2882 3339 2940 wage; nur allenfalls noch Schnitzlers „Ka¬
1831 2909 2483 2958 — freilich nicht ohne sich gern zu
1662 2913 1843 2966 hervor
846 2920 1682 2970 eindruck, der die modernen Dichter fesselt.
2509 2917 2944 2989 kadu“ ausgenommen.
1670 2944 2499 3001 wiederholen, wie das von den „Vöglein im
839 2957 1683 3002 Den suchen sie — mit anderen Mitteln na¬
2552 2934 3359 3022 Denn Hofmannsthal selbst sinkt in dem
1676 2984 2508 3040 Nest“. Wie von selbst gleiten bezaubernde
1058 2993 1682 3043 in sich wiederzuerwecken und in
2516 2986 3336 3070 „Geretteten Venedig“ (1904) zu der undra¬
833 2999 1027 3064 türlich!
1681 3027 2507 3083 Rhythmen dahin, finden und verflechten sich
841 3039 1679 3090 uns: das dumpfe Grauen einer rechtlosen
2519 3043 3351 3094 matischen Stimmungskunst der früheren
1674 3070 2497 3120 im Tanz die Reime. Aber wie diesen ver¬
839 3070 1677 3122 Zeit, die wilden Stimmungswechsel eines
2519 3074 3358 3131 Dramen zurück. Auch diese Erneuerung des
1675 3097 2510 3162 körperten Stimmungen das feste Knochen¬
836 3113 1669 3171 um Glück und Leben würfelnden Abenteurer¬
2504 3115 3345 3169 alten Schauspiels Otways ist ganz auf eine
1675 3139 2489 3201 gerüst eines bestimmten Willens fehlt, so
843 3150 1678 3208 lebens („Der Abenteurer und die Sängerin“
2504 3158 3342 3208 Stimmung gestellt: auf die Angst des Feig¬
1691 3185 2505 3233 erscheinen dem Dichter die Menschen über¬
843 3177 1675 3250 in dem „Theater in Versen“ 1899). Aus der
2511 3180 3349 3242 lings, der in wilde Abenteuer hinausgerissen
1678 3223 2510 3278 haupt und ihre Schicksale als Schattenspiel
847 3216 1685 3281 Stimmung, aus der Lyrik sind diese Dramen
2516 3228 3357 3285 wird. Dieser Seelenzustand mit seinen fie¬
1691 3257 2514 3313 ohne haltendes Gefüge; und wie Schnitzler
843 3269 1684 3325 geboren in Saars Novellen wie Adrians
2514 3255 3359 3328 bernden Gesten übt auf die jungen Wiener
1681 3300 2507 3357 bildet er sich aus seinen ästhetischen Nei¬
839 3309 1681 3366 Erzählung. Und das widerspricht nicht der
2520 3306 3349 3367 einen besonderen Zauber aus: schon Hof¬
1681 3341 2504 3399 gungen und künstlerischen Gewohnheiten eine
844 3345 1682 3394 heimischen Tradition: an Grillparzers
2522 3351 3323 3408 mannsthals Casanova („Der Abenteurer“
1684 3382 2507 3429 eigene Dichterphilosophie heraus. Sie kommt
850 3376 1686 3443 „Traum ein Leben“ mit seiner wunderbaren
2514 3364 3358 3438 oder Schnitzlers „Leutnant Gustl“ haben
1692 3427 2515 3473 in jenen lyrischen Gesprächstücken oder in
846 3428 1675 3475 Traumpsychologie, an Ferdinand Raimund
2517 3414 3343 3481 in dem phantastischen Auf und Ab der asthma¬
1692 3462 2518 3508 einzelnen fast vollendet zu nennenden Ge¬
849 3469 1688 3513 kann erinnert werden. Sie aber schrieben
2509 3461 3356 3522 tischen Seele die bewegende Kraft ihrer Mo¬
1693 3499 2507 3547 dichten („Ballade vom äußern Leben“ in
849 3505 1685 3566 nicht, um selbst noch einmal und nun bis
2518 3499 3357 3558 nologe. — Aber so wirksam auch in einzelnen
1685 3530 2521 3583 den „Gedichten“) noch stärker zum Aus¬
849 3541 1684 3595 zum Letzten und Allerletzten selbst die Stim¬
1679 3546 3355 3627 druck als in seinen Aufsätzen und Kritiken Momenten diese Poesie der Atemlosigkeit
848 3584 1689 3640 mung auszukosten. Charakterzeichnung und
842 3584 3356 3677 Handlung ward ihnen die Hauptsache; den (Schriften in Prosa“, I, 1907), weil sie eben sich ausspricht, sie genügt nicht, um eine
