<?xml version="1.0" encoding="UTF-8" standalone="yes"?>
<PcGts xmlns="http://schema.primaresearch.org/PAGE/gts/pagecontent/2013-07-15" xmlns:xsi="http://www.w3.org/2001/XMLSchema-instance" xsi:schemaLocation="http://schema.primaresearch.org/PAGE/gts/pagecontent/2013-07-15 http://schema.primaresearch.org/PAGE/gts/pagecontent/2013-07-15/pagecontent.xsd">
    <Metadata>
        <Creator>prov=University of Rostock/Institute of Mathematics/CITlab/Gundram Leifert/gundram.leifert@uni-rostock.de:name=ONB_Newseye_GT_M1+(htr_id=10810)::::v=2.4.2
prov=University of Rostock/Institute of Mathematics/CITlab/Tobias Gruening/tobias.gruening@uni-rostock.de:name=de.uros.citlab.module.baseline2polygon.B2PSeamMultiOriented:v=2.4.2
prov=University of Rostock/Institute of Mathematics/CITlab/Tobias Gruening/tobias.gruening@uni-rostock.de:name=/mnt/transkribus/LA/DEA/URO/LA_news_onb_att.pb:de.uros.citlab.segmentation.CITlab_LA_ML:v=2.4.2
Transkribus</Creator>
        <Created>2019-10-07T15:17:24.730+02:00</Created>
        <LastChange>2019-10-09T02:58:57.054+02:00</LastChange>
        <TranskribusMetadata docId="224253" pageId="9515727" pageNr="69" tsid="16619941" status="IN_PROGRESS" userId="40391" imgUrl="https://files.transkribus.eu/Get?id=TFEGRDSMSMKEMBVRTRNXQJPX&amp;fileType=view" xmlUrl="https://files.transkribus.eu/Get?id=JBTJIONUJJMILHERRVLYFBOR" imageId="6203961"/>
    </Metadata>
    <Page imageFilename="224253_0069.jpeg" imageWidth="3344" imageHeight="4320">
        <ReadingOrder>
            <OrderedGroup id="ro_1711443410481" caption="Regions reading order">
                <RegionRefIndexed index="0" regionRef="r1"/>
                <RegionRefIndexed index="1" regionRef="r2"/>
                <RegionRefIndexed index="2" regionRef="r3"/>
                <RegionRefIndexed index="3" regionRef="r4"/>
            </OrderedGroup>
        </ReadingOrder>
        <TextRegion orientation="0.0" id="r1" custom="readingOrder {index:0;}">
            <Coords points="226,174 226,346 814,346 814,174"/>
            <TextLine id="r1l1" custom="readingOrder {index:0;}">
                <Coords points="221,281 447,318 643,300 703,315 819,291 819,261 777,241 644,243 611,218 445,242 410,228 320,268 263,229 221,244"/>
                <Baseline points="226,274 255,279 284,284 314,288 343,290 373,293 402,294 431,295 461,296 490,296 520,295 549,295 578,294 608,293 637,292 667,291 696,291 725,290 755,290 784,290 814,291"/>
                <TextEquiv>
                    <Unicode>2. Cuttings</Unicode>
                </TextEquiv>
            </TextLine>
            <TextEquiv>
                <Unicode>2. Cuttings</Unicode>
            </TextEquiv>
        </TextRegion>
        <TextRegion orientation="0.0" id="r2" custom="readingOrder {index:1;}">
            <Coords points="933,166 933,323 1381,323 1381,166"/>
            <TextLine id="r2l1" custom="readingOrder {index:0;}">
                <Coords points="928,290 1069,292 1101,269 1174,287 1206,274 1240,292 1282,280 1305,296 1387,278 1386,247 1362,251 1313,214 1186,219 1118,247 1069,226 991,242 964,221 928,223"/>
                <Baseline points="933,273 959,272 985,272 1012,272 1038,272 1064,272 1091,272 1117,273 1143,273 1170,273 1196,273 1222,273 1249,273 1275,272 1301,272 1328,270 1354,268 1381,266"/>
                <TextEquiv>
                    <Unicode>box 37/3</Unicode>
                </TextEquiv>
            </TextLine>
            <TextEquiv>
                <Unicode>box 37/3</Unicode>
            </TextEquiv>
        </TextRegion>
        <TextRegion orientation="0.0" id="r3" custom="readingOrder {index:2;}">
            <Coords points="2059,101 2059,4054 2900,4054 2900,101"/>
            <TextLine id="r3l1" custom="readingOrder {index:0;}">
                <Coords points="2116,132 2663,141 2685,136 2686,109 2471,110 2255,94 2221,76 2117,89"/>
                <Baseline points="2121,121 2149,121 2177,122 2205,122 2233,124 2261,124 2289,125 2317,126 2345,127 2373,128 2401,129 2429,130 2457,130 2485,131 2513,132 2541,132 2569,132 2597,132 2625,132 2653,132 2681,131"/>
                <TextEquiv>
                    <Unicode>Wi i er 1 un I. Hn te., Gr glehte¬</Unicode>
                </TextEquiv>
            </TextLine>
            <TextLine id="r3l2" custom="readingOrder {index:1;}">
                <Coords points="2127,167 2824,179 2852,172 2853,136 2128,124"/>
                <Baseline points="2132,157 2167,159 2203,161 2239,162 2275,164 2310,165 2346,166 2382,166 2418,167 2453,168 2489,168 2525,169 2561,169 2596,169 2632,169 2668,169 2704,170 2739,170 2775,170 2811,170 2847,171"/>
                <TextEquiv>
                    <Unicode>But it is not on these theatres that</Unicode>
                </TextEquiv>
            </TextLine>
            <TextLine id="r3l3" custom="readingOrder {index:2;}">
                <Coords points="2089,210 2818,222 2844,217 2845,189 2751,169 2711,189 2627,171 2213,181 2089,157"/>
                <Baseline points="2094,199 2131,199 2168,199 2205,199 2243,200 2280,200 2317,201 2354,202 2392,202 2429,203 2466,203 2503,204 2541,205 2578,206 2615,206 2652,207 2690,207 2727,208 2764,208 2801,208 2839,208"/>
                <TextEquiv>
                    <Unicode>the onus of demoralisation lies. They</Unicode>
                </TextEquiv>
            </TextLine>
            <TextLine id="r3l4" custom="readingOrder {index:3;}">
                <Coords points="2074,250 2180,232 2847,252 2847,217 2718,204 2687,225 2074,218"/>
                <Baseline points="2079,240 2117,239 2155,238 2193,237 2231,237 2269,237 2307,237 2346,238 2384,238 2422,239 2460,240 2498,241 2536,241 2574,242 2613,243 2651,243 2689,244 2727,244 2765,244 2803,244 2842,244"/>
                <TextEquiv>
                    <Unicode>play Schiller (“ Die Räuber?'), Goethe</Unicode>
                </TextEquiv>
            </TextLine>
            <TextLine id="r3l5" custom="readingOrder {index:4;}">
                <Coords points="2081,284 2835,299 2836,263 2631,243 2081,253"/>
                <Baseline points="2086,272 2123,273 2160,274 2197,275 2234,276 2272,277 2309,277 2346,278 2383,279 2420,279 2458,280 2495,280 2532,280 2569,281 2606,281 2644,281 2681,282 2718,282 2755,282 2792,283 2830,283"/>
                <TextEquiv>
                    <Unicode>(Faust'). Lessing (“ Nathan der Weise''),</Unicode>
                </TextEquiv>
            </TextLine>
            <TextLine id="r3l6" custom="readingOrder {index:5;}">
                <Coords points="2074,308 2144,331 2852,328 2852,287 2074,284"/>
                <Baseline points="2079,314 2117,315 2155,316 2194,317 2232,317 2271,318 2309,318 2347,318 2386,318 2424,318 2463,318 2501,318 2539,318 2578,318 2616,319 2655,319 2693,320 2731,320 2770,321 2808,322 2847,324"/>
                <TextEquiv>
                    <Unicode>Grillparzer, and other classics in steady</Unicode>
                </TextEquiv>
            </TextLine>
            <TextLine id="r3l7" custom="readingOrder {index:6;}">
                <Coords points="2072,386 2253,356 2845,365 2845,336 2778,328 2110,332 2072,306"/>
                <Baseline points="2077,356 2115,356 2153,357 2191,357 2229,357 2267,357 2305,357 2344,357 2382,357 2420,357 2458,357 2496,356 2534,356 2572,356 2611,356 2649,356 2687,357 2725,357 2763,357 2801,358 2840,358"/>
                <TextEquiv>
                    <Unicode>Fregularitv, eked out by occasional Suder¬</Unicode>
                </TextEquiv>
            </TextLine>
            <TextLine id="r3l8" custom="readingOrder {index:7;}">
                <Coords points="2080,405 2853,400 2830,371 2704,361 2080,371"/>
                <Baseline points="2085,396 2123,396 2161,397 2199,397 2237,397 2275,397 2313,397 2352,397 2390,397 2428,397 2466,397 2504,397 2542,397 2580,397 2619,397 2657,397 2695,398 2733,398 2771,398 2809,399 2848,399"/>
                <TextEquiv>
                    <Unicode>mann, Hauptmann and Meyer Förster</Unicode>
                </TextEquiv>
            </TextLine>
            <TextLine id="r3l9" custom="readingOrder {index:8;}">
                <Coords points="2086,440 2858,445 2858,404 2086,398"/>
                <Baseline points="2091,429 2129,432 2167,433 2205,434 2243,436 2281,437 2319,437 2357,438 2395,438 2433,438 2472,438 2510,438 2548,438 2586,438 2624,438 2662,438 2700,438 2738,438 2776,439 2814,439 2853,440"/>
                <TextEquiv>
                    <Unicode>(" Alt-Heidelberg*). Their work is sound</Unicode>
                </TextEquiv>
            </TextLine>
            <TextLine id="r3l10" custom="readingOrder {index:9;}">
                <Coords points="2076,483 2168,475 2181,486 2194,477 2278,486 2396,474 2396,458 2380,462 2350,446 2242,452 2224,442 2205,450 2164,435 2120,447 2076,442"/>
                <Baseline points="2081,470 2106,471 2132,472 2158,473 2184,473 2210,473 2236,474 2261,474 2287,474 2313,474 2339,473 2365,472 2391,471"/>
                <TextEquiv>
                    <Unicode>and innocnous.</Unicode>
                </TextEquiv>
            </TextLine>
            <TextLine id="r3l11" custom="readingOrder {index:10;}">
                <Coords points="2121,515 2637,534 2688,510 2859,534 2859,483 2823,479 2121,477"/>
                <Baseline points="2126,507 2162,510 2198,512 2235,514 2271,515 2308,516 2344,516 2380,516 2417,516 2453,515 2490,515 2526,514 2562,513 2599,513 2635,513 2672,513 2708,513 2744,514 2781,514 2817,516 2854,519"/>
                <TextEquiv>
                    <Unicode>It is the smaller and privatelv-owned</Unicode>
                </TextEquiv>
            </TextLine>
            <TextLine id="r3l12" custom="readingOrder {index:11;}">
                <Coords points="2074,570 2151,549 2860,569 2840,525 2689,511 2623,535 2075,505"/>
                <Baseline points="2080,548 2118,549 2157,550 2196,550 2235,551 2273,551 2312,551 2351,552 2390,552 2428,552 2467,552 2506,552 2545,552 2583,552 2622,552 2661,553 2700,553 2738,554 2777,554 2816,555 2855,556"/>
                <TextEquiv>
                    <Unicode>theatres that do all the harm. The cities</Unicode>
                </TextEquiv>
            </TextLine>
            <TextLine id="r3l13" custom="readingOrder {index:12;}">
                <Coords points="2083,592 2855,608 2855,567 2805,556 2083,561"/>
                <Baseline points="2088,587 2126,588 2164,589 2202,590 2240,590 2278,591 2316,591 2354,592 2392,592 2430,592 2469,593 2507,593 2545,593 2583,593 2621,593 2659,593 2697,593 2735,593 2773,592 2811,592 2850,591"/>
                <TextEquiv>
                    <Unicode>mainly responsible are Berlin, Leipzig,</Unicode>
                </TextEquiv>
            </TextLine>
            <TextLine id="r3l14" custom="readingOrder {index:13;}">
                <Coords points="2081,642 2855,639 2855,608 2766,597 2243,609 2081,590"/>
                <Baseline points="2086,625 2124,626 2162,626 2200,627 2238,628 2277,629 2315,629 2353,630 2391,630 2429,630 2468,631 2506,631 2544,631 2582,631 2620,631 2659,631 2697,630 2735,629 2773,629 2811,628 2850,626"/>
                <TextEquiv>
                    <Unicode>Munich, and Hamburg. In each of these</Unicode>
                </TextEquiv>
            </TextLine>
            <TextLine id="r3l15" custom="readingOrder {index:14;}">
                <Coords points="2076,680 2413,661 2512,685 2571,666 2854,689 2835,637 2076,637"/>
                <Baseline points="2081,667 2119,667 2157,667 2196,667 2234,667 2273,667 2311,667 2349,668 2388,668 2426,668 2465,668 2503,669 2541,669 2580,669 2618,669 2657,669 2695,668 2733,667 2772,667 2810,666 2849,665"/>
                <TextEquiv>
                    <Unicode>places there are two or three theatres</Unicode>
                </TextEquiv>
            </TextLine>
            <TextLine id="r3l16" custom="readingOrder {index:15;}">
                <Coords points="2072,732 2214,701 2848,718 2848,683 2796,673 2636,693 2597,672 2072,680"/>
                <Baseline points="2077,705 2115,705 2153,705 2191,705 2230,705 2268,705 2306,705 2345,705 2383,706 2421,706 2460,706 2498,707 2536,707 2574,707 2613,707 2651,708 2689,708 2728,708 2766,707 2804,707 2843,707"/>
                <TextEquiv>
                    <Unicode>which thrive night by night, month by</Unicode>
                </TextEquiv>
            </TextLine>
            <TextLine id="r3l17" custom="readingOrder {index:16;}">
                <Coords points="2078,757 2856,737 2769,707 2078,706"/>
                <Baseline points="2083,742 2121,742 2159,741 2198,741 2236,742 2275,742 2313,742 2351,743 2390,743 2428,743 2467,744 2505,744 2543,744 2582,744 2620,744 2659,744 2697,744 2735,744 2774,743 2812,743 2851,742"/>
                <TextEquiv>
                    <Unicode>month, and year by year on the produc¬</Unicode>
                </TextEquiv>
            </TextLine>
            <TextLine id="r3l18" custom="readingOrder {index:17;}">
                <Coords points="2076,785 2853,796 2853,759 2816,749 2634,769 2510,746 2076,756"/>
                <Baseline points="2081,781 2119,781 2157,781 2196,781 2234,781 2272,781 2311,781 2349,781 2387,782 2426,782 2464,782 2502,782 2541,782 2579,782 2617,782 2656,782 2694,782 2732,782 2771,782 2809,782 2848,782"/>
                <TextEquiv>
                    <Unicode>tion of lewd, ill-written, unsavoury</Unicode>
                </TextEquiv>
            </TextLine>
            <TextLine id="r3l19" custom="readingOrder {index:18;}">
                <Coords points="2074,814 2616,838 2853,820 2795,786 2220,802 2074,784"/>
                <Baseline points="2079,822 2117,821 2155,820 2194,819 2232,819 2271,818 2309,818 2348,818 2386,818 2425,819 2463,819 2501,819 2540,819 2578,820 2617,820 2655,820 2694,820 2732,820 2771,820 2809,819 2848,818"/>
                <TextEquiv>
                    <Unicode>pieces, appealing to the lowest intelli¬</Unicode>
                </TextEquiv>
            </TextLine>
            <TextLine id="r3l20" custom="readingOrder {index:19;}">
                <Coords points="2086,864 2852,867 2852,838 2726,824 2086,831"/>
                <Baseline points="2091,860 2128,859 2166,859 2204,859 2242,859 2280,859 2317,859 2355,859 2393,859 2431,859 2469,859 2506,859 2544,859 2582,859 2620,859 2658,859 2695,859 2733,859 2771,859 2809,858 2847,858"/>
                <TextEquiv>
                    <Unicode>gence, and having the same relation to</Unicode>
                </TextEquiv>
            </TextLine>
            <TextLine id="r3l21" custom="readingOrder {index:20;}">
                <Coords points="2085,906 2852,905 2852,877 2765,862 2085,869"/>
                <Baseline points="2091,895 2128,895 2166,896 2204,896 2242,896 2280,897 2317,897 2355,897 2393,897 2431,897 2469,897 2506,897 2544,898 2582,898 2620,898 2658,897 2695,897 2733,897 2771,897 2809,897 2847,897"/>
                <TextEquiv>
                    <Unicode>the real drama that the wretched, tor¬</Unicode>
                </TextEquiv>
            </TextLine>
            <TextLine id="r3l22" custom="readingOrder {index:21;}">
                <Coords points="2075,939 2857,944 2857,922 2783,901 2075,895"/>
                <Baseline points="2080,933 2118,933 2157,934 2195,934 2234,934 2273,934 2311,935 2350,935 2388,935 2427,935 2466,935 2504,935 2543,935 2581,935 2620,936 2659,936 2697,936 2736,937 2774,937 2813,938 2852,939"/>
                <TextEquiv>
                    <Unicode>tured" Art Nouveau“ has to pure design.</Unicode>
                </TextEquiv>
            </TextLine>
            <TextLine id="r3l23" custom="readingOrder {index:22;}">
                <Coords points="2088,1014 2119,1005 2166,1023 2208,1003 2273,1021 2320,1009 2357,1019 2461,1002 2461,966 2423,959 2376,960 2357,976 2274,973 2250,956 2206,969 2185,959 2157,974 2088,962"/>
                <Baseline points="2093,1001 2118,1001 2144,1001 2170,1001 2196,1001 2222,1002 2248,1002 2274,1002 2300,1002 2326,1002 2352,1002 2378,1001 2404,1000 2430,1000 2456,999"/>
                <TextEquiv>
                    <Unicode>Some Examples.</Unicode>
                </TextEquiv>
            </TextLine>
            <TextLine id="r3l24" custom="readingOrder {index:23;}">
                <Coords points="2112,1057 2767,1076 2860,1046 2860,1022 2112,1025"/>
                <Baseline points="2117,1050 2153,1052 2190,1053 2227,1055 2264,1055 2301,1056 2338,1057 2374,1058 2411,1058 2448,1058 2485,1058 2522,1058 2559,1058 2596,1058 2632,1058 2669,1057 2706,1056 2743,1056 2780,1055 2817,1054 2854,1053"/>
                <TextEquiv>
                    <Unicode>One of the plays which has been per¬</Unicode>
                </TextEquiv>
            </TextLine>
            <TextLine id="r3l25" custom="readingOrder {index:24;}">
                <Coords points="2085,1098 2599,1110 2714,1080 2812,1108 2857,1082 2849,1060 2312,1059 2242,1079 2085,1060"/>
                <Baseline points="2090,1090 2128,1092 2166,1093 2204,1094 2242,1095 2280,1096 2318,1097 2356,1097 2394,1097 2432,1097 2471,1097 2509,1097 2547,1097 2585,1096 2623,1096 2661,1095 2699,1094 2737,1093 2775,1093 2813,1092 2852,1091"/>
                <TextEquiv>
                    <Unicode>formed with great success in many</Unicode>
                </TextEquiv>
            </TextLine>
            <TextLine id="r3l26" custom="readingOrder {index:25;}">
                <Coords points="2078,1136 2859,1138 2858,1113 2789,1096 2078,1107"/>
                <Baseline points="2083,1131 2121,1133 2160,1133 2198,1134 2237,1135 2275,1135 2314,1135 2352,1136 2391,1136 2429,1136 2468,1135 2506,1135 2545,1135 2583,1134 2622,1134 2660,1133 2699,1132 2737,1132 2776,1131 2814,1129 2853,1129"/>
                <TextEquiv>
                    <Unicode>theatres is“ Frühling’s Erwachen' (“The</Unicode>
                </TextEquiv>
            </TextLine>
            <TextLine id="r3l27" custom="readingOrder {index:26;}">
                <Coords points="2081,1183 2813,1180 2861,1176 2861,1141 2081,1145"/>
                <Baseline points="2086,1168 2124,1169 2163,1171 2201,1172 2240,1173 2278,1173 2317,1174 2355,1175 2394,1175 2432,1175 2471,1175 2509,1175 2548,1175 2586,1175 2625,1174 2663,1173 2702,1173 2740,1172 2779,1171 2817,1170 2856,1169"/>
                <TextEquiv>
                    <Unicode>Awakening of Spring'), which is im¬</Unicode>
                </TextEquiv>
            </TextLine>
            <TextLine id="r3l28" custom="readingOrder {index:27;}">
                <Coords points="2074,1221 2717,1223 2801,1215 2830,1176 2073,1188"/>
                <Baseline points="2079,1209 2116,1210 2153,1210 2190,1210 2228,1211 2265,1211 2302,1211 2340,1211 2377,1211 2414,1211 2452,1211 2489,1211 2526,1211 2563,1211 2601,1211 2638,1210 2675,1210 2713,1209 2750,1208 2787,1207 2825,1207"/>
                <TextEquiv>
                    <Unicode>pudently termed“ Eine Kindertragödie?</Unicode>
                </TextEquiv>
            </TextLine>
            <TextLine id="r3l29" custom="readingOrder {index:28;}">
                <Coords points="2082,1263 2190,1232 2285,1263 2859,1254 2859,1209 2082,1209"/>
                <Baseline points="2087,1237 2125,1240 2163,1242 2202,1244 2240,1245 2278,1247 2317,1248 2355,1248 2393,1249 2432,1249 2470,1250 2508,1250 2547,1249 2585,1249 2623,1249 2662,1249 2700,1248 2738,1248 2777,1248 2815,1247 2854,1247"/>
                <TextEquiv>
                    <Unicode>("A Children's Tragedy*). Another</Unicode>
                </TextEquiv>
            </TextLine>
            <TextLine id="r3l30" custom="readingOrder {index:29;}">
                <Coords points="2080,1300 2778,1299 2860,1278 2860,1257 2080,1264"/>
                <Baseline points="2085,1285 2123,1285 2162,1285 2200,1285 2239,1285 2277,1286 2316,1286 2354,1286 2393,1286 2431,1287 2470,1287 2508,1287 2547,1287 2585,1287 2624,1287 2662,1287 2701,1286 2739,1286 2778,1285 2816,1285 2855,1284"/>
                <TextEquiv>
                    <Unicode>play, Musik, treats of prison, a com¬</Unicode>
                </TextEquiv>
            </TextLine>
            <TextLine id="r3l31" custom="readingOrder {index:30;}">
                <Coords points="2086,1334 2789,1336 2850,1328 2850,1295 2086,1299"/>
                <Baseline points="2091,1325 2128,1324 2166,1324 2204,1324 2241,1323 2279,1323 2317,1324 2354,1324 2392,1324 2430,1324 2468,1324 2505,1325 2543,1325 2581,1325 2618,1325 2656,1325 2694,1325 2731,1325 2769,1325 2807,1325 2845,1324"/>
                <TextEquiv>
                    <Unicode>placent wife, and a blackguard husband,</Unicode>
                </TextEquiv>
            </TextLine>
            <TextLine id="r3l32" custom="readingOrder {index:31;}">
                <Coords points="2074,1362 2837,1378 2859,1322 2074,1339"/>
                <Baseline points="2079,1361 2117,1361 2156,1361 2195,1361 2233,1361 2272,1362 2311,1362 2349,1362 2388,1362 2427,1362 2466,1363 2504,1363 2543,1363 2582,1363 2620,1363 2659,1364 2698,1364 2736,1364 2775,1364 2814,1365 2853,1365"/>
                <TextEquiv>
                    <Unicode>who is not found out, but is complimented</Unicode>
                </TextEquiv>
            </TextLine>
            <TextLine id="r3l33" custom="readingOrder {index:32;}">
                <Coords points="2074,1407 2812,1413 2862,1405 2862,1371 2074,1373"/>
                <Baseline points="2079,1398 2117,1399 2156,1399 2195,1399 2234,1400 2273,1400 2312,1400 2351,1400 2390,1401 2429,1401 2468,1401 2506,1401 2545,1401 2584,1402 2623,1402 2662,1402 2701,1402 2740,1403 2779,1403 2818,1403 2857,1404"/>
                <TextEquiv>
                    <Unicode>for his courage and devotion. The samen</Unicode>
                </TextEquiv>
            </TextLine>
            <TextLine id="r3l34" custom="readingOrder {index:33;}">
                <Coords points="2081,1445 2847,1454 2838,1398 2637,1421 2527,1401 2081,1411"/>
                <Baseline points="2086,1438 2123,1438 2161,1439 2199,1439 2237,1440 2275,1440 2312,1440 2350,1439 2388,1439 2426,1439 2464,1439 2501,1439 2539,1438 2577,1438 2615,1438 2653,1439 2690,1439 2728,1439 2766,1440 2804,1441 2842,1443"/>
                <TextEquiv>
                    <Unicode>author’s Erdgeist ("The Spirit of</Unicode>
                </TextEquiv>
            </TextLine>
            <TextLine id="r3l35" custom="readingOrder {index:34;}">
                <Coords points="2080,1477 2564,1494 2853,1471 2771,1438 2080,1449"/>
                <Baseline points="2085,1475 2123,1476 2161,1476 2199,1477 2237,1477 2275,1478 2313,1478 2352,1478 2390,1479 2428,1479 2466,1479 2504,1479 2542,1479 2580,1479 2619,1479 2657,1479 2695,1478 2733,1478 2771,1478 2809,1477 2848,1477"/>
                <TextEquiv>
                    <Unicode>Earth') is another example of lubricity¬</Unicode>
                </TextEquiv>
            </TextLine>
            <TextLine id="r3l36" custom="readingOrder {index:35;}">
                <Coords points="2082,1516 2657,1541 2864,1521 2864,1489 2752,1481 2462,1481 2406,1508 2364,1485 2082,1494"/>
                <Baseline points="2087,1515 2125,1515 2164,1515 2202,1515 2241,1516 2280,1516 2318,1517 2357,1517 2395,1518 2434,1518 2473,1519 2511,1520 2550,1521 2588,1521 2627,1522 2666,1522 2704,1523 2743,1523 2781,1523 2820,1523 2859,1523"/>
                <TextEquiv>
                    <Unicode>and moral dirt. All three plays haven</Unicode>
                </TextEquiv>
            </TextLine>
            <TextLine id="r3l37" custom="readingOrder {index:36;}">
                <Coords points="2074,1561 2378,1558 2436,1570 2498,1557 2498,1531 2430,1517 2368,1533 2339,1521 2320,1532 2264,1523 2219,1534 2187,1522 2149,1532 2095,1519 2074,1529"/>
                <Baseline points="2079,1552 2104,1552 2130,1552 2156,1553 2182,1553 2208,1554 2234,1554 2260,1555 2286,1555 2311,1556 2337,1556 2363,1556 2389,1555 2415,1555 2441,1554 2467,1553 2493,1552"/>
                <TextEquiv>
                    <Unicode>been most successful.</Unicode>
                </TextEquiv>
            </TextLine>
            <TextLine id="r3l38" custom="readingOrder {index:37;}">
                <Coords points="2113,1596 2621,1611 2854,1592 2836,1550 2558,1571 2497,1552 2457,1576 2377,1558 2334,1585 2288,1557 2113,1565"/>
                <Baseline points="2118,1588 2154,1590 2191,1593 2227,1595 2264,1596 2300,1597 2337,1597 2373,1597 2410,1597 2446,1596 2483,1596 2519,1595 2556,1594 2592,1593 2629,1593 2665,1592 2702,1591 2738,1591 2775,1591 2811,1591 2848,1591"/>
                <TextEquiv>
                    <Unicode>A comedy, Zimmerherren? (“ Lod¬</Unicode>
                </TextEquiv>
            </TextLine>
            <TextLine id="r3l39" custom="readingOrder {index:38;}">
                <Coords points="2067,1632 2749,1653 2856,1640 2857,1587 2750,1612 2688,1590 2277,1611 2067,1583"/>
                <Baseline points="2072,1629 2113,1630 2154,1630 2195,1631 2236,1632 2277,1633 2318,1633 2359,1634 2400,1634 2441,1635 2482,1635 2523,1636 2564,1636 2605,1636 2646,1637 2687,1637 2728,1637 2769,1637 2810,1637 2851,1637"/>
                <TextEquiv>
                    <Unicode>gers'’), was forbidden by the police, butt</Unicode>
                </TextEquiv>
            </TextLine>
            <TextLine id="r3l40" custom="readingOrder {index:39;}">
                <Coords points="2076,1675 2840,1682 2840,1644 2791,1638 2076,1640"/>
                <Baseline points="2081,1668 2118,1669 2156,1669 2194,1670 2231,1671 2269,1672 2307,1673 2344,1673 2382,1674 2420,1675 2458,1676 2495,1676 2533,1677 2571,1677 2608,1677 2646,1677 2684,1677 2721,1677 2759,1676 2797,1675 2835,1674"/>
                <TextEquiv>
                    <Unicode>has been published and largely sold. The</Unicode>
                </TextEquiv>
            </TextLine>
            <TextLine id="r3l41" custom="readingOrder {index:40;}">
                <Coords points="2073,1714 2827,1721 2827,1679 2758,1670 2530,1676 2487,1699 2377,1674 2073,1679"/>
                <Baseline points="2078,1707 2115,1708 2152,1709 2189,1710 2226,1710 2264,1711 2301,1712 2338,1712 2375,1712 2412,1713 2450,1713 2487,1713 2524,1713 2561,1713 2598,1713 2636,1714 2673,1714 2710,1714 2747,1714 2784,1714 2822,1715"/>
                <TextEquiv>
                    <Unicode>play, Ledige Leute (“ Single Folk*)</Unicode>
                </TextEquiv>
            </TextLine>
            <TextLine id="r3l42" custom="readingOrder {index:41;}">
                <Coords points="2071,1743 2853,1763 2854,1717 2071,1715"/>
                <Baseline points="2076,1744 2114,1744 2153,1745 2191,1746 2230,1747 2269,1747 2307,1748 2346,1749 2384,1749 2423,1750 2462,1750 2500,1751 2539,1751 2577,1751 2616,1752 2655,1752 2693,1752 2732,1751 2770,1751 2809,1751 2848,1750"/>
                <TextEquiv>
                    <Unicode>has the merit of being a clever picture of</Unicode>
                </TextEquiv>
            </TextLine>
            <TextLine id="r3l43" custom="readingOrder {index:42;}">
                <Coords points="2071,1806 2208,1785 2853,1795 2797,1754 2387,1768 2071,1743"/>
                <Baseline points="2076,1786 2114,1785 2153,1785 2191,1785 2230,1785 2269,1785 2307,1785 2346,1786 2384,1786 2423,1787 2462,1787 2500,1788 2539,1788 2577,1788 2616,1789 2655,1789 2693,1789 2732,1789 2770,1789 2809,1788 2848,1788"/>
                <TextEquiv>
                    <Unicode>a certain section of Viennese“ fast'' life,</Unicode>
                </TextEquiv>
            </TextLine>
            <TextLine id="r3l44" custom="readingOrder {index:43;}">
                <Coords points="2067,1827 2689,1826 2745,1845 2849,1837 2850,1790 2199,1786 2067,1808"/>
                <Baseline points="2072,1821 2110,1822 2149,1823 2187,1824 2226,1824 2265,1825 2303,1825 2342,1825 2380,1825 2419,1826 2458,1826 2496,1826 2535,1826 2573,1826 2612,1826 2651,1826 2689,1826 2728,1826 2766,1826 2805,1826 2844,1827"/>
                <TextEquiv>
                    <Unicode>and although the subject would rightly</Unicode>
                </TextEquiv>
            </TextLine>
            <TextLine id="r3l45" custom="readingOrder {index:44;}">
                <Coords points="2072,1870 2856,1868 2856,1834 2803,1831 2073,1832"/>
                <Baseline points="2078,1859 2116,1859 2155,1860 2193,1860 2232,1860 2271,1861 2309,1861 2348,1861 2387,1862 2425,1862 2464,1862 2503,1863 2541,1863 2580,1864 2619,1864 2657,1865 2696,1866 2735,1867 2773,1868 2812,1869 2851,1870"/>
                <TextEquiv>
                    <Unicode>ensure its prohibition by our Censor, it is</Unicode>
                </TextEquiv>
            </TextLine>
            <TextLine id="r3l46" custom="readingOrder {index:45;}">
                <Coords points="2067,1896 2113,1914 2162,1896 2208,1914 2661,1910 2661,1885 2590,1869 2067,1879"/>
                <Baseline points="2072,1897 2101,1897 2130,1897 2159,1898 2188,1898 2218,1898 2247,1899 2276,1899 2305,1900 2334,1901 2364,1901 2393,1902 2422,1902 2451,1903 2480,1903 2510,1903 2539,1903 2568,1903 2597,1902 2626,1901 2656,1900"/>
                <TextEquiv>
                    <Unicode>in a certain sense a good play.</Unicode>
                </TextEquiv>
            </TextLine>
            <TextLine id="r3l47" custom="readingOrder {index:46;}">
                <Coords points="2111,1938 2251,1939 2274,1959 2459,1936 2836,1950 2836,1919 2759,1897 2706,1919 2111,1902"/>
                <Baseline points="2116,1933 2151,1935 2187,1936 2223,1938 2259,1939 2294,1940 2330,1940 2366,1941 2402,1941 2437,1941 2473,1941 2509,1941 2545,1941 2580,1941 2616,1941 2652,1941 2688,1942 2723,1942 2759,1942 2795,1942 2831,1943"/>
                <TextEquiv>
                    <Unicode>Arthur „Schnitzler is another play¬</Unicode>
                </TextEquiv>
            </TextLine>
            <TextLine id="r3l48" custom="readingOrder {index:47;}">
                <Coords points="2070,1978 2840,1982 2840,1945 2266,1954 2070,1933"/>
                <Baseline points="2075,1974 2113,1974 2151,1975 2189,1975 2227,1975 2265,1976 2303,1976 2341,1976 2379,1976 2417,1977 2455,1977 2493,1977 2531,1978 2569,1978 2607,1979 2645,1979 2683,1980 2721,1981 2759,1982 2797,1983 2835,1984"/>
                <TextEquiv>
                    <Unicode>wright whöse wirk 18 much appreciated,</Unicode>
                </TextEquiv>
            </TextLine>
            <TextLine id="r3l49" custom="readingOrder {index:48;}">
                <Coords points="2068,2020 2856,2025 2856,1998 2787,1984 2069,1987"/>
                <Baseline points="2074,2015 2112,2016 2151,2016 2190,2016 2229,2017 2268,2017 2307,2018 2345,2018 2384,2018 2423,2019 2462,2019 2501,2019 2540,2020 2579,2020 2617,2020 2656,2021 2695,2021 2734,2022 2773,2022 2812,2023 2851,2024"/>
                <TextEquiv>
                    <Unicode>and some of his plays have their good</Unicode>
                </TextEquiv>
            </TextLine>
            <TextLine id="r3l50" custom="readingOrder {index:49;}">
                <Coords points="2071,2070 2851,2054 2851,2030 2796,2023 2291,2019 2260,2045 2203,2020 2072,2026"/>
                <Baseline points="2077,2055 2115,2054 2153,2054 2192,2054 2230,2054 2269,2055 2307,2055 2346,2056 2384,2056 2423,2057 2461,2058 2499,2059 2538,2060 2576,2060 2615,2060 2653,2060 2692,2060 2730,2060 2769,2059 2807,2058 2846,2056"/>
                <TextEquiv>
                    <Unicode>points. Anatol,' for instance, is dis¬</Unicode>
                </TextEquiv>
            </TextLine>
            <TextLine id="r3l51" custom="readingOrder {index:50;}">
                <Coords points="2071,2093 2845,2102 2845,2079 2785,2063 2071,2071"/>
                <Baseline points="2076,2094 2114,2093 2152,2093 2190,2093 2228,2093 2267,2093 2305,2094 2343,2094 2381,2095 2419,2095 2458,2096 2496,2097 2534,2097 2572,2098 2610,2098 2649,2099 2687,2099 2725,2099 2763,2099 2801,2099 2840,2099"/>
                <TextEquiv>
                    <Unicode>tinetly original, but" Der Ruf des</Unicode>
                </TextEquiv>
            </TextLine>
            <TextLine id="r3l52" custom="readingOrder {index:51;}">
                <Coords points="2078,2136 2757,2149 2852,2138 2853,2102 2279,2098 2244,2126 2079,2092"/>
                <Baseline points="2083,2131 2121,2131 2159,2131 2197,2131 2235,2132 2274,2132 2312,2132 2350,2132 2388,2133 2426,2133 2465,2133 2503,2134 2541,2134 2579,2134 2617,2134 2656,2135 2694,2135 2732,2135 2770,2135 2808,2135 2847,2136"/>
                <TextEquiv>
                    <Unicode>Lebens (" The Call of Life?) lacks all</Unicode>
                </TextEquiv>
            </TextLine>
            <TextLine id="r3l53" custom="readingOrder {index:52;}">
                <Coords points="2072,2170 2726,2188 2822,2182 2841,2153 2215,2134 2072,2152"/>
                <Baseline points="2077,2169 2114,2169 2152,2169 2190,2169 2228,2170 2266,2170 2304,2171 2342,2172 2380,2172 2418,2173 2456,2174 2493,2174 2531,2175 2569,2176 2607,2177 2645,2177 2683,2177 2721,2177 2759,2177 2797,2177 2835,2176"/>
                <TextEquiv>
                    <Unicode>inspiration and subtlety; it is a bare tale</Unicode>
                </TextEquiv>
            </TextLine>
            <TextLine id="r3l54" custom="readingOrder {index:53;}">
                <Coords points="2064,2206 2699,2231 2829,2224 2853,2197 2064,2173"/>
                <Baseline points="2069,2204 2107,2205 2146,2207 2185,2208 2224,2209 2263,2210 2302,2210 2341,2211 2380,2211 2419,2211 2458,2211 2496,2212 2535,2212 2574,2212 2613,2212 2652,2213 2691,2213 2730,2214 2769,2215 2808,2216 2847,2218"/>
                <TextEquiv>
                    <Unicode>lof the breaking loose of an ill-regulated</Unicode>
                </TextEquiv>
            </TextLine>
            <TextLine id="r3l55" custom="readingOrder {index:54;}">
                <Coords points="2069,2245 2488,2267 2743,2251 2855,2279 2856,2215 2172,2229 2070,2206"/>
                <Baseline points="2074,2246 2112,2246 2151,2247 2190,2247 2229,2248 2268,2248 2306,2249 2345,2249 2384,2250 2423,2250 2462,2251 2500,2251 2539,2252 2578,2252 2617,2253 2656,2254 2694,2254 2733,2255 2772,2256 2811,2256 2850,2257"/>
                <TextEquiv>
                    <Unicode>and unrestrained passion, without any</Unicode>
                </TextEquiv>
            </TextLine>
            <TextLine id="r3l56" custom="readingOrder {index:55;}">
                <Coords points="2069,2311 2143,2289 2369,2308 2716,2292 2701,2255 2501,2269 2070,2249"/>
                <Baseline points="2074,2285 2105,2286 2137,2286 2169,2286 2201,2287 2233,2287 2264,2288 2296,2288 2328,2289 2360,2290 2392,2290 2423,2291 2455,2291 2487,2292 2519,2292 2551,2292 2582,2292 2614,2292 2646,2292 2678,2291 2710,2290"/>
                <TextEquiv>
                    <Unicode>redeeming imagination or poetry.</Unicode>
                </TextEquiv>
            </TextLine>
            <TextLine id="r3l57" custom="readingOrder {index:56;}">
                <Coords points="2113,2333 2243,2329 2272,2354 2364,2330 2727,2350 2847,2329 2790,2295 2363,2309 2113,2290"/>
                <Baseline points="2118,2319 2154,2322 2190,2324 2226,2326 2262,2328 2299,2329 2335,2330 2371,2331 2407,2332 2443,2332 2480,2333 2516,2333 2552,2333 2588,2334 2624,2334 2661,2334 2697,2334 2733,2334 2769,2334 2805,2335 2842,2335"/>
                <TextEquiv>
                    <Unicode>These plays sell in Germany by the</Unicode>
                </TextEquiv>
            </TextLine>
            <TextLine id="r3l58" custom="readingOrder {index:57;}">
                <Coords points="2075,2373 2642,2370 2839,2394 2849,2363 2799,2339 2346,2331 2281,2357 2243,2329 2076,2315"/>
                <Baseline points="2080,2362 2118,2364 2156,2365 2194,2366 2232,2367 2270,2367 2308,2369 2347,2369 2385,2370 2423,2371 2461,2371 2499,2372 2537,2372 2575,2373 2614,2373 2652,2374 2690,2374 2728,2374 2766,2375 2804,2375 2843,2375"/>
                <TextEquiv>
                    <Unicode>thousand. They are printed and puh¬</Unicode>
                </TextEquiv>
            </TextLine>
            <TextLine id="r3l59" custom="readingOrder {index:58;}">
                <Coords points="2067,2409 2849,2425 2849,2390 2725,2373 2067,2376"/>
                <Baseline points="2072,2403 2110,2404 2149,2404 2187,2404 2226,2405 2265,2406 2303,2406 2342,2407 2380,2408 2419,2408 2458,2409 2496,2410 2535,2410 2573,2411 2612,2412 2651,2412 2689,2412 2728,2413 2766,2413 2805,2413 2844,2413"/>
                <TextEquiv>
                    <Unicode>llished almost as soon as act d (som times,</Unicode>
                </TextEquiv>
            </TextLine>
            <TextLine id="r3l60" custom="readingOrder {index:59;}">
                <Coords points="2071,2438 2851,2457 2851,2423 2793,2414 2071,2410"/>
                <Baseline points="2076,2443 2114,2443 2153,2444 2191,2444 2230,2445 2268,2445 2307,2445 2345,2446 2384,2446 2422,2447 2461,2447 2499,2447 2538,2448 2576,2448 2615,2448 2653,2449 2692,2449 2730,2449 2769,2450 2807,2450 2846,2451"/>
                <TextEquiv>
                    <Unicode>lindeed, before presentation), and when</Unicode>
                </TextEquiv>
            </TextLine>
            <TextLine id="r3l61" custom="readingOrder {index:60;}">
                <Coords points="2076,2498 2324,2483 2839,2505 2848,2475 2631,2447 2585,2464 2077,2441"/>
                <Baseline points="2082,2478 2120,2479 2158,2480 2196,2481 2234,2482 2272,2482 2310,2483 2348,2483 2386,2483 2424,2483 2462,2483 2500,2484 2538,2484 2576,2484 2614,2484 2652,2485 2690,2485 2728,2486 2766,2487 2804,2488 2842,2489"/>
                <TextEquiv>
                    <Unicode>one sees that“ Frühling’s Erwachen' has</Unicode>
                </TextEquiv>
            </TextLine>
            <TextLine id="r3l62" custom="readingOrder {index:61;}">
                <Coords points="2076,2539 2834,2542 2846,2490 2077,2498"/>
                <Baseline points="2081,2523 2120,2522 2160,2521 2200,2521 2240,2521 2280,2521 2320,2522 2360,2522 2400,2523 2440,2523 2480,2524 2520,2525 2560,2525 2600,2526 2640,2526 2680,2526 2720,2526 2760,2526 2800,2525 2840,2524"/>
                <TextEquiv>
                    <Unicode>gone into its fifteenth edition, and other</Unicode>
                </TextEquiv>
            </TextLine>
            <TextLine id="r3l63" custom="readingOrder {index:62;}">
                <Coords points="2076,2573 2261,2558 2824,2584 2849,2579 2850,2539 2077,2539"/>
                <Baseline points="2081,2563 2119,2562 2157,2561 2195,2560 2233,2560 2271,2560 2309,2560 2348,2561 2386,2561 2424,2562 2462,2563 2500,2563 2538,2564 2576,2564 2615,2565 2653,2565 2691,2566 2729,2566 2767,2565 2805,2565 2844,2564"/>
                <TextEquiv>
                    <Unicode>plays are sold in their tenth and twelfth</Unicode>
                </TextEquiv>
            </TextLine>
            <TextLine id="r3l64" custom="readingOrder {index:63;}">
                <Coords points="2070,2619 2272,2597 2850,2618 2850,2579 2809,2572 2071,2572"/>
                <Baseline points="2076,2597 2114,2597 2152,2597 2191,2597 2229,2597 2268,2598 2306,2599 2345,2600 2383,2600 2422,2601 2460,2602 2498,2603 2537,2604 2575,2604 2614,2605 2652,2605 2691,2606 2729,2606 2768,2606 2806,2606 2845,2605"/>
                <TextEquiv>
                    <Unicode>thousand, one becomes alive to their per¬</Unicode>
                </TextEquiv>
            </TextLine>
            <TextLine id="r3l65" custom="readingOrder {index:64;}">
                <Coords points="2079,2637 2652,2646 2723,2669 2905,2653 2905,2606 2870,2599 2826,2623 2079,2602"/>
                <Baseline points="2084,2634 2124,2635 2165,2636 2206,2636 2247,2637 2288,2638 2328,2639 2369,2640 2410,2641 2451,2642 2492,2642 2532,2643 2573,2644 2614,2644 2655,2645 2696,2645 2736,2645 2777,2645 2818,2644 2859,2644 2900,2643"/>
                <TextEquiv>
                    <Unicode>nicions influence quite outside the mere </Unicode>
                </TextEquiv>
            </TextLine>
            <TextLine id="r3l66" custom="readingOrder {index:65;}">
                <Coords points="2074,2688 2190,2675 2286,2685 2323,2673 2356,2687 2407,2678 2440,2689 2483,2667 2468,2650 2383,2655 2343,2641 2317,2654 2275,2640 2248,2651 2237,2641 2075,2644"/>
                <Baseline points="2079,2673 2105,2672 2132,2672 2158,2672 2185,2673 2212,2673 2238,2674 2265,2675 2291,2676 2318,2676 2345,2677 2371,2677 2398,2677 2424,2677 2451,2677 2478,2676"/>
                <TextEquiv>
                    <Unicode>traffic of the boards.</Unicode>
                </TextEquiv>
            </TextLine>
            <TextLine id="r3l67" custom="readingOrder {index:66;}">
                <Coords points="2107,2717 2821,2732 2840,2674 2734,2664 2660,2691 2558,2671 2501,2694 2108,2681"/>
                <Baseline points="2112,2711 2148,2711 2184,2712 2220,2713 2256,2714 2292,2715 2328,2716 2364,2717 2400,2718 2436,2719 2473,2720 2509,2720 2545,2721 2581,2722 2617,2722 2653,2723 2689,2723 2725,2723 2761,2723 2797,2723 2834,2723"/>
                <TextEquiv>
                    <Unicode>If these plays had any literary merit,</Unicode>
                </TextEquiv>
            </TextLine>
            <TextLine id="r3l68" custom="readingOrder {index:67;}">
                <Coords points="2073,2765 2198,2777 2378,2749 2836,2773 2847,2733 2074,2727"/>
                <Baseline points="2079,2750 2117,2751 2155,2752 2193,2753 2231,2753 2269,2754 2307,2755 2345,2756 2383,2756 2421,2757 2460,2758 2498,2758 2536,2759 2574,2759 2612,2759 2650,2759 2688,2759 2726,2759 2764,2759 2802,2759 2841,2758"/>
                <TextEquiv>
                    <Unicode>any originality of conception, any evi¬</Unicode>
                </TextEquiv>
            </TextLine>
            <TextLine id="r3l69" custom="readingOrder {index:68;}">
                <Coords points="2069,2797 2851,2806 2851,2769 2751,2761 2069,2771"/>
                <Baseline points="2074,2791 2112,2791 2151,2791 2189,2792 2228,2792 2267,2793 2305,2793 2344,2794 2382,2795 2421,2796 2460,2797 2498,2797 2537,2798 2575,2799 2614,2799 2653,2799 2691,2800 2730,2800 2768,2800 2807,2800 2846,2799"/>
                <TextEquiv>
                    <Unicode>dence of a deftly-hidden morality therek</Unicode>
                </TextEquiv>
            </TextLine>
            <TextLine id="r3l70" custom="readingOrder {index:69;}">
                <Coords points="2068,2843 2789,2850 2841,2840 2842,2793 2771,2815 2138,2793 2069,2815"/>
                <Baseline points="2074,2830 2112,2831 2150,2831 2188,2832 2226,2832 2264,2833 2302,2833 2340,2833 2378,2834 2416,2834 2455,2834 2493,2835 2531,2835 2569,2835 2607,2836 2645,2836 2683,2836 2721,2837 2759,2837 2797,2838 2836,2838"/>
                <TextEquiv>
                    <Unicode>might be (andeven this is arguable) some</Unicode>
                </TextEquiv>
            </TextLine>
            <TextLine id="r3l71" custom="readingOrder {index:70;}">
                <Coords points="2077,2874 2634,2870 2830,2898 2839,2849 2077,2843"/>
                <Baseline points="2082,2869 2119,2869 2157,2870 2194,2870 2232,2870 2269,2870 2307,2870 2344,2871 2382,2871 2419,2871 2457,2871 2495,2871 2532,2871 2570,2872 2607,2872 2645,2872 2682,2873 2720,2874 2757,2875 2795,2876 2833,2877"/>
                <TextEquiv>
                    <Unicode>excuse for their existence. But thef</Unicode>
                </TextEquiv>
            </TextLine>
            <TextLine id="r3l72" custom="readingOrder {index:71;}">
                <Coords points="2066,2911 2627,2915 2837,2947 2837,2897 2762,2878 2066,2880"/>
                <Baseline points="2071,2912 2109,2911 2147,2911 2185,2910 2223,2910 2261,2910 2299,2910 2337,2910 2375,2910 2413,2910 2451,2911 2489,2911 2527,2912 2565,2913 2603,2914 2641,2915 2679,2916 2717,2917 2755,2918 2793,2919 2832,2921"/>
                <TextEquiv>
                    <Unicode>have one. Thev are impudently nahed,</Unicode>
                </TextEquiv>
            </TextLine>
            <TextLine id="r3l73" custom="readingOrder {index:72;}">
                <Coords points="2059,2958 2661,2965 2661,2921 2633,2915 2427,2933 2385,2909 2301,2940 2265,2914 2105,2926 2059,2910"/>
                <Baseline points="2064,2948 2093,2948 2123,2948 2152,2949 2182,2949 2212,2949 2241,2949 2271,2949 2300,2949 2330,2950 2360,2950 2389,2950 2419,2950 2448,2950 2478,2950 2508,2950 2537,2950 2567,2950 2596,2950 2626,2950 2656,2949"/>
                <TextEquiv>
                    <Unicode>unabashed, and unashamed.</Unicode>
                </TextEquiv>
            </TextLine>
            <TextLine id="r3l74" custom="readingOrder {index:73;}">
                <Coords points="2060,3028 2120,3022 2169,3039 2329,3028 2353,3040 2466,3024 2467,3006 2297,2968 2270,2990 2246,2973 2212,2988 2160,2971 2061,2978"/>
                <Baseline points="2065,3018 2091,3017 2117,3017 2144,3017 2170,3017 2197,3018 2223,3019 2249,3019 2276,3020 2302,3021 2329,3022 2355,3022 2381,3022 2408,3022 2434,3022 2461,3021"/>
                <TextEquiv>
                    <Unicode>Domestic Drama.</Unicode>
                </TextEquiv>
            </TextLine>
            <TextLine id="r3l75" custom="readingOrder {index:74;}">
                <Coords points="2091,3075 2806,3097 2833,3092 2834,3038 2209,3055 2131,3025 2091,3043"/>
                <Baseline points="2096,3074 2132,3075 2169,3075 2205,3076 2242,3076 2279,3076 2315,3077 2352,3077 2388,3078 2425,3078 2462,3078 2498,3079 2535,3079 2571,3080 2608,3080 2645,3080 2681,3081 2718,3081 2754,3082 2791,3082 2828,3083"/>
                <TextEquiv>
                    <Unicode>In a great measure this appallingly</Unicode>
                </TextEquiv>
            </TextLine>
            <TextLine id="r3l76" custom="readingOrder {index:75;}">
                <Coords points="2065,3124 2829,3130 2837,3101 2371,3094 2347,3073 2066,3085"/>
                <Baseline points="2071,3110 2109,3112 2147,3114 2185,3115 2223,3117 2261,3117 2299,3118 2337,3119 2375,3119 2413,3119 2451,3120 2489,3120 2527,3120 2565,3120 2603,3120 2641,3120 2679,3119 2717,3119 2755,3119 2793,3119 2831,3120"/>
                <TextEquiv>
                    <Unicode>rotten state of what may be termed the</Unicode>
                </TextEquiv>
            </TextLine>
            <TextLine id="r3l77" custom="readingOrder {index:76;}">
                <Coords points="2085,3164 2833,3160 2813,3124 2085,3120"/>
                <Baseline points="2090,3151 2126,3152 2163,3154 2200,3154 2237,3155 2274,3156 2311,3157 2348,3158 2385,3158 2422,3159 2459,3159 2495,3159 2532,3159 2569,3159 2606,3159 2643,3159 2680,3159 2717,3158 2754,3158 2791,3157 2828,3157"/>
                <TextEquiv>
                    <Unicode>domestic drama' reflects the current</Unicode>
                </TextEquiv>
            </TextLine>
            <TextLine id="r3l78" custom="readingOrder {index:77;}">
                <Coords points="2074,3198 2849,3213 2833,3174 2678,3158 2074,3168"/>
                <Baseline points="2079,3189 2117,3191 2155,3192 2193,3193 2232,3194 2270,3195 2308,3196 2346,3197 2385,3197 2423,3197 2461,3198 2499,3198 2538,3198 2576,3198 2614,3198 2652,3197 2691,3197 2729,3197 2767,3196 2805,3196 2844,3195"/>
                <TextEquiv>
                    <Unicode>morality of a certain section of German</Unicode>
                </TextEquiv>
            </TextLine>
            <TextLine id="r3l79" custom="readingOrder {index:78;}">
                <Coords points="2076,3232 2835,3241 2835,3214 2763,3200 2076,3209"/>
                <Baseline points="2081,3230 2118,3230 2155,3231 2193,3231 2230,3232 2268,3232 2305,3233 2343,3233 2380,3233 2418,3234 2455,3234 2492,3234 2530,3234 2567,3235 2605,3235 2642,3234 2680,3234 2717,3234 2755,3233 2792,3233 2830,3232"/>
                <TextEquiv>
                    <Unicode>socicty—a state of which something has</Unicode>
                </TextEquiv>
            </TextLine>
            <TextLine id="r3l80" custom="readingOrder {index:79;}">
                <Coords points="2073,3276 2769,3273 2842,3299 2843,3242 2821,3236 2074,3234"/>
                <Baseline points="2079,3268 2116,3268 2154,3268 2192,3268 2230,3268 2268,3269 2306,3269 2344,3270 2382,3270 2420,3271 2458,3271 2495,3272 2533,3273 2571,3273 2609,3273 2647,3273 2685,3274 2723,3274 2761,3273 2799,3273 2837,3272"/>
                <TextEquiv>
                    <Unicode>been learned by the foreign public</Unicode>
                </TextEquiv>
            </TextLine>
            <TextLine id="r3l81" custom="readingOrder {index:80;}">
                <Coords points="2064,3309 2844,3315 2770,3274 2064,3275"/>
                <Baseline points="2069,3308 2107,3308 2146,3308 2184,3309 2223,3309 2261,3309 2300,3310 2338,3310 2377,3310 2415,3310 2454,3311 2492,3311 2531,3311 2569,3311 2608,3311 2646,3311 2685,3311 2723,3311 2762,3311 2800,3311 2839,3311"/>
                <TextEquiv>
                    <Unicode>through the revelations of the Harden</Unicode>
                </TextEquiv>
            </TextLine>
            <TextLine id="r3l82" custom="readingOrder {index:81;}">
                <Coords points="2072,3352 2840,3356 2833,3313 2400,3332 2315,3312 2263,3333 2073,3313"/>
                <Baseline points="2078,3345 2115,3346 2153,3347 2191,3348 2229,3348 2267,3349 2305,3349 2342,3349 2380,3349 2418,3349 2456,3349 2494,3349 2532,3349 2570,3348 2607,3348 2645,3348 2683,3348 2721,3348 2759,3348 2797,3348 2835,3348"/>
                <TextEquiv>
                    <Unicode>trial. It is in a state of semi-hysteric</Unicode>
                </TextEquiv>
            </TextLine>
            <TextLine id="r3l83" custom="readingOrder {index:82;}">
                <Coords points="2060,3384 2841,3402 2841,3373 2785,3351 2060,3353"/>
                <Baseline points="2065,3385 2103,3385 2142,3385 2180,3385 2219,3386 2257,3386 2296,3386 2334,3386 2373,3386 2411,3387 2450,3387 2488,3387 2527,3387 2565,3387 2604,3387 2642,3387 2681,3387 2719,3387 2758,3386 2796,3386 2835,3385"/>
                <TextEquiv>
                    <Unicode>flux—a sort of moral neurosis; and the</Unicode>
                </TextEquiv>
            </TextLine>
            <TextLine id="r3l84" custom="readingOrder {index:83;}">
                <Coords points="2061,3422 2839,3437 2825,3397 2719,3388 2061,3385"/>
                <Baseline points="2066,3423 2104,3424 2142,3425 2181,3425 2219,3425 2258,3425 2296,3425 2334,3425 2373,3425 2411,3424 2450,3424 2488,3423 2526,3423 2565,3423 2603,3423 2642,3423 2680,3423 2718,3423 2757,3423 2795,3424 2834,3426"/>
                <TextEquiv>
                    <Unicode>shockingly wicked part of it is that men,</Unicode>
                </TextEquiv>
            </TextLine>
            <TextLine id="r3l85" custom="readingOrder {index:84;}">
                <Coords points="2066,3459 2203,3480 2841,3467 2841,3437 2632,3422 2568,3442 2384,3423 2066,3439"/>
                <Baseline points="2071,3461 2109,3462 2147,3463 2185,3463 2224,3463 2262,3463 2300,3463 2338,3463 2377,3463 2415,3463 2453,3463 2491,3463 2530,3462 2568,3462 2606,3462 2644,3462 2683,3461 2721,3461 2759,3461 2797,3461 2836,3461"/>
                <TextEquiv>
                    <Unicode>women, and children seem alike affected</Unicode>
                </TextEquiv>
            </TextLine>
            <TextLine id="r3l86" custom="readingOrder {index:85;}">
                <Coords points="2054,3507 2837,3512 2837,3483 2761,3468 2175,3480 2054,3461"/>
                <Baseline points="2059,3501 2097,3502 2136,3502 2174,3502 2213,3502 2252,3502 2290,3502 2329,3502 2368,3502 2406,3501 2445,3501 2484,3501 2522,3500 2561,3500 2600,3500 2638,3500 2677,3500 2716,3500 2754,3501 2793,3501 2832,3503"/>
                <TextEquiv>
                    <Unicode>by it, and if these dramatists are to be¬</Unicode>
                </TextEquiv>
            </TextLine>
            <TextLine id="r3l87" custom="readingOrder {index:86;}">
                <Coords points="2060,3544 2784,3553 2833,3530 2801,3504 2175,3521 2060,3500"/>
                <Baseline points="2065,3539 2103,3541 2141,3541 2179,3542 2217,3542 2255,3542 2293,3542 2332,3541 2370,3541 2408,3540 2446,3540 2484,3539 2522,3539 2560,3538 2599,3538 2637,3538 2675,3538 2713,3538 2751,3538 2789,3539 2828,3540"/>
                <TextEquiv>
                    <Unicode>believed, their Hedonistic depravitv ex¬</Unicode>
                </TextEquiv>
            </TextLine>
            <TextLine id="r3l88" custom="readingOrder {index:87;}">
                <Coords points="2055,3577 2836,3586 2836,3561 2723,3538 2055,3546"/>
                <Baseline points="2061,3578 2099,3579 2138,3579 2176,3579 2215,3579 2253,3579 2292,3579 2330,3579 2369,3579 2407,3579 2446,3578 2484,3578 2523,3578 2561,3577 2600,3577 2638,3577 2677,3577 2715,3577 2754,3576 2792,3577 2831,3577"/>
                <TextEquiv>
                    <Unicode>ceeds anything recorded in ancient times.</Unicode>
                </TextEquiv>
            </TextLine>
            <TextLine id="r3l89" custom="readingOrder {index:88;}">
                <Coords points="2092,3617 2754,3632 2843,3612 2708,3580 2092,3592"/>
                <Baseline points="2097,3615 2134,3615 2171,3616 2208,3616 2245,3616 2282,3617 2319,3617 2356,3617 2393,3617 2430,3617 2467,3617 2504,3617 2541,3617 2578,3616 2615,3616 2652,3616 2689,3616 2726,3615 2763,3615 2800,3614 2838,3613"/>
                <TextEquiv>
                    <Unicode>It must not be imagined that this pie¬</Unicode>
                </TextEquiv>
            </TextLine>
            <TextLine id="r3l90" custom="readingOrder {index:89;}">
                <Coords points="2068,3655 2783,3670 2833,3665 2833,3613 2445,3642 2381,3621 2068,3628"/>
                <Baseline points="2073,3655 2110,3655 2148,3655 2186,3655 2224,3654 2261,3654 2299,3654 2337,3655 2375,3655 2412,3655 2450,3655 2488,3655 2526,3655 2563,3655 2601,3655 2639,3655 2677,3655 2714,3655 2752,3655 2790,3655 2828,3655"/>
                <TextEquiv>
                    <Unicode>ture of the German stage applies to the</Unicode>
                </TextEquiv>
            </TextLine>
            <TextLine id="r3l91" custom="readingOrder {index:90;}">
                <Coords points="2065,3696 2748,3706 2829,3688 2829,3663 2065,3665"/>
                <Baseline points="2070,3695 2107,3695 2145,3695 2183,3695 2220,3695 2258,3695 2296,3695 2333,3695 2371,3695 2409,3695 2447,3695 2484,3695 2522,3695 2560,3695 2597,3695 2635,3695 2673,3694 2710,3694 2748,3693 2786,3692 2824,3691"/>
                <TextEquiv>
                    <Unicode>smaller provincial towns or the State¬</Unicode>
                </TextEquiv>
            </TextLine>
            <TextLine id="r3l92" custom="readingOrder {index:91;}">
                <Coords points="2062,3734 2835,3742 2835,3710 2795,3702 2423,3696 2374,3721 2345,3700 2126,3695 2062,3716"/>
                <Baseline points="2067,3733 2105,3733 2143,3733 2181,3733 2219,3733 2257,3733 2295,3733 2334,3733 2372,3733 2410,3733 2448,3733 2486,3733 2524,3733 2562,3733 2601,3733 2639,3733 2677,3733 2715,3733 2753,3732 2791,3732 2830,3732"/>
                <TextEquiv>
                    <Unicode>aided theatres. That is not the case.</Unicode>
                </TextEquiv>
            </TextLine>
            <TextLine id="r3l93" custom="readingOrder {index:92;}">
                <Coords points="2063,3779 2833,3782 2833,3745 2801,3733 2370,3753 2063,3735"/>
                <Baseline points="2068,3772 2106,3772 2144,3772 2182,3772 2220,3772 2258,3772 2296,3772 2334,3772 2372,3771 2410,3771 2448,3771 2486,3771 2524,3771 2562,3771 2600,3771 2638,3771 2676,3771 2714,3772 2752,3772 2790,3772 2828,3773"/>
                <TextEquiv>
                    <Unicode>But it is, nevertheless, a sign of the</Unicode>
                </TextEquiv>
            </TextLine>
            <TextLine id="r3l94" custom="readingOrder {index:93;}">
                <Coords points="2062,3810 2559,3828 2837,3805 2824,3782 2743,3772 2062,3785"/>
                <Baseline points="2067,3810 2105,3810 2143,3810 2181,3810 2220,3810 2258,3810 2296,3810 2334,3810 2373,3810 2411,3809 2449,3809 2487,3809 2526,3809 2564,3808 2602,3808 2640,3808 2679,3808 2717,3808 2755,3808 2793,3808 2832,3809"/>
                <TextEquiv>
                    <Unicode>times and further evidence, were such re¬</Unicode>
                </TextEquiv>
            </TextLine>
            <TextLine id="r3l95" custom="readingOrder {index:94;}">
                <Coords points="2073,3862 2220,3844 2344,3868 2435,3849 2742,3864 2841,3852 2841,3820 2073,3828"/>
                <Baseline points="2078,3848 2115,3848 2153,3848 2191,3848 2229,3848 2267,3848 2305,3848 2343,3848 2381,3847 2419,3847 2457,3847 2494,3847 2532,3846 2570,3846 2608,3846 2646,3846 2684,3846 2722,3846 2760,3846 2798,3847 2836,3847"/>
                <TextEquiv>
                    <Unicode>quired, of the low moral ebb of certaing</Unicode>
                </TextEquiv>
            </TextLine>
            <TextLine id="r3l96" custom="readingOrder {index:95;}">
                <Coords points="2062,3888 2824,3896 2835,3859 2062,3866"/>
                <Baseline points="2067,3884 2105,3885 2143,3886 2181,3886 2219,3887 2257,3887 2295,3887 2334,3887 2372,3887 2410,3887 2448,3887 2486,3887 2524,3886 2562,3886 2601,3886 2639,3885 2677,3885 2715,3885 2753,3885 2791,3885 2830,3884"/>
                <TextEquiv>
                    <Unicode>sections of the stage in Germany, one of</Unicode>
                </TextEquiv>
            </TextLine>
            <TextLine id="r3l97" custom="readingOrder {index:96;}">
                <Coords points="2064,3937 2809,3938 2841,3930 2841,3890 2064,3896"/>
                <Baseline points="2069,3924 2107,3924 2145,3924 2184,3924 2222,3924 2260,3924 2299,3924 2337,3924 2375,3924 2414,3924 2452,3924 2490,3924 2529,3924 2567,3924 2605,3924 2644,3925 2682,3925 2720,3925 2759,3925 2797,3925 2836,3925"/>
                <TextEquiv>
                    <Unicode>the worst phases of which is that therei</Unicode>
                </TextEquiv>
            </TextLine>
            <TextLine id="r3l98" custom="readingOrder {index:97;}">
                <Coords points="2060,3979 2832,3969 2832,3943 2747,3930 2060,3939"/>
                <Baseline points="2065,3962 2103,3963 2141,3964 2179,3964 2217,3965 2255,3965 2293,3965 2331,3965 2369,3965 2407,3965 2446,3964 2484,3964 2522,3964 2560,3963 2598,3963 2636,3963 2674,3963 2712,3963 2750,3963 2788,3963 2827,3963"/>
                <TextEquiv>
                    <Unicode>are not wanting those who aver that these</Unicode>
                </TextEquiv>
            </TextLine>
            <TextLine id="r3l99" custom="readingOrder {index:98;}">
                <Coords points="2061,4012 2841,4020 2841,3977 2774,3969 2061,3979"/>
                <Baseline points="2066,3998 2104,3999 2143,4000 2181,4001 2220,4001 2258,4002 2297,4002 2335,4002 2374,4002 2412,4002 2451,4002 2489,4002 2528,4002 2566,4002 2605,4002 2643,4002 2682,4002 2720,4003 2759,4003 2797,4004 2836,4005"/>
                <TextEquiv>
                    <Unicode>despicable plays are, in their way, works</Unicode>
                </TextEquiv>
            </TextLine>
            <TextLine id="r3l100" custom="readingOrder {index:99;}">
                <Coords points="2065,4038 2075,4039 2097,4054 2117,4047 2137,4063 2145,4060 2157,4068 2173,4057 2185,4059 2193,4052 2204,4056 2206,4022 2192,4021 2168,4004 2143,4016 2131,4013 2119,4017 2107,4006 2089,4007 2075,4017 2066,4015"/>
                <Baseline points="2070,4039 2096,4038 2122,4038 2148,4040 2174,4041 2200,4043"/>
                <TextEquiv>
                    <Unicode>of art.</Unicode>
                </TextEquiv>
            </TextLine>
            <TextLine id="r3l101" custom="readingOrder {index:100;}">
                <Coords points="2650,4070 2689,4066 2706,4057 2736,4060 2745,4053 2765,4062 2781,4052 2795,4056 2796,4020 2777,4023 2746,4006 2731,4019 2724,4019 2696,4005 2651,4021"/>
                <Baseline points="2656,4041 2683,4041 2710,4041 2737,4042 2764,4042 2791,4044"/>
                <TextEquiv>
                    <Unicode>F. S.</Unicode>
                </TextEquiv>
            </TextLine>
            <TextEquiv>
                <Unicode>Wi i er 1 un I. Hn te., Gr glehte¬
But it is not on these theatres that
the onus of demoralisation lies. They
play Schiller (“ Die Räuber?'), Goethe
(Faust'). Lessing (“ Nathan der Weise''),
Grillparzer, and other classics in steady
Fregularitv, eked out by occasional Suder¬
mann, Hauptmann and Meyer Förster
(" Alt-Heidelberg*). Their work is sound
and innocnous.
It is the smaller and privatelv-owned
theatres that do all the harm. The cities
mainly responsible are Berlin, Leipzig,
Munich, and Hamburg. In each of these
places there are two or three theatres
which thrive night by night, month by
month, and year by year on the produc¬
tion of lewd, ill-written, unsavoury
pieces, appealing to the lowest intelli¬
gence, and having the same relation to
the real drama that the wretched, tor¬
tured" Art Nouveau“ has to pure design.
Some Examples.
One of the plays which has been per¬
formed with great success in many
theatres is“ Frühling’s Erwachen' (“The
Awakening of Spring'), which is im¬
pudently termed“ Eine Kindertragödie?
("A Children's Tragedy*). Another
play, Musik, treats of prison, a com¬
placent wife, and a blackguard husband,
who is not found out, but is complimented
for his courage and devotion. The samen
author’s Erdgeist ("The Spirit of
Earth') is another example of lubricity¬
and moral dirt. All three plays haven
been most successful.
A comedy, Zimmerherren? (“ Lod¬
gers'’), was forbidden by the police, butt
has been published and largely sold. The
play, Ledige Leute (“ Single Folk*)
has the merit of being a clever picture of
a certain section of Viennese“ fast'' life,
and although the subject would rightly
ensure its prohibition by our Censor, it is
in a certain sense a good play.
Arthur „Schnitzler is another play¬
wright whöse wirk 18 much appreciated,
and some of his plays have their good
points. Anatol,' for instance, is dis¬
tinetly original, but" Der Ruf des
Lebens (" The Call of Life?) lacks all
inspiration and subtlety; it is a bare tale
lof the breaking loose of an ill-regulated
and unrestrained passion, without any
redeeming imagination or poetry.
These plays sell in Germany by the
thousand. They are printed and puh¬
llished almost as soon as act d (som times,
lindeed, before presentation), and when
one sees that“ Frühling’s Erwachen' has
gone into its fifteenth edition, and other
plays are sold in their tenth and twelfth
thousand, one becomes alive to their per¬
nicions influence quite outside the mere 
traffic of the boards.
If these plays had any literary merit,
any originality of conception, any evi¬
dence of a deftly-hidden morality therek
might be (andeven this is arguable) some
excuse for their existence. But thef
have one. Thev are impudently nahed,
unabashed, and unashamed.
Domestic Drama.
In a great measure this appallingly
rotten state of what may be termed the
domestic drama' reflects the current
morality of a certain section of German
socicty—a state of which something has
been learned by the foreign public
through the revelations of the Harden
trial. It is in a state of semi-hysteric
flux—a sort of moral neurosis; and the
shockingly wicked part of it is that men,
women, and children seem alike affected
by it, and if these dramatists are to be¬
believed, their Hedonistic depravitv ex¬
ceeds anything recorded in ancient times.
It must not be imagined that this pie¬
ture of the German stage applies to the
smaller provincial towns or the State¬
aided theatres. That is not the case.
But it is, nevertheless, a sign of the
times and further evidence, were such re¬
quired, of the low moral ebb of certaing
sections of the stage in Germany, one of
the worst phases of which is that therei
are not wanting those who aver that these
despicable plays are, in their way, works
of art.
F. S.</Unicode>
            </TextEquiv>
        </TextRegion>
        <TextRegion orientation="0.0" id="r4" custom="readingOrder {index:3;}">
            <Coords points="2956,4047 2956,4200 3341,4200 3341,4047"/>
            <TextLine id="r4l1" custom="readingOrder {index:0;}">
                <Coords points="2951,4155 3322,4156 3346,4152 3346,4097 3323,4105 3289,4092 3268,4112 3234,4115 3156,4102 3107,4121 3071,4110 3023,4126 2951,4109"/>
                <Baseline points="2956,4150 2981,4149 3007,4148 3033,4147 3058,4147 3084,4147 3110,4147 3135,4148 3161,4148 3187,4149 3212,4149 3238,4149 3264,4149 3289,4149 3315,4148 3341,4147"/>
                <TextEquiv>
                    <Unicode> </Unicode>
                </TextEquiv>
            </TextLine>
            <TextEquiv>
                <Unicode> </Unicode>
            </TextEquiv>
        </TextRegion>
    </Page>
</PcGts>
