3392 4352
826 311 1292 420 box 37/3
128 324 737 434 2. Cuttings
807 1375 2465 1445 Dabei bleiben wir: entweder die Tschechen bre= die Tschechen nuhr e
188 1377 721 1472 .. K. Wienel Tschechen,
1910 1388 3007 1498 Standpunkt akzeptieren, wollen wir mit ihnen
706 1418 1930 1496 schen mit dem Antisemitismus in allen Schat¬
129 1426 715 1516 ndlungen zwischen Dr. Dyk
713 1515 3141 1610 entstehen der Episodenkranz „Anatol“ — das Wiener Skizzen, welche „Anatol“ bilden? Mit welch ruhiger
716 1547 3148 1656 Stück „Liebelei“ — das erste; welches in Wahrheit das Eleganz und sicherer Hand setzt unser Dichter in diesen
132 1565 357 1678 eton.
702 1606 3149 1729 Epitheton verdient — die Schauspiele „Freiwild“ und losen Szenen die Charaktere fest und entwickelt daraus ein
310 1609 590 1734 ##
2695 1659 3142 1732 — das einzig echte
1921 1673 2701 1751 dramologisches Ganzes. „Liebelei“
706 1688 1934 1752 1„Das Vermächtnis“ — die Novellenreihe „Die Frau des
2281 1714 3148 1787 führt uns die Licht= und Schattenseiten
1918 1731 2283 1805 „Wiener Stück“
709 1738 1925 1806 Weisen“ der Wiener Roman „Vertha Garlan“ — die
124 1667 466 1848 chnitzler.
1920 1761 3143 1844 des Wiener Junggesellenlebens in intimster Weise vor. In
720 1780 1921 1862 dramatischen Werke „Der Schleier der Veatrice“ —
1069 1846 3148 1894 * „Der grüne Kakadu“ — die von geist=diesen beiden Werken begann auch Schnitzler den Begriff
716 1836 1037 1912 „Paracelsius“
143 1823 729 1912 „jüngsten Deutschland“ in
715 1844 3150 1955 reichem Humor und sarkastischem Witz erfüllte Novelle des „Süßen Mädels“ — eine spezifisch wienerische Indi¬
138 1868 727 1961 des vorigen Jahrhunderts
724 1915 2822 2009 „Leutnant Gustl“ und schließlich der jüngste Einakter= vidualität — zu schaffen und zu verwerten.
128 1955 729 2016 eraturleben neue Wege zu
2014 1950 3141 2052 Als Dramatiker nimmt Arthur Schnitzler eine her¬
707 1980 1360 2069 zyklus „Lebendige Stunden“.
127 2005 734 2066 id zu weisen. Von französi¬
817 2014 3146 2103 Das echte Wienertum, das in Johann Strauß' und vorragende Stellung ein. „Freiwild“, „Das Vermächt¬
117 2041 736 2126 an denke an Paul Verlaine,
1920 2053 3143 2141 nis", „Liebelei", „Lebendige Stunden“ brachten ihm im
728 2083 1925 2162 Franz Schuberts Tondichtungen, in Schwinds und Wald¬
119 2104 719 2171 u. v. a. — entwickelte sich
1925 2107 3167 2191 In= und Auslande glänzende Bühnenerfolge und reihten
722 2138 1934 2208 müllers Bildwerken den tiefsten, edelsten Ausdruck fand
142 2139 724 2214 s Schlaf, Arno Holz, Ger¬
1918 2167 3145 2230 ihn unter die maßgebenden dramatischen Talente Deutsch¬
724 2193 1932 2262 und die als ewige Marksteine lebendig bleiben werden,
122 2181 730 2259 least Hermann Bahr Wiens
143 2207 3136 2305 n Pocten und Schriftsteller dieses still=innige, gemütvoll=treue Wienerische, bildet auch lands. Selbst die heftigsten Gegner aller „Moderne“
1927 2265 2801 2342 müssen dies ohne Einschränkung zugeben.
132 2285 1937 2358 einden, leider zu oft miß= in Schnitzlers Werken den stimmunggebenden, reizverlei¬
2030 2287 3156 2384 Die tiefe Erkenntnis für Seelenprobleme, sein schar¬
130 2331 1939 2407 ner“ beilegten. Als Epi=henden Hintergrund. „In Schnitzler ist das Wienerische
1932 2360 3152 2451 fer Blick für psychische Zustände und Aeußerungen, sein
130 2387 1935 2463 ernfeld, Anzengruber, Rai=nicht bloß ein subjektives Element, nicht bloß im Ton und
1938 2409 3154 2499 glänzender, meisterhafter Stil verliehen Schnitzler auch
141 2437 1930 2508 Sinne einer spezifisch öster= im Duft seines Schaffens, sondern es ist auch ein objektives
1930 2458 3094 2548 unbestrittene Hoheitsrechte auf novellistischem Gebiete.
130 2487 1938 2565 nst aufrichtigst zu begrüßen. sals der Gegenstand und das bestäuinge Thema seiner
2038 2508 3151 2587 „Die Frau des Weisen“. „Bertha Garlan“ und
134 2532 1943 2610 idene Zahl dürfte dies im Werke; wienerisches Schiasal — das ist ein Schicksal, das
1930 2564 3153 2651 „Leutnant Gustl“ entfachen in jedem literarisch denkenden
142 2583 1939 2653 Europäertums zu erreichen an den Rand des Lebens gedrängt ist und dort seine schwer¬
1932 2609 3152 2692 und fühlenden Leser helle Begeisterung. Wie Schnitzler
737 2631 1930 2698 mütigen Freuden findet“, so kennzeichnet ein Biograph
140 2649 734 2718 esten Jung=Wienern können
1931 2664 3163 2737 es versteht, Stimmungen zu lokalisieren, weiß jeder, der
1078 2671 1945 2748 Alfred Karr, der Nachfolger Paul
736 2683 1100 2753 Schnitzler. —
162 2697 744 2754 Hugo von Hofmannsthal
1935 2695 3162 2787 die Novellen „Blumen“, „Der Ehrentag“, „Die Toten
739 2734 1940 2804 Schlenthers im Redaktionssitze der „Vossischen Zeitung“.
162 2745 732 2812 werden. Hofmannsthals
731 2803 3155 2856 gewiß ein bedeutender Literaturhistoriker“ hat das Wesen schweigen“ gelesen. Aber jeder wird auch das Bedürfnis
127 2798 743 2866 lle Lyrik, Schnitzlers vollen¬
1930 2802 3172 2899 empfunden haben, diese feinsinnigen Skizzen immer wieder
728 2830 1944 2900 Schnitzlers wohl am liebevollsten erfaßt. Er sagt einmal
133 2834 741 2906 natisches Talent und Bahrs
1928 2851 3159 2950 und mit freudiger Andacht zu lesen Hermann Bahr er¬
738 2879 1954 2969 über ihn: „Alles flutet durcheinander: Innigkeit und
138 2893 739 2965 heistreiche essayistische Kritik
1939 2905 3166 2987 zählt einmal in einem Feuilleton, daß Schnitzlers Stil am
734 2935 1939 2996 Eleganz, Weichheit und Ironie, Welstädtisches und Ab¬
135 2943 731 3025 der modernen deutschen Lite¬
1941 2963 3158 3037 besten durch ein Wort eines französischen Essayisten charak¬
722 2978 1945 3052 seitiges, Lyrik und Feuilletonismus, Lebensraffinement
1930 3012 3068 3086 terisiert werden kann, nämlich als „creer un poncif“.
118 3017 1942 3109 unggeselle unter den Wiener und volksmäßige Schlichtheit, Oesterreichertum und Halb¬
1945 3055 3161 3144 Wie viele junge Schriftsteller vermögen trotz sogenannter
128 3081 1940 3157 Speidel gelegentlich nannte, französisches, Schmerz und Spiel, Lächeln und Sterben.
145 3153 3165 3210 Individualität von exklusiv Ein junger Meister, ein glücklicher Götterfreund, ordnet Eigenart Schnitzlers Einfluß in ihren Werken nicht zu
130 3164 3169 3255 En erstes Auftreten beginnt er mit weicher, leiser, spielend vollbringender Hand die verwinden! Aus jedem Satze fühlt man fast den beleben¬
1939 3223 2959 3285 den Hauch Schnitzler'scher Muse entgegenwehen!
269 3233 1057 3324 — ein Gedichtwerk von Bestandteile.“
129 3247 248 3326 gen“
2015 3277 3161 3368 Arthur Schnitzler ist ebenso wie Georg Hirschfeld —
815 3257 1968 3367 Wer kennt nicht die fein= und echtempfundenen
138 3295 754 3382 in rascher Aufeinanderfolge
