3344 4384
194 306 1349 403 2. Cuttings box 37/3
1962 181 2136 236 enen
1753 174 1942 231 eg
1724 221 2960 293 baren Selma Lagerlof sich das Vertrauen derer zu gewinnen,
1715 269 2957 345 die nicht alles esen können und sie nebenher auch an den
1717 309 2966 360 Wert des Herrn Schnitzler glauben zu machen. Nur könnte
1714 356 2952 413 so einer ja auch Herrn Schnitzler unglücklicherweise gerade ge¬
1717 394 2958 451 lesen haben. Armer Raabe! Arme Prophetin unendlicher
1717 445 2952 503 Frauengüte! Was täte es denn sonst viel, wenn die
1719 484 2955 537 schönumschneiderte Modedame, deren Inhalt im Alltags¬
1717 523 2957 590 kleide Hohn und Spott, oder auch nicht einmal das
1718 570 2953 637 finden würde, ihr Rudel Hanswurste hinter sic, dreinzöge,
1717 609 2947 656 keine gute deutsche Frau wird die Gefeierte um ihre Gefolg¬
1722 657 2943 723 schaft beneiden. Sie weiß, daß sie, wie unbeachtet sie sich
1713 701 2950 764 auch mit aller ihrer Segenskraft fühlen mag, doch unendlich
1709 750 2943 792 viel glücklicher daran ist. Und so weiß es die Kunst gegen¬
1714 783 2952 852 über der literarischen Mode. Aber wenn man die Kraft jener
1703 832 2958 893 in sich fühlt, wie diese behandelt zu werden, das ist peinlich.
1803 879 2953 925 Trotz allem nun steckt etwas Ewiges auch in jeder Mode.
1706 913 2942 964 Das Wesen der Mode ist ein Sichversteifen auf eine Neben¬
1715 965 2954 1028 sache, auf eine Aeußerlichkeit. Dem folgt die Uebertreibung
1709 1014 2952 1076 mit Sicherheit da, wo Unfähigkeit oder doch Unreife sich der
1713 1053 2944 1115 Mode bemächtigen. Uebertreibungen und das Hervor¬
1711 1090 2948 1142 kehren des Unnötigen zeichnen immer das Werk
1713 1136 2959 1206 aus, das sich nicht von innen heraus naturnotwendig
1706 1167 2948 1229 nach ihm innewohnenden Gesetzen bildet, zeigen sich da,
1708 1225 2941 1277 wo nicht vornehmlich die Seele den Leib, sondern der
1709 1276 2948 1337 Leib die Seele macht. Unwesentliches schießt ins Kraut, wenn
1707 1313 2936 1364 von außen Absicht, Tendenz, Mode in entscheidender Weise mit¬
1707 1352 2961 1425 formen dürfen oder gar als die eigentlichen Erzeuger sich nur
1705 1401 2967 1474 des Kopfes und der Hand des Dichters bedienen. Manredet dann
1708 1428 2957 1499 plötzlich von Naturalismus, Symbolismitis, Impressionismus,
1707 1474 2957 1550 Aestheticismus und Neuromantik. Von alledem kann am
1705 1534 2954 1596 echten Kunstwerk etwas haften. Das was es zum Kunst¬
1703 1570 2972 1651 werk macht, das Wesentliche und Wertbestimmende an ihm
1700 1611 2361 1669 freilich ist etwas ganz anderes.
1796 1662 2961 1730 Es ist wohl denkbar, das einmal das Gestalten des
1700 1705 2960 1782 Wesentlichen statt des Unwesentlichen, des Schönen statt der
1693 1753 2935 1817 Auswüchse Mode würde. Nur würde der Umstand, daß es
1701 1790 2939 1839 Mode ist, dann ein Beweis dafür sein, daß sein Ewigkeits¬
1694 1836 2943 1903 gehalt nicht erkannt würde, und daß es wieder verdrängt
1704 1883 2942 1960 werden müßte durch das, was unschöner und oberflächlicher
1694 1925 2564 1985 ist, als wäre dies ihm völlig gleichwertig.
1782 1969 2935 2033 Vorläufig brauchen wir meiner Ansicht nach, noch
1698 2005 2944 2085 nicht zu bedauern, daß was heute Mode ist, es morgen
1703 2057 2935 2126 nicht mehr sein wird. Wenigstens, wenn ich den bei
1700 2096 2944 2152 Wertheim von H. H. Ewers herausgegebenen „Führer
1691 2152 2950 2214 durch die moderne Literatur" für orientiert halten
1695 2175 2953 2239 will. Wir erfahren da, daß Jakob Wassermann „einer von
1702 2226 2940 2294 den wenigen modernen Dichtern ist, bei denen Verstand
1686 2282 2888 2341 und Gefühl harmonisch wirksam sind“, Arthur Schnitzler fü
1693 2314 2847 2383 „einen modernen Dichter ersten Ranges“ anzusehen ist,
1700 2361 2930 2429 Scheerbart „unser allerfeinster Humorist", Baar „eine der
1692 2401 2930 2478 liebenswürdigsten Erscheinungen unserer Literatur“, die „einzige
1692 2449 2939 2510 in deutscher Sprache schreibende Frau der Modernen aber, die eine
1689 2490 2946 2558 starke Empfindung für alles Psychologische hatte“, — Juliane
1700 2540 2948 2607 Déry ist. Ferner wird uns mitgeteilt: „Bei Freußen wälzt sich!
1688 2577 2924 2648 die Handlung breit in ungezählten Kapiteln daher, um der
1694 2617 2932 2701 Prophetenbegeisterung der Braven und Bescheidenen Nahrung
1684 2667 2928 2738 und Glaubwürdigkeit (?) zu schaffen.“ Sohnrey ist „ver¬
1692 2717 2924 2777 wässerter Auerbach“. Bei Schoenaich=Carolath „ist alles gut,
1690 2750 2929 2829 nur vermißt man die hinter den Worten stehende starke
1686 2806 2928 2862 Persönlichkeit“. Nicht nur Lienhard, sondern auch Weigand
1687 2847 2950 2924 ist „ein sehr bescheidenes Talent, das aber auf hohem
1677 2898 2934 2947 Kothürn daher marschiert". Bartels existiert gar nicht
1690 2936 3005 2998 und nach dem „immer noch so sehr über¬
1685 2977 2922 3035 schätzten Hebbel (warum nicht Herrn Hebbel?) wird ge¬
1687 3026 2922 3092 legentlich ein Seitenhieb geführt. Wedekind aber „hat als
1697 3056 2978 3153 Dichter und als Satiriker einen Platz unter den erstenk
1685 3110 2582 3174 lebenden Künstlern zu beanspruchen.
1761 3144 2923 3216 Wer darauf aus ist, für einen gesellschaftsfähigen Kenner
1686 3203 2940 3281 unserer Literatur gehalten zu werden und dabei Neigung zu
1681 3237 2927 3307 nicht tagesgemäßen Ansichten verspürt, die ihn kompromit¬
1685 3279 2926 3357 tieren könnten, oder wer so schlimm daran ist, keinerlei
1689 3324 2916 3391 eigenes Urteil zu haben und ein unerschütterliches Vertrauen
1681 3379 2926 3447 in die Solidität aller Erzeugnisse des Hauses Wertheim
1683 3427 2909 3490 setzt, der wird freilich gut tun, sich schleunigst den Führer aus
1679 3476 2911 3527 dem „Globus=Verlag“ zu kaufen. Kostet mit Ansichten
1680 3508 2916 3574 9 Nickelgroschen und ist außer von H. H. Ewers gezeichnet
1680 3548 2917 3610 von Victor Hadwiger, Erich Mühsam, René Schickele und
1673 3586 2810 3663 einem Doktor Bläsing, der es sich speziell zur Aufgabe
2824 3605 2920 3661 ge¬
1681 3649 2958 3717 macht hat, die sogenannte „Heimatkunst“ totzutreten. Zus1
1680 3682 2926 3745 ihren Vertretern rechnet er den Elsässer Lienhard, — ob um
1687 3722 2959 3790 seines König Arthur oder der Wartburgtrilogie willen, sagts:
1682 3774 2973 3823 er nicht — nicht aber den Lübecker Thomas Mann, den Ver=!
1685 3816 2945 3898 fasser der Buddenbroks. Er will auch wohl weniger sagen,
1677 3857 2914 3924 die Heimatkünstler passen uns nicht, als die, welche uns
1683 3896 2942 3973 nicht passen, nennen wir „Heimatkünstler.“ Das zu erfahren
1678 3947 2954 4008 ist aus mancherlei Gründen interessant. Es ist eine der###
1674 3970 2962 4065 Schnurrigkeiten, die die literarische Mode zeiligte, und etwas
1671 4019 1833 4099 mehr.
