3392 4352
1597 117 2250 201 neehe
292 136 1291 243 ie Seren 190 eren enden ingn.
2641 156 3267 229 Leben erweckt hat. Aber sein
1464 171 2332 244 etwas Schönes . . . Und heute: „Aus is!“
382 194 1487 270 Der „Reigen“ ist indes, wie gesagt, nicht von heute,
2644 215 3267 268 Knabe, dem seine Colombine
1555 222 2652 280 „Also haben wir voch recht gehabt!“ werden sich nun
289 238 1485 314 während „Der Schleier der Beatrice“ unzweifel¬
2731 253 3267 328 Dann kommt Steinlen.
1467 267 2663 342 viele Leute sagen — denn, „recht zu haben“, darauf kommt
290 282 1482 374 haft ein Hauptwerk Schnitzlers, seiner letzten Schaffenszeit
2642 279 3276 377 der vollgepfropften Omnibusse
1478 328 2650 381 es doch im Leben an . . . Leute aus dem Lande der Gottes¬
279 356 1470 425 angehört. Dieses Drama ist ein im Grundtone hochgestimm¬
2725 354 3283 441 kleinen Mädchen, die, riesi
1468 372 2652 440 furcht und frommen Sitte werden es sich sagen, Leute, die
2647 390 3281 477 das Pariser Pflaster tänzeln
291 393 1468 464 tes Werk, das auf einen übergang hinzudeuten scheint.
1479 404 2652 491 mit gemsbartversehenen Lodenhüten und Touristenjoppen zur
2648 452 3278 526 stadtgassen, in denen das Gesch
287 450 1479 533 Schnitzler macht da zum ersten Male den Versuch, aus dem
1470 471 2651 523 Zeit der letzten Pariser Weltausstellung in der schweißtrei¬
292 498 1473 570 Genremäßigen und Epigrammatischen herauszukommen und
2725 505 3268 578 Als dritter ist sodann L#
1474 501 2647 576 benden Atmosphäre unterschiedlicher Montmartre=Künstler¬
277 550 1477 638 ein breiteres Weltbild aufzurollen. Die Renaissance, die
2649 529 3280 644 kalurist allerersten Ranges, b#
1466 569 2650 622 kneipen einherstiefelten, jedes Kabarett mit einem Fluche ver¬
291 599 1476 660 gelegentlich schon wie durch eine Luke in seine kleinen Szenen¬
2643 602 3258 673 Scharfblicke für körperliche
1472 615 2645 679 ließen, der nach „Schwindel!“, „Humbug“ „Mumpitz“ oder
278 645 1470 711 folgen hereinleuchtete, überglänzt da die ganze Breite der
2653 643 3279 723 Künstler demgemäß, welcher in
1476 665 2653 723 etwas Ahnlichem klang, um hierauf, ein, zwei Hausnummern
280 698 1472 766 Szene. Ernste Kämpfe und Staatsinteressen werden in das
2645 706 3275 764 keine größere Lust kennt, als se
1467 699 2120 793 weiter, vom neuen 'reinzufallen
293 742 1482 818 Toben der Leidenschaften hineingezogen und die Sprache,
2645 742 3283 826 ten voran, so abzubilden, wic
1560 741 2653 824 Freilich: das Montmartre der letzten Exposition
287 797 1479 874 grillparzerisch angehaucht und dabei doch nicht ohne ori¬
2653 780 3291 866 Spiegeln unserer „Lachkabinet
1468 791 2663 895 universelle war gar nicht das eigentliche. Es war ein für!
280 841 1480 923 ginelle Klangfarbe, erhebt sich im Verse zum glücklichen Aus¬
2726 841 3288 922 Und der Vierte ist Hen
1472 849 2037 943 die Fremden hergerichtetes.
290 902 1478 958 drucke des Bedeutsamen. Sicherlich ist in diesem Drama
2646 867 3284 959 Huysmans des Montmartre,
1547 904 2644 979 Aber auch das „eigentliche“ Montmartre liegt im Ster¬
281 944 1477 1003 mehr Reichtum der Vorstellungen und der Charakteristik als
2657 953 3280 1014 Der letzte Sproß des berühm
1473 944 2653 1015 ben. Oder ist vielleicht schon tot. Herr Erich Klossowski
283 989 1483 1049 in irgendeinem vorhergegangenen Werke Schnitzlers, aber
2656 1000 3274 1057 schlechtes, der seine Modelle in
1483 1013 2652 1085 sagt es, ein Kenner der Pariser Bohème, wie man sich ihn
277 1038 1477 1112 auch weniger Sicherheit der Technik, und wenn man näher
2650 1041 3283 1107 cafés findet, der seine Bilder
1469 1062 2653 1127 unterrichteter gar nicht mehr vorstellen kann. Und Herr
272 1086 1476 1160 zusieht, auch noch keine überwindung der Motive, an die
2648 1095 3286 1155 schweifungen skizziert, der, ein
1464 1111 2652 1164 Klossowski, der ein Kritiker bester impressionistischer Manier,
273 1133 1465 1213 die ganze dichterische Jugend des Autors gekettet erscheint.
2657 1136 3298 1197 Scheines, die tausend. Lächer
1469 1166 2634 1227 ja vielleicht ein Dichter ist, hat dem Leben auf der „butte“
2656 1193 3290 1250 Menschen verhöhnt und seine
267 1188 1478 1263 Die tolle Sturmnacht der Schwelgerei, in die das anschei¬
1474 1209 2651 1269 flugs einen Epilog geschrieben, der als fünfzehnter Band
2653 1246 3294 1319 keit medizinischer Arbeiten habe
276 1232 1476 1304 nend dem Untergange geweihte Bologna untertaucht, dient
1469 1251 2660 1320 der von Richard Muther unter dem Sammeltitel „Die
277 1280 1473 1349 doch nur dazu, das alte Thema von dem „süßen Mädchen“,
2643 1283 3187 1359 sen in die Menge wirft.
1477 1309 2654 1373 Kunst“ herausgegebenen illustrierten Monographien im
2682 1310 3290 1424 Das ist die künstlerische B
278 1327 1470 1406 ldas durch die Leidenschaft der Männer zweifach, durch über¬
1478 1356 2655 1420 Verlage Julius Bard in Berlin eben erschienen ist.
2643 1384 2944 1459 Montmartre.
284 1381 1476 1443 schätzung und Verachtung, mißhandelt wird, noch einmal
1558 1419 2652 1473 Der Märtyrerhügel als Sammelpunkt moderner Kunst¬
265 1413 1476 1493 (gründlich abzuhandeln. Der bedrohte Staat, der verant¬
2736 1424 3181 1519 Montmartre ist tot.
1473 1441 2668 1526 beflissenen zählt erst ab 1881. In diesem Jahre gründete
270 1462 1477 1559 wortliche Herzog, das Tosen und Schwanken des Volkes,
1472 1487 2664 1566 Rodolphe Salis sein Kabarett „Au chat noir“, das Kneip¬
278 1527 1466 1598 Das ist alles nur schöne Dekoration, diese ganze aufgewühlte
1469 1539 2110 1637 lokal „Zum schwarzen Kater.“
264 1564 1486 1645 Welt dreht sich um ein kleines, sinnliches Geschöpf, das,
1551 1607 2667 1671 Dieser Salis muß ein närrischer Kumpan gewesen sein.]
269 1627 1483 1704 halb Weib, halb Dirne, von großer Hingebung und klein¬
2872 1614 3299 1726 Des Hauptman
1483 1644 2664 1715 Etwas von Don Quixote, etwas von einem Jahrmarkts¬
280 1674 1483 1760 lichen Begehrungen hin= und hergeworfen wird, bis es in
1472 1701 2667 1769 buden=Ausrufer und etwas von einem amerikanischen Trust¬
2931 1704 3297 1787 Skinze von Anton
280 1720 1479 1798 seiner Gebrechlichkeit, die für die Freiheit nicht geschaffen
1481 1755 2684 1822 Kommandore up to date stak in ihm. „Gott hat die Welt
2853 1761 3303 1859 Deutsch von Stepha#
288 1771 1484 1854 ist, zu Grunde geht. Die überreizte Leidenschaft des Poeten
280 1804 2667 1899 und des Fürsten sucht in dem Kinde eine Größe, die das gemacht, Napoleon hat die Ehrenlegion gegründet, ich habe
2722 1821 3306 1921 Die soeben aufgehende Son#
287 1851 2662 1944 Flitterwesen nicht aufbringen kann; unschuldig=schuldig geht Montmartre gemacht“ —so hat er sich selbst einmal einge¬
274 1945 3298 1998 diese Heldin, die keine ist, an den Enttäuschungen der wilden schätzt. Die längste Zeit hat dieser Rodolphe Salis sein Le¬ Kreisstadt, die Hähne waren kau
2715 1953 3296 2010 aber in Onkel Rylkins Schen
278 1949 2657 2035 Erotiker zu Grunde; der von ihr gefallene Schleier, das ben als mittelmäßiger Bücher=Illustrator fristen müssen.
2643 2000 3292 2068 der Schneider Merkulow, der
273 1996 2660 2084 Symbol der Illusion, mit der sie der Männerblick umklei= Bis es mit dem Illustrieren nicht mehr recht vorwärts gehen
2645 2045 3301 2125 Kassenbote Smechunow. Alle di
271 2084 2651 2148 dete, zeigt sie in der Nacktheit der weiblichen Instinkte, die wollte und er, ohne lang zu überlegen, Boulevard Roche¬
2720 2098 3304 2169 „Red' nicht! Red' nur nich
271 2088 2172 2181 den Stürmen ihres Schicksals nicht gewachsen ist. Also im chouart 84, eine Kneipe aufmachte.
2648 2133 3304 2205 und hielt den Polizisten am Kn#
1558 2123 2644 2218 Was lag denn auch näher? Salis Papa war ein bie¬
277 2165 1484 2235 tiefsten Grunde keine neue Welt: nur die zusammengefaßte
2651 2197 3310 2261 türlich einer aus den höheren
1467 2205 2655 2274 derer Schnapsbrenner und Brauer aus Chatellerault — um
286 2208 1478 2291 Summe der Erfahrungen vom Weibe, die durch alle anderen
2651 2248 3304 2327 Schneider weit mehr als irgend
1474 2252 2650 2317 ein die Menge hypnotisierendes Aushängeschild war der
268 2274 1479 2334 Dichtungen Schnitzlers hindurchgehen; daher auch der tech¬
2639 2304 3193 2364 z. B. einen Kammerherrn
283 2307 2643 2393 nische Hauptfehler des Dramas, das ganz ähnlich wie Suder= Mann, der Poë illustriert hatte, nicht verlegen und voild
2646 2322 3302 2415 Welchen Rang nimmt er ein? 2#
280 2349 2614 2450 manns Schauspiel „Die drei Reiherfedern“ daran leidet, dasMessieurs et Mesdames: Hokuspokus, eins, zwei, drei! —
2645 2401 3301 2469 Arschin Tuch von der besten Gatt
276 2410 2053 2487 Interesse zu Beginn auf Vorgänge zu spannen, die bald Montmartre war geschaffen.
2642 2452 3295 2512 del und Söhne“, die Knöpfe, d
1551 2432 2645 2528 Ein zäher Geschäftsmann muß dieser Salis schon ge¬
274 2454 1297 2548 Darauf der Teilnahme völlig entfremdet werden.
2651 2498 3304 2562 weißen Beinkleider mit den go
1474 2510 2647 2567 wesen sein. Unermüdlich nach neuen „Schlagern“ ausspähend.
367 2506 1479 2578 Aber vielleicht liegt trotzdem in diesem in erhöhter dich¬
2647 2553 3307 2616 ganze Vorderteil, die Manschetten
1455 2551 2646 2610 Energisch bis zur Brutalität, wenn es sein mußte, verschwen¬
268 2561 1479 2647 sterischer Tonart abgelegten Rechenschaftsberichte nicht nur
2643 2605 3311 2669 glänzt in Gold! Und wenn man
1466 2608 2650 2668 derisch mit Geld und Ehren, heute Grandseigneur und Row¬
268 2598 1490 2684 ein Abschluß, sondern auch der Beginn einer neuen Periode
1466 2666 3310 2721 dy morgen. Sonst wäre diesem Rodolphe Salis wohl nicht meister, Stallmeister, Zeremonie##
272 2665 1479 2729 Schnitzlers. Die Art, wie sich der mehr passive Held des
1475 2707 3311 2768 so ein Kraftstück gelungen, wie eines die seccessio der Künst=nister arbeitet ... Kannst du da
271 2712 1478 2786 Stückes zum Schlusse über den wüsten Traum erhebt, um
1471 2744 3315 2820 ler aus dem quartier latin (dem klassischen Boden der nere mich, wie wir für den Hofn
273 2760 1480 2836 sich im Entschlusse zur Tat wieder zu finden, scheint darauf
1473 2789 3306 2869 Schaunards und Musettes), nach Montmartre zweifellos nitsch Wonlarewski arbeiteten. Ei
273 2815 1480 2890 hinzudeuten, und der angeschlagene Ton drängt gleichsam
1464 2854 3300 2917 gewesen war. Monsieur Rodolphe Salis war immer die Wenn man sie in Händen hält, h
272 2858 1027 2964 zu einem neuen Gehalle hin ....
2645 2902 3309 2964 Und dann darf man die hohen
1477 2905 2649 2972 Seele seines Unternehmens — Salis Leibhistoriograph, der
369 2922 1481 2989 Schnitzler ist heute einundvierzig Jahre alt, an jener
1474 2943 3314 3016 Chansonier Gabriel Montoya, hat es festgestellt, der aufhor= gen, wenn man für sie etwas nä
282 2962 1477 3034 Lebensgrenze, die das alte Rom dem juvenis, dem Jüng¬
2636 2989 3312 3062 näht drauf los, anprobiert darf
1474 3002 2654 3075 chenden Nachwelt zu gebührender Kenntnis. Selbst keine
269 3025 1479 3094 ling, steckte, nach unseren modernen Begriffen an der Schwelle
1464 3051 3315 3116 Künstlernatur, hat Salis doch Platz gemacht für andere, richtiger Schneider bist, mußt d#
273 3068 1484 3134 sdes reifsten Mannesalters. Was er bisher geschaffen, gibt
1466 3095 3314 3162 ihnen Möglichkeiten bietend, sich schaffend zu betätigen. Einer daß es paßt. Gerad' so, als ob e
271 3113 1477 3191 sihm zweifellos dichterischen Rang, aber doch nur einseitige
1467 3151 3307 3214 von den Unentbehrlichen also, ohne die keine Kunstbewegung, springen und in seine Stiefel hine
279 3168 1470 3233 Bedeutung. Die echt österreichische, spezifisch wienerische
274 3198 3320 3273 Selbstironie hat er mit großem Glück und Originalität auch die gesündeste nicht, gedeihen mag. In einem finsieren nere mich, in unserer Nähe war die
286 3274 3314 3330 auf urmoderne Verhältnisse, auf das Spiel der Erotik, zwi= Loch, angefüllt, überfüllt mit allerlei Krimskrams: . .. ein und unser Meister, Ossip Jaklitsch
269 3297 3319 3398 schen Gesellschaft, Halbwelt und volkstümlichen Kreisen an=zerschlissenes Meßgewand . . . japanische Waffen: dasmen aus, denen er die bestellten
1475 3351 3315 3417 Glas, aus dem Voltaire getrunken . . . ein Plakat Ché=] So holten wir uns einmal einen
275 3366 1474 3431 gewendet. Dabei leuchteten und blendeten verschiedene Gaben,
2637 3389 3312 3469 form eines Grafen anzuprobieren
1463 3396 2655 3464 rets ... ein Fetzen indischer Seide ... der Schädel und
274 3396 1473 3492 ein Esprit, der manchen vielgerühmten Franzosen übertrifft,
2635 3425 3321 3513 chen? „Zieh' an, Fratga, und fühl
1471 3446 2652 3517 die Flöte François Villons ... eine freche Bronzestatuette
287 3464 1471 3538 eine große Schärfe satirischer Beobachtung, das Vermögen
2639 3498 3321 3566 in die Uniform hinein, und als
1512 3491 2658 3574 .. ein Türflügel im Stile Louis XIII. . . ein Gschnas¬
268 3510 1479 3578 wirksamer und diskreter Farbengebung und mitunter die
2642 3534 3320 3628 sah, riß er die Augen auf, bega
1472 3532 2641 3615 Instrument —— in diesem Milieu hat Salis, Gonfalo¬
284 3561 1475 3632 überraschende Fähigkeit, die Tragik der Opfer, die die ge¬
2642 3580 2914 3678 ohnmächtig
1463 3592 2647 3664 niere der Butte, Gentilhomme=Kabarettier, allmählich tont
267 3612 1467 3673 sellschaftliche Heuchelei fordert, mit zu empfinden. An diese
2712 3622 3316 3731 „Habt Ihr auch für Polizein
1463 3645 2655 3724 Paris um sich versammelt, tout Paris, mit Ausnahme des
278 3658 1481 3747 zuletzt genannte Gabe, die beste und höchste, knüpsen die
1476 3683 2996 3760 satten Philisters, dem allein der Eintritt verwehrt war. Da= sich Smechunow.
275 3725 1203 3806 Hoffnungen für sein weiteres Schaffen an.
2717 3726 3320 3809 „Hälst du die etwa für wich
1474 3744 2658 3813 für standen vor „Chat noir“ in langer Reihe gar elegante
375 3745 1476 3821 Aber es sind zunächst nur Hoffnungen. Wie er jetzt
2639 3785 3321 3870 burg laufen sie herum, wie unge
1473 3805 2639 3861 Equipagen. Da stieg die Marquise aus, um sich nach einem
278 3808 1484 3880 dasteht, mit der vollentwickelten Kunst des epigrammatischen
2635 3841 3310 3913 zieht man ehrerbietig die Mütze
284 3854 2648 3926 Dramolets und der psychologischen erotischen Novelle, ein langweiligen Souper ihre Nervenfrissons zu holen, der De¬
2635 3890 3310 3961 man: „Mach Platz, stehst mir ja
283 3894 2639 3975 Diamantschleifer des kostbaren Einfalles, den Blick rastlos putierte, der Dichter und die Kokotte des Tages, der Laden¬
2641 3928 3320 4001 für Militär und für die ersten vi
1462 3939 2647 4020 schwung, der vielleicht soeben in die Kasse seines Chefs ge¬
283 3955 1482 4021 auf das sexuelle Geheimnis der gesellschaftlichen Verirrun¬
2630 3992 3328 4062 sind Kunden! Gehörst du beispiels
1465 3992 2634 4062 griffen hatte, der Provinzler, der sich in Paris eine lustige
283 4006 1475 4081 gen gerichtet, erscheint er zunächst in die Enge gebannt, die
2636 4034 3346 4113 dann kommst du gar nicht in Bet
281 4039 2619 4108 er vertieft, aber nicht überwindet, mehr ein Virtuose, denn Nacht leisten wollte. Und allen, allen, nahm — non olet —
2632 4086 3338 4174 ist alles fertig; denn außer dem ###
284 4103 2652 4182 ein Künstler von weitem und grokem Blicke, mehr eine Spe=Monsieur Salis ihr Geld ab. Als er sich (März 1897) zum
