3392 4352
88 144 691 225 Pre eeneie Pere muninestens
685 146 3047 234 leltisch vielleicht noch kunstvoller als in „Liebelei“, aber nicht demütigt und die Feimnamnter #emirr.
92 205 684 275 her Vers. In diesem Idealis¬
681 202 3054 286 mehr so volkstümlich echt, nicht so tief aus der Natur heraus mit dem Dolche“ vermählt sich die Gegenwart mit der
90 257 689 326 [Franzosen, die überhaupt
685 252 3059 337 empfunden. In „Freiwild“ handelt es sich um die Vergangenheit, aus einem Renaissancegemälde steigt die Lei¬
82 297 684 377 ngeschlecht stark beeinflussen,
693 298 3055 382 „kleine Schauspielerin“, die als freigegebene Jagdbeute gilt denschaft, von der eine Frau bedrängt wird, verheerend
87 364 693 443 Schnitzlers; aber er meistert
1864 355 3062 425 und warnend in einer zusammengedrängten Tragödie herauf.
688 368 1868 424 und deren Verteidiger sich in nutzlosem Kampfe verbluten
1877 416 3060 464 Drei kühne Phantasiestücke, in denen die Farbe den Aus¬
690 417 1870 476 muß, obgleich er als moderner Mensch auch dem Vorurteile
1875 450 3055 517 schlag gibt. Dagegen entscheiden die physiognomische Fein¬
104 432 699 524 im kleinen stehen die beiden
692 465 1882 542 des ehrenreinigenden Zweikampfes zu trotzen sucht. Mit der
1872 498 3059 578 heit und der Puls der Empfindung für die zarte Szenen¬
118 510 691 573 Novelle „Sterben“ und das
685 512 1872 574 Frage der illegitimen Verhaltnisse, die bei Schnitzler von
1878 540 3065 618 folge „Lebendige Stunden“, in der der alte Ge¬
96 551 702 617 rück. Sie leiden beide an dem
685 563 1876 640 flüchtigen, brutalen Abenteuern bis zur lastenden wilden
92 605 695 675 struktion, der störenden Ab¬
1875 594 3062 667 liebte und der junge Sohn einer Dahingegangenen einander
694 613 1873 667 Ehe immer wieder den Fruchtboden der Konslikte bilden,
1866 655 3067 714 entfcemdet werden, ohne daß ein Konflikt im herlömmlichen
110 654 690 713 wird in peinlich erschöpfen¬
697 663 1869 724 ist hier das Duellmotiv verknüpft, vielleicht das ein¬
1871 706 3073 761 Sinne sich zwischen sie stellt. Aber die Trauer des Mannes,
94 692 701 762 er wilden Ehe dargestellt, in
697 713 1876 772 zige gesellschaftliche Problem, das der Dichter neben den
1880 753 3075 811 dem die Geschiedene ein Stück Leben geblieben, wendet sich
98 754 690 814 rfallen ist und in egoistischer
696 763 1872 821 sexuellen bevorzugt und das er auch einmal abgelöst von der
1874 798 3076 860 bitter von der Wehmut des Künstlers, der den Schmerz in
138 806 693 859 ketten möchte, während die
689 810 1163 887 Erotik behandelt hat.
128 836 712 921 Schauder und Lebensdurst
1861 847 3066 917 einen Genuß und die Erinnerung in ein Schattenspiel zu
780 835 1871 927 Ist schon in „Freiwild“ vieles künstlich zugespitzt, so
1866 895 3071 958 wandeln weiß. Die Ironie der letzten Hoffnungen, die der
114 905 695 968 Hingebung in den Tod mit
696 904 1879 981 ruht das „Vermächtnis“ völlig auf kasuistischer Grund¬
1880 939 3074 1010 Mensch dicht am Grabe aufpflanzt, gibt der bizarren und
130 951 696 1010 Psychologie, aber auch viel
702 956 1877 1019 lage. Es ist die augenscheinlich nicht innerlich erlebte, son¬
1875 992 3054 1057 doch nicht abstoßenden Spitalskizze „Letzte Masken“
96 999 688 1066 auf beiden Seiten dialektisch
697 1004 1873 1067 dern erdachte Tragödie des Erb= und Witwenrechtes der
1869 1042 3064 1113 ihr eigentümliches Gepräge; auf einem engen Raume drän¬
107 1051 702 1119 quälerisches Buch, aber geist¬
702 1066 1877 1118 Geliebten. Der auf einem Spazierritte verunglückte junge
1877 1090 3072 1160 gen sich da die Narren der Verkommenheit, die noch in den
98 1098 700 1169 ksch für Schnitzlers Methode,
695 1104 1878 1171 Lebemann verlangt sterbend von seinen Eltern, daß sie der
1872 1141 3069 1208 letzten Atemzügen nach versagter Genugtuung lechzen und
105 1152 704 1214 den Götzendienst, den sie mit
700 1149 1875 1217 Mutter seines natürlichen Kindes dieselben Rechte ein¬
1881 1181 3075 1254 die des Weltglückes, die im Gefühle ihrer Nichtigkeit hun¬
99 1207 702 1282 ten Körper treibt, ad ab¬
693 1201 1880 1265 räumen wie einer Schwieg##ochter. Das durch solche Be¬
1877 1219 3082 1313 gern; in starten Kontrasten zusammen, alle miteinander
691 1248 1878 1326 schwörung erzwungene Verhältnis erhält sich in der Schwebe,
1881 1280 3090 1352 Verurteilte, aus deren Masken der hohle Blick der unhen¬
692 1291 1886 1366 so lange das Kind der wilden Ehe die grundverschiedenen
102 1285 706 1376 chen“, ein von den Bühnen
1875 1331 3073 1408 baren Krankheit hervorleuchtet. Im Grunde ist's vieselbe
699 1355 1879 1410 Elemente notdürftig bindet; mit dem Tode des Kindes sinkt
104 1360 703 1429 andel vergriffenes, nicht mehr
1878 1379 3080 1454 Welt, die sich in dem kecken Capriccio „Literatur“ ent¬
696 1399 1879 1472 dessen Mutter in d#e Stellung der aufgedrungenen Haus¬
98 1405 708 1477 Keime späterer Schnitzlerscher
1874 1418 3091 1497 hüllt, nur daß da die Streber hinter ihren Masken noch
708 1451 1880 1516 genossin zurück und die Familie entledigt sich ihrer mit einer
101 1463 704 1518 v ist durch das knappe Wort
1871 1486 3083 1560 lachen lönnen und lachen machen, weil ihre Frivolität jede
705 1497 1881 1556 durch Redensarten schlecht verhüllten Härte, die die Ver¬
101 1507 700 1571 ena“: „Darüber kann kein
1886 1532 2775 1609 Ahnung der inneren Zerstörung ausschließt.
699 1550 1882 1614 lassene in den Tod treibt. Eine Gestalt des Stückes, die
100 1562 706 1627 Die Behandlung ist insofern
1967 1554 3084 1648 Parallel mit diesen dramatischen Studien laufen noch
706 1601 1886 1663 des liberalen, aufgeklärten, redekundigen Vaters, der über
122 1602 710 1673 der „nicht darüber hinaus
1876 1634 3074 1708 zwei längere Novellen, in denen Lieblingsprobleme Schnitz¬
701 1644 1881 1712 alle Merkworte vornehmer Empfindungen verfügt und dabei
108 1653 700 1723 ine widerspricht. Des Stückes
1884 1681 3078 1755 lers ausgesponnen werden: „Berta Garlan“ und
703 1688 1890 1762 allen egoistischen und engherzig philiströsen Instinkten folgt,
104 1693 699 1774 r, in der die Menschen das
1879 1724 3077 1801 „Leutnant Gustl“. Die eine steht, bewußt oder un¬
709 1755 1881 1811 gehört zum Eigenartigsten und Lebendigsten, das Schnitz¬
109 1756 701 1823 sie zu Grunde gehen; während
1885 1774 3072 1851 bewußt, unter dem Einflusse der „Madame Bovary“.
696 1794 1880 1853 ler geschaffen hat. Das ganze Stück aber leidet unter der
112 1808 708 1868 her charakterisiert sind, ist die
1880 1833 3081 1912 von Flaubert. Ein entgegengesetzter Hauptcharakter freilich,
699 1843 1886 1908 Gewaltsamkeit der Voraussetzung, unter dem Drucke einer
109 1853 708 1915 bsichtlichkeit: der Ankläger der
1892 1878 3082 1953 aber dieselben Verhältnisse der Kleinstadt, die im Zwange
705 1892 1885 1962 Forderung, die Gegensätze, die sich nur durch das Gefühl
123 1904 708 1971 immerwährend in die Rede;
1885 1925 3087 1995 der Heuchelei alle Leidenschaften pervers werden läßt und
710 1943 1898 2009 ausgleichen lassen, vertragsmäßig überbrücken möchte. Ein
117 1953 628 2026 gut, woran sie scheitern.
1889 1975 3087 2051 gegen deren Dumpfheit die erwachende Leidenschaft einer
698 1985 1892 2055 Toter will da vom Leben erzwingen, was es nicht halten
118 1972 706 2064 zerschlagenen oder weggewor¬
1889 2044 3079 2100 temperamentvollen Frau reagiert. Berta Garlan ist indes,
701 2044 1884 2102 kann, und das Gefühl, daß Unerschwingliches verlangt wird,
106 2045 709 2112 rstlingsdramas der Geist aller
1882 2079 3076 2143 wie gesagt, keine Bovary. Sie sinkt nicht in den Taumel
704 2090 1883 2164 tritt unserer Teilnahme für die betrogene Erbin hemmend
118 2101 710 2167 n hervor: immer kehrt das
1870 2129 3087 2200 großstädtischer Gemeinheit hinab, aber sie wird durch die
715 2148 1039 2215 in den Weg..
124 2149 715 2208 Antinomie wieder, daß die
1883 2164 3092 2247 Berührung mit dem Zynismus aus dem ersten Rausche
779 2201 1896 2252 Es liegt etwas Epigrammatisches in den meisten
110 2186 720 2268 Weibe begehrt und sein Hoch¬
1892 2225 3086 2293 ihres Lebens herausgerissen. Die Art, wie sie mit allen
713 2232 1892 2299 Entwürfen von Schnitzler, etwas wie ein tragischer Witz
112 2246 715 2333 ie alles gewährt, erbarmungs¬
1897 2276 3087 2347 Mitteln der Selbsttäuschung das Abenteuer, dem sie ent¬
707 2297 1894 2359 des Schicksals, der ein Mißverhältnis grell beleuchtet. Für
1889 2322 3094 2399 gegentaumelt, idealisiert und wie sie sich aus Erniedrigung
710 2340 1890 2399 dichterische Einfälle dieser Art ist die knappste Form immer
106 2327 709 2417 Schnitzlers, sein Schauspiel
1892 2384 3094 2458 und Beschämung emporarbeitet, ist psychologisch meisterhaft
707 2395 1890 2453 die glücklichste. Der Versuch, die Ausnahme in Verwicklun¬
111 2387 714 2468 serwurf auf dem gekennzeich¬
1888 2435 2220 2515 veranschaulicht.
712 2435 1895 2510 gen fortzuspinnen, fällt leicht in die Unnatur. So sind denn
111 2444 710 2517 ihm, die Konstruktion völlig
1980 2469 3083 2546 In „Leutnant Gustl“ wird das Duellmotiv noch¬
715 2494 1898 2565 auch seine kurzen Produktionen —— auch „Liebelei“ ist kein
110 2495 712 2556 lle von scheinbarer Alltäglich¬
1894 2534 3077 2593 mals aufgegriffen, energischer, sarkastischer und lebens¬
713 2544 1896 2614 völlig ausgewachsenes Theaterstück — weitaus die glück¬
124 2545 716 2609 enthüllen. Das bei ihm typi¬
1896 2563 3093 2644 wahrer als in „Freiwild“ mit einer künstlerischen Fertig¬
713 2589 1892 2651 lichsten und interessantesten. Unbedeutend ist keine dieser
124 2593 715 2659 s der Vorstadt wird zu einer
1896 2619 3094 2704 keit und scheinbaren Absichtslosigkeit, die jeden Beigeschmack
707 2642 1890 2702 räumlich engen Produktionen; in jeder steckt ein sinnreich
110 2644 716 2707 einer Lokalfarbe aufzugeben.
1887 2684 3085 2743 der Lehrhaftigkeit ausschließt und die doch der inneren
714 2692 1894 2751 angepacktes Motiv, eine sein. psychologische Beobachtung, in
124 2694 715 2761 ft und in aller Fülle reinster
1888 2726 3082 2796 Tendenz nichts von ihrer Stärke nimmt. Was Schopen¬
716 2744 1888 2807 mancher auch Tiefe der Empfindung, überall ist der Ausgang
111 2741 724 2800 kliebte eines grünen Jungen,
1889 2779 3094 2842 hauer so drastisch von der ehrenreinigenden Kraft des Zwei¬
713 2791 1889 2853 ein pessimistischer, bald ein greller Notschrei, bald
107 2797 713 2866 deutet und der in seiner Tor¬
1888 2829 3085 2899 kampfes sagt, ist vielleicht nie überzeugender illustriert wor¬
712 2838 1887 2902 eine wehmütig verhallende Klage. Also ein abgegrenztes
112 2840 715 2907 nes absolviert. Der Lebejüng¬
1888 2873 3089 2932 den als durch diese Leutnantsgeschichte, deren Held in den
721 2888 1897 2971 Stimmingsgebiet, ähnlich wie die Einschränkung der
102 2887 720 2967 andel verwickelt und zu einem
1887 2922 3092 2995 Tod gehen zu müssen glaubt, weil ein brutaler Kraftmensch
715 2937 914 3021 Motive.
123 2939 718 3014 Augen, fühlt er, daß er mit
1885 2968 3090 3023 ihn unter vier Augen demütigte und ohneweiters ins Gleich¬
807 2955 1898 3047 Die Nachbarschaft von Tod und Leidenschaft finden wir
107 2978 724 3055 das Vorstadtmädchen geknüpft
1889 3023 3102 3089 gewicht gerät, da sein Peiniger, der allein von dieser Sache
726 3018 1902 3091 in den Novellen „Der Abschied" und „Die Toten
110 3037 720 3100 inzugesteben, daß er für eine
1898 3073 3096 3146 weiß, vom Schlage gerührt wird, ehe er sich seines Triumphes
724 3084 1892 3147 schweigen“ wieder, Skizzen, in denen die geistreiche Kom¬
126 3095 725 3159 ist. Er fällt im Zweikampfe
1904 3118 3098 3188 rühmen kann. Man wollte bekanntlich den Dichter, der nach
715 3136 1906 3195 bination das Gefühl stark zurückdrängt. In beiben wird
118 3138 729 3209 finge wird für das Opfer der
1896 3163 3101 3236 der allgemeinen Wehrpflicht gedient und als Oberarzt der
722 3183 1894 3242 die auf Schleichwegen gehende Sinnlichkeit durch eine Ka¬
118 3186 714 3254 od des Geliebren allein würde
1890 3219 3095 3285 Armee angehört hatte, wegen dieser Novelle vor ein mili¬
724 3236 1893 3295 tastrophe furchtbar aus ihrem schwülen Traume aufgeschreckt.
111 3236 733 3317 n; die Todesursache bedeutet
1891 3274 3100 3333 tärisches Ehrengericht stellen. Es war nur konsequent, daß
722 3286 1902 3348 Verwandt, aber tiefer greifend in der Empfindung ist der
118 3288 721 3352 rzweiflung, die in den Selbst¬
1888 3315 3097 3392 Schnitzler die Vorladung mit der Niederlegung seiner Charge
729 3329 1905 3395 Einakter „Die Gefährtin“ die Geschichte eines Man¬
122 3319 736 3409 naufdringlicher Chorus der
717 3374 3102 3440 nes, dem am Grabe der Gattin deren Untreue enthüllt wird: beantwortete, und sein Werk, das vor das Forum des gan¬
117 3376 721 3456 klassenen, ein alter Vorstadt¬
1896 3414 3102 3500 zen Volkes gehört, nicht vom Standpunkte einer militäri¬
726 3423 1906 3489 die Entdeckung soll seine Trauer scheuchen und zerbricht
122 3432 725 3505 nnerlich Künstler, eine merk¬
1892 3482 2631 3548 schen Standesfrage beurteilen ließ.
717 3482 1904 3544 seinen idealen Halt. Zu den feinsten seelischen Studien zählt
113 3471 727 3565 u Schillers altem Miller, der
1977 3497 3097 3578 Die beiden Bücher Schnitzlers, die in der jüngsten Zeit
725 3520 1908 3590 die kurze Erzählung „Die Frau des Weisen“, eine
129 3536 732 3607 idet, und zu Hebbels Meister
1900 3549 3076 3627 erschienen sind, die Folge von Gesprächen, die er „Reigen“
719 3579 1914 3633 Episode aus dem Tagebuche eines jungen Lebemannes. Der
127 3578 730 3662 ehr verstehl“ einer von den
1903 3613 3094 3675 betitelt, und das Versdrama „Der Schleier der Bea¬
132 3614 1907 3694 der trotzdem sinnierend auf Begehrlichkeit des Gewissenlosen stellt sich da ein wunder¬
1897 3658 3087 3738 trice“ dürfen nicht in eine Linie gerückt werden: sie
125 3670 1911 3750 Recht hat, der Jugend Rausch liches Hemmnis entgegen: der Gatte der leichtfertigen Frau
1899 3710 3086 3773 liegen weit auseinander im Werte, in Charakter — glück¬
135 3724 1906 3797 damit eine nüchterne, targe hat dieser einst eine harmlose Liebelei mit demselben Manne,
1913 3762 3093 3820 licherweise auch in der Entstehungszeit. Wäre „Reigen“ wirk¬
114 3747 1910 3857 rall unaufdringlich die Tragik der ihr nun ernsthaft gefährlich wird, verziehen. Sie weiß
1901 3807 3098 3877 lich Schnitzlers letztes Werk, so müßte man vor der Er¬
122 3817 1915 3897 die Ehrbarkeit heucheln und nichts von dieser Begnadigung, der Liebhaber aber erfährt
1893 3854 3095 3916 nüchterung seines Talents erschrecken, an der Entwicklung
126 3866 1912 3941 dürfnissen der Genußr enschen es mit stiller Bewunderung und dieses stille Verzeihen des
128 3914 3089 3996 egenheit und Affektation, nicht Gatten umgibt die Frau, die durch keinen Tugendpanzer seines inneren Wesens verzweifeln — ja noch mehr, als
132 3937 3108 4062 ger Naturen, die sich mit dem geschützt ist, wie eine undurchdringliche Wolke. Der Lieb= Schlußstein der ganzen bisberigen Produktion würde dieseh
