3436 4352
911 224 1375 327 box 37/3
201 225 803 341 2. Cuttings
1519 1360 1577 1454 —
2842 1364 3373 1437 wirtschaftlichen Dienstbotenn
2836 1423 3376 1479 und Invaliditätsversicherung
468 1437 2838 1499 wirklich Malheur; muß er gerade den „Wiener Herrn Salkind zufolge, der das Sammelsurium von
2837 1467 3371 1539 Arbeiter und die Prämiierun
484 1483 1656 1552 Schnitzler durch zwei Kunstlebensformen charakterisieren
1657 1495 2844 1556 Mord und Laster eine Schicksalstragödie" nennt, „leb¬
2833 1504 3229 1558 längerer Dienstzeit;
2933 1533 3365 1598 Dr. Stumpf, Schraff
472 1538 1658 1605 die für Wien fast nicht existiert haben, in denen sich
1655 1538 2838 1607 haft an ein Shakespearesches Stück“ Schnitzler verfährt
2838 1550 3374 1638 bahnverbindung von Salzbur
464 1575 1659 1647 Wien gar nicht, am wenigsten aber in persönlicher Weise
1662 1567 2840 1646 darin, „wie es vielfach Shakespeares Gewohnheit war“.
2843 1618 3374 1675 St. Johann in Tirol und v#
474 1631 1655 1697 geäußert hat Vermutlich meint Herr Salkind die Barocke.
1657 1632 2849 1705 Nun, wenn der Herr Salkind keine Ahnung von
2925 1647 3359 1709 Dr. Mayr, betreffend
480 1687 1661 1742 in der Wien ein Jahrhundert nahezu ausschließlich gelebt
1657 1682 2841 1743 Renaissance und Rokoko hat, so darf man sich nicht
2836 1669 3364 1758 Kapitalsbeschaffung für die L
2925 1722 3364 1795 Fink, betreffend die Ab
475 1727 1661 1794 hat. Nun denke man sich das jüdische Lebejüngel Anatol
1661 1725 2838 1787 wundern, wenn er nicht weiß, was eine Schicksalstragödie
2925 1770 3365 1826 Dr. Schocpfer, Sch
471 1779 1663 1837 und die aristokratische Grandezza der Barocke! Er hat
1730 1780 2568 1831 und was Shakespeares Gewohnheit ist.
2838 1786 3374 1853 Enneberger Konkurrenzstraße
467 1819 1586 1872 auch Pech mit seinen Vergleichen, der Herr Salkind.
1742 1818 2846 1883 Aber das lustigste ist, daß Herr Salkind auch nicht
2833 1837 3366 1921 sowie der Kampolongostraße
571 1885 1660 1940 Aber vernehmen wir weiter die glorifikanten Lobes¬
1652 1849 2844 1923 einmal weiß, was Herrn Schnitzlers „Gewohnheit“ ist.
2936 1880 3372 1957 Schraffl, #treffend d
2836 1923 3123 1994 Gendarmerie;
473 1894 1660 1993 hymnen des gelehrten Herrn Salkind: Christine, das
1661 1917 2842 1980 Er versteht nämlich seinen vielgepriesenen Autor gar
2926 1936 3340 2024 Siegele, Niedrist,
473 1965 1656 2035 „süße Mädel“ in Schnitzlers „Liebelei“ ist eine der
1655 1971 2844 2045 nicht und versagt an den entscheidenden Stellen. So
2839 1984 3358 2060 nahmen zur Förderung der
480 2020 1660 2083 greinsten und schönsten Gestalten“; sie befindet sich in
1659 2027 2834 2089 weiß er nicht, daß das katastrophale Moment im „Frei¬
2822 2034 3350 2098 produktion und zur Hebung
474 2054 1107 2135 voller Uebereinstimmung mit
1091 2051 1657 2131 — Gretchen im „Faust“.
1662 2065 2839 2130 wild“ darin besteht, daß Karinski Ränning zum Duell
2930 2066 3361 2133 Dr. Ritter v. Wittek,
2832 2116 3362 2174 des Lokalbriefportos und der
469 2096 1653 2170 Das ist jedoch nicht genug, nicht bloß Goethe hat
1663 2115 2846 2174 zwingen muß, wenn er selbst nicht ruiniert sein will.
1662 2161 3352 2221 Er ahnt auch nichts von der Bedeutung der Figur der das Haus wolle beschließen:
469 2161 1664 2214 Schnitzler vorgefühlt, nein, Ibsen ist von Schnitzler in
2819 2191 3370 2255 Verordnung des Handelsmi
464 2206 1647 2265 seinem „John Gabriel Borkman“ und „Wenn wir
1658 2212 3363 2273 Irene Herms im „Einsamen Weg“; er weiß nicht, daß bezüglich der Erhöhung des
469 2245 1656 2314 Toten erwachen“ beeinflußt worden: „Da diese beiden
1666 2244 3368 2322 Schnitzler hier das Mittel der tragischen Ironie ge¬abonnementsgebühren zurückz
469 2313 1652 2365 Stücke Ibsens nach der „Liebelei“ erschienen, stehen wir
1663 2302 3368 2361 braucht, indem Fichtner sieht, wo und wie er sich das die hiedurch eingeführte Ve
1654 2348 3359 2400 Glück verscherzt hat, das er jetzt auf seinem „einsamen Abonnementsgebühren behobe
459 2349 1660 2419 vor der bemerkenswerten Tatsache, daß vielleicht auch
2810 2385 3357 2462 die Zuweisung dieses Antrag
464 2404 1665 2459 einmal umgekehrt Ibsen durch Schnitzler beeinflußt
1663 2407 2834 2469 Weg“ vergebens sucht. Endlich versteht Herr Salkind,
2927 2420 3364 2477 Schoiswohl und Gen
464 2453 1656 2511 wurde!“ Herr Salkind sagt es und so muß es denn
1655 2432 2844 2514 der Schnitzler=Kommentator par excellence, nicht den
2832 2437 3375 2540 Minimalprovisionsmaßes im
466 2494 1655 2556 auch wahr sein, daß der große nordische Denker, der
1652 2495 3026 2559 Sinn des Einakters Die letzten Masken“. Nur die Er=jährlich;
2928 2516 3359 2596 Schoiswohl, Pautz,
462 2540 1660 2598 sich um die Außenwelt nicht kümmerte, an seinem Lebens¬
1658 2548 2844 2593 kenntnis von der Hohlheit und Erbärmlichkeit Weihgasts
2831 2556 3362 2642 die Verhinderung der Aufkä
473 2594 1657 2653 abend bei dem Wiener jüdischen Feuilletonisten in die
1655 2591 2844 2648 ist es, die Rademacher bestimmt, sein Geheimnis voll
2835 2629 3360 2697 zu Spekulationszwecken und
468 2634 1645 2702 Lehre gegangen ist. Auch der selige Schiller wird
1655 2640 2476 2708 Verachtung mit ins Grab zu nehmen.
2921 2661 3361 2725 Jedek, betreffend die
471 2701 1657 2768 mobilisiert, weil in „Kabale und Liebe“ — auch ein
1744 2688 2843 2763 Genug. Wir haben uns schon zuviel mit Schnitzler
2825 2683 3089 2771 der Fluren;
2927 2730 3322 2798 Chiari, Peschka, G
471 2729 1488 2793 alter Musikant der Vater der Sentimentalen ist.
1662 2736 2843 2796 und Salkind beschäftigt. „Ein überflüssiges Buch“ lautete
2872 2751 3363 2843 § 5, 7 und 8 A der Geschäft
567 2778 1657 2845 Goethe muß noch ein anderes Mal Zeugnis ablegen
1656 2779 2837 2853 ja der Titel unseres Themas. Wenn nun schon das
2831 2787 3259 2873 Aenderung hätte § 5
473 2837 1653 2895 für Schnitzler. Denn über „Freiwild“ prägt Herr
1666 2835 2840 2897 meiste von dem, was Herr Schnitzler schrieb, überflüssig ist,
2837 2827 3364 2911 Mitte einen Präsidenten und
471 2875 1657 2951 Salkind den lapidaren Satz: „Trotzdem ist dieser
1657 2882 2838 2954 daher das Buch des Herrn Salkind noch viel überflüssiger,
2859 2892 3357 2946 7 hätte zu lauten: „Nach
466 2928 1647 2984 Karinski uns nicht durchaus unsympathisch, er ist unge¬
2829 2905 3368 2978 der Präsident it den Vizepr
1654 2934 2843 3002 wie überflüssig muß dann erst die Besprechung dieses
468 2980 1652 3047 fähr dasselbe wie in Goethes „Egmont“ die Gestalt des
1660 2976 3368 3052 Buches sein. Man denkt an Meggendorfers Bild von Vizepräsidenten für den Fa
2845 3011 3369 3065 des Präsidenten sämtliche O
461 3005 1650 3092 Herzogs von Alba.“ Herrlich! Der eherne Toledauer,
1655 3029 2844 3091 dem Maler Klecksel, der einen Maler malt, wie er einen
2835 3040 3362 3100 übernehmen und ordnet den
467 3083 1656 3133 ein Fürst und Staatsmann gewaltiger Art, und der ver¬
1650 3078 2842 3132 Maler malt. Zur Entschuldigung dieses Aufsatzes möge
2836 3087 3361 3153 lauten: „Das Haus wählt au
475 3122 1656 3183 schuldete, verbummelte Oberleutnant Schnitzlerscher Mache!
2830 3125 3132 3188 führer...“);
1657 3123 2834 3178 dienen, daß ja diese Ueberflüssigkeit darin erst ausdrück¬
2919 3146 3371 3229 Dr. Lueger, betreffend
472 3176 1650 3229 Selbstverständlich fehlt unter den subalternen Vor¬
1656 3178 2848 3256 lich festgestellt und nachgewiesen werden sollte. Aus diesem
2825 3192 3359 3263 Ausschusses zur Vorbereitung
459 3220 1651 3285 läufern Schnitzlers auch Shakespeare nicht. „Der Schleier
1651 3219 3361 3316 Grunde verzeihe man der langen Rede kurzen Sinn. Erinnerung des sechzigjährig
470 3266 1686 3354 der Veatrice", diese alberne „Raubersg'schicht“, erinnert!
2682 3270 3037 3353 L. Josef I.;
1989 3338 2301 3435 K
