3392 4320
228 220 820 329 2. Guttings
922 215 1375 307 box 37/3
1914 116 3024 149 grundverschiedenen Charakteren mänmpigen lehr- und er¬
1905 139 2146 193 gebnisreich.
1948 154 3040 207 Die Charakteristiken jener drei Dichtergestalten — denn
1904 200 3044 248 wir bekommen da nicht etwa registrierende und erzühlende
1902 239 3048 285 Biographien — aus der Jand hingebender, Nachfühlender, da¬
1898 281 3041 320 bei aber kritischer Porträtisten, weichen nuch Standpunkt, An¬
1897 306 3039 354 Jage und des Verfassers Fähigkeit stark von einander ab. Auf
1910 338 3036 379 meisten entspricht den Anferderungen eines großzügigen Kon¬
2943 374 3045 421 der
1909 372 2903 412 terfeis das verhältnismäßig dünne Heft Oskar Hoys
1912 398 3052 450 trotz seiner persönlichen Zutunlichkeit und der Ver-oitem Ne¬
1900 435 3042 477 krolog (auf den Tod seines Helden, 9. April 1907 geht die
1902 471 3050 519 Darstellung zurück) erklärlichen intensiveren Wärme der Pio¬
1902 499 3047 555 tät die prüchtige Figur Max Haushofers wundervoll rund
1900 530 3047 584 hinstellt, in ull ilnkm edlen Wollen, ihrer ruhelosen und doch
1915 577 3051 629 so bewußten Sehnsucht, ihrer gemütvollen, oft mit Humor ver¬
1902 607 3051 649 brämten Phantasie. „Der ewige Jude“, „Unhold, der Höhlon¬
1910 642 3041 691 mensch“, „Geschichten zwischen Diesseits und Jenseits“, „Die
1912 673 3042 715 Verbannten“, „Planetenfeuer“, „Prinz Schnuckelbold“, dane¬
1914 703 3044 743 ben kleinere Erzeugnisse rücken da vor unser Auge einen ech¬
1900 741 3048 784 ten und großen Dichter, der sogar gut literaturbewanderten
1899 767 3051 821 Zeitgenossen leider nur vom Hörensagen bekannt daher auch
1910 804 3047 850 velen Handbüchern völlig entgangen ist. Gerade das öfters
1909 842 3043 888 Sprung-, fast Aphorismennafte der Heyschen Larlegungen
1915 878 3036 923 gieht zu der stilsicheren und überaus svmpathischen“ Eigenart
1904 914 3037 959 Haushofers hinan, die sich zwar nicht leicht, aber dann, wie
1915 941 3047 991 man weiß, um so nachdrücklicher eröffnet, und möge ihr, der
1916 971 3053 1017 ausgesprochenen Absicht gemäß, ehrliche Freunde exwerben:
1910 1012 3047 1060 hoher Genuß und nie oberflächliche Anregungen belohnen je¬
1911 1045 2597 1089 den, der seine Bekanntschaft macht.
1960 1069 3051 1127 Von den beiden Lebenden in unserem ungleichen Terzett
1911 1112 3047 1156 gehört zwar Paul Heyse mit Haushofer dem „Münchener Dich¬
1905 1147 3051 1184 terkreis“ an; doch verknüpft innerlich nichts den in Isar-Athen
1902 1181 3052 1225 fest eingewurzelten Berliner mit dem durch und durch künst¬
1903 1215 3041 1259 lerisch veranlagten eingeborenen Malerssohn. Immerhin bre¬
1902 1237 3044 1288 ohen das gleichsam südländische Temperament, der scharfe
1912 1268 3055 1324 Stich in romanische Lebens- und Liebesauffassung, die Freude
1915 1323 3051 1359 an den Trieben freier Menschennatur, der Drang zu wahrhaft.
1899 1351 3044 1386 künstlerischem Einschlag in Inhalt und Form der Poesie, im¬
1905 1384 3052 1439 hner wieder durch. Das Bündchen 4 der Sammlung „Moderne,
1903 1413 3068 1456 Geister“ wo Viktor Klemperer dem vielseitigen Musendienste
1899 1450 3052 1501 Paul Heyses gerecht zu werden sucht, liefert kein geschlosse¬
1911 1485 3047 1531 ines Bild seines doch im Großen einheitlichen Wesens. Eine
2986 1517 3063 1574 nd
1911 1522 2946 1566 knappe Lebensskizze leitet ein, die eigentlich nur die Ju
1906 1552 2905 1598 bis zum entscheidenden Eintritt in die münchener Sphin
1905 1590 2887 1632 überziehen läßt, andernteils nicht bloß den maßgeblic
1911 1626 2887 1671 drücken des Elternhauses und der berliner und itali
1906 1654 2893 1703 Jünglingsperiode, sondern auch der eigenartigen Stel
1901 1690 2899 1733 der bayerischen Hamptstadt ein paur nötige Worte a
1905 1719 2903 1761 dungsfaktoren“ Heyses zuweist. Das Isolierte in desser
1909 1760 2913 1803 rer Position seit einem reichlichen Menschenalter wä
1905 1794 2913 1833 hervorzuheben, so wie es allerdings nur jemand richtig
1916 1826 2910 1877 stellen kann, der ernster in die neueren Münchener Lit
1906 1860 2800 1900 und Gesellschaftsverhältnisse hat hineinschauen
1910 1894 2783 1940 wurzelt auch der durchans spezifische Typus 8
1909 1926 2757 1973 Tür ihn auf die Dauer das Bezeichnende. Dies
1908 1960 2748 2014 rers Eindringen von vornherein heraus und ver
1918 2002 2751 2039 dem er fortwährend die in früheren Novellen
1922 2028 2760 2068 Töno später und anderwärts weiterklingen hör
1908 2064 2759 2108 Zusammenhang empfohle sich die Reihenfolge
1916 2097 2774 2145 mane, Verse, Uebersetzungen, Dramen, weil org
2647 2131 2787 2176 51) „eir
1907 2128 2629 2181 wie Ja die Klemperers sich selbst (S.
1917 2158 2850 2201 kürlich und gar nicht wissenschaftlich“ nennt.
1910 2196 2872 2235 wirkt der Abschnitt über Hevses großes, auch üst
1917 2228 2866 2280 Werdienst um die Gewinnung der italienischen Lyrik
1908 2271 2864 2309 zennten und des neunzehnten Jahrhunderts für das
1915 2299 2832 2344 in Uebertragungen und biographischen Glossen.V
1926 2330 2856 2384 jedoch Paul Heyse, dessen romanistische Fachbildung
1916 2375 2855 2410 nach Gebühr hervorhebt, als (bayerischer) Professo
1920 2396 2846 2458 wird (S. 45 und S. 94), so schenkt er dem Dichterei
1925 2436 2513 2492 den er selber nicht beansprucht.
1963 2451 2895 2511 Und nun führt Schnitzler, der glücklichste Nac
1919 2503 2870 2553 weitverbreiteter gesellschaftlicher Stimmungen aus d
1927 2537 2859 2583 vor und um 1900, wo er geboren, wurzelt, aufgewac
1932 2566 2840 2608 Poeten geworden ist und stündig schafft in das neue
1916 2609 2838 2646 hinüber, wührend gerade sein angeblich konsequen
1917 2641 2840 2687 sentimental angekrünkelter Naturalismus mit den 1
1919 2674 2843 2715 anmutenden, im Kerne — das sei beileibe kein V
1926 2708 2853 2751 „schon dagewesenen“ Problemen, fast eine Brücke
1916 2743 2867 2785 wwärts schlagen heischt. Die stärkste Kraft der „Jungö
1927 2778 2863 2818 schen Schule“ und doch eben er eine unabhängige
1915 2806 2884 2851 neuzeitlichen Literaturpflege in Erzühlung und Dram¬
1931 2847 2902 2891 Gedanken erwecken in uns Alnxander Salkinde
1930 2877 2925 2922 über Arthur Schnitzlers Hauptscnriften, nämlich
1928 2913 2922 2955 zwanzig an der Zahl, vom prügnant einsetzenden
1933 2933 2932 2986 teiligen „Anatol“-Zyklus (1893) herunter bis zu den fü
1928 2986 2935 3022 talistischen Sovellen „Dümmerseelen“ von 1907. Salkint
1926 3006 2928 3055 Ivsiert die samt und sonders bedacht, entworfenen Gab
1927 3044 2934 3087 Tleißigen Schriftstellers gründlich, bisweilen sogar zu
1928 3078 2953 3121 lich, indem er neben seine öbrigens geschickt zusammen
1930 3120 2964 3158 genden, Inhaltsauszüge allerlei Urteilsergüsse stellt, we
1923 3147 3044 3189 oft mit Hilfe seines rasch verfügbaren Zitatenschatzes, dem
1919 3180 3058 3218 Leser jede llerzensfalte der auftretenden Menschen bloßlegen,
1919 3214 3055 3254 jiede Maßnahme umdt jede halb angedeutete Idee des Verfassers
1926 3241 3051 3292 kaum weniger. Doch können die Literaturfreunde, voran die
1926 3274 3063 3322 wweithin verstreuten Verehrer der Schnitzlerschen Weise hier
1922 3320 3060 3362 einen sorgfältigen- Pfadweiser begrüßen: in Salkinds Einzel¬
1926 3346 3063 3398 photographien der Kinder dieses „markantesten“ wiener Dich¬
1923 3378 3053 3431 ters der, stets geistvoll und unterhaltend, selbst wo er „er¬
1925 3422 3057 3473 müdet und erschlafft“, sich bemüht, „die anderen aufzurütteln
1926 3443 2300 3504 und aufzuheitern“.
1977 3461 3060 3529 Als Nationalökonom und Statistiker war Haushofer der
1921 3509 3066 3568 Professor der münchener Technischen Hochschule bis an den
1922 3546 3071 3602 Tod beamtet und in der Einbildungskraft durch seine schein¬
1931 3573 3062 3627 bar trockene Wissenschaft befruchtet. Als romanistischer
1926 3690 3072 3750 Thilolog ist Paul Hexse nach dem Süden gewandert und dort'
1930 3723 3059 3779 in den sonnigen Gefillen sowie über Vatikanhandschriften
1932 3770 3069 3813 zum Meister der italienisierenden Novelle geworden. Als Arzt
1929 3800 3063 3835 ausgebildet und praktizierend, legt Schnitzler gewissenhaft die
1936 3828 3054 3867 Sonde an Menschenschicksal und Gefühlsrevolten. Wir folgen
1923 3859 3060 3906 ihnen mit ihren Impresaril. von 1907 nur ins Land der Poesie
1932 3893 3056 3936 und kümmern uns dabei um ihr Lernfach nicht. Ein Vorzug
1935 3931 3047 3983 der drei Dichterskizzen: sie rühmen ihre Helden nicht bis zum
1927 3961 3055 4005 Himmel, blind gegen deren Schwüchen; im Gegenteil, sie kom¬
1934 4001 3048 4043 mnen auf diese ausdrücklich zu sprechen, leiten sie sogar, ganz
1923 4033 3062 4069 der entwieklungsgeschichtlichen Einsicht der Gegenwart ge¬
1924 4066 2629 4122 mäß, aus den guten Eigenschaften ab.
2419 4123 2612 4175 ——
