3392 4352
833 224 1298 323 box 37/3
152 234 746 340 2. Cuttings
963 854 1062 939 —
1545 856 3029 976 BS
1862 964 1977 1052 4
2164 1045 2318 1181 b1
558 985 700 1251 ∆
2676 1163 2882 1256 AV
1858 1151 1944 1249 4
1678 1154 1854 1263 4
1582 1287 1653 1352 S
2779 1290 3314 1387 — ORAMMATC
1765 1294 1921 1386 DE
1059 1292 1505 1399 CORRIERE
1930 1218 2720 1430 ann
481 1316 682 1414 S U
575 1403 666 1451 —
2993 1449 3318 1531 Conto Co
1693 1437 2710 1516 Direttore Propr. L. BEVAGGUA-LOMBARDO
568 1439 1500 1535 Condizioni d’Abbonamento:
1897 1503 2536 1594 Amministratore Rag. G. G. GITTARDI
1369 1520 1568 1602 Lire 6.—
476 1518 943 1601 Per un anno in Italia
2848 1509 3301 1601 Dirigere letteree ###l
2934 1586 3044 1653 A
681 1577 971 1650 9 all Estero
3163 1582 3267 1654 7a
1708 1623 2727 1707 Anno V. — Milwo. 20 Marzo 1606 — N. 12
679 1625 1363 1727 S1 PUBBLICA II GIOVEbI
3126 1646 3309 1717 NUMEK
1534 1657 1705 1763 —5
2088 1694 2334 1769 Mewapmunkaren ##
1878 1714 1962 1782 S
2831 1764 3320 1843 meditabondi i membrich
1680 1761 2769 1860 sarebbero disposti, non dico a npresentare, ma a leg¬
573 1771 1601 1857 Ainostri egregi cooperatori, a tutti indistinta¬
2842 1827 3312 1892 a dirsi, si & trasformato
1683 1836 2368 1914 gere la commedia delio Schnitzig?
493 1832 1597 1913 mente, raccomandiamo un po' piü disolerzia. Alcuni
2836 1869 3306 1951 poiche ormai c##oppo
1715 1859 2776 1961 Mi risponderebbero u ne sondcerto: & Impossibile...
498 1894 1610 1952 si ricordano dell’obbligo assunto quando a loro
2844 1921 3309 1994 meglio & una recita. 1
1687 1917 2773 1997 almeno per ora! Ci hanno impckio una nuova pochade
493 1951 1594 2032 piace. La cosa sinceramente ci garba poco. L’avver¬
2838 1969 3312 2040 tosto di una pantomima
1676 1983 2762 2062 di Barré, Kéroul, Duval, ecc. cck., che ha avuto a Pa¬
498 2014 1137 2080 timento giovi per l’avvenire.
2835 2024 3318 2094 ipposta. Una commedio
1673 2031 2207 2113 rigi pin di cento repliche!
2497 2056 2742 2147 Cesarone.
2849 2072 3316 2138 qualche altra cosa dara
504 2092 1608 2176 —
2838 2119 3324 2194 gramma. Ottavio Capalc
560 2146 963 2180 —
1668 2156 2786 2208 M
2822 2165 3320 2246 mitato; don Cesarino,
2289 2199 2750 2251 DHEN
2839 2219 3324 2292 pestrato, ne sarà il galo
661 2223 1434 2346 Artaro Schnitzler
2849 2267 3327 2339 segretario: il marchesel
1831 2232 2599 2383 Nuore e Mupvissime
2841 2316 3322 2389 della recita... Quanto al
2838 2381 3307 2443 membri si disturbi per#
2126 2361 2311 2440 41
2835 2420 3327 2490 sono valida garanzia pe
541 2448 1596 2528 Di questo commediografe viennese, irn i piu moder¬
2840 2473 3324 2540 provento dello spettacole
1999 2459 2506 2568 Carità Mondana
503 2510 1597 2588 nie piü originali della nuova scuola tedesen, il nome in
2850 2517 3301 2591 ciato bene l’opera suat
1691 2542 2751 2628 salira in #e alli di GIANNINOANTONA TRAVERSI
494 2571 1600 2633 Italia & pressoché ignoto: le sue opere teatrali natural¬
2854 2566 3322 2629 mosse da sé stesso. II
499 2625 1595 2677 mente lo sono ancor piu: per noi tutto il teatro tedesco
2847 2611 3325 2687 la contessa Flaminiae
1896 2607 2542 2696 Totiso — Tuarko Aurikst — 23 marzo.
497 2663 1593 2718 si riassume in due nömi: Sudermannge Hauptmann,
2856 2665 3325 2733 amante principessa Isab
1700 2668 2768 2771 Dare una iden esatta delle comnmedie di Giannino é
498 2723 1601 2774 ancora molte fra le piü signilicative produzioni di que¬
2854 2716 3329 2786 donna Lucrezia vestita
1686 2748 2776 2815 cosa difficile e quasi impossibile, sperché le sue commedie
494 2769 1616 2828 sti due non sono arrivate fino a noi. Bei resto, di tutti
2854 2762 3330 2835 d’occhio, possono essere
1677 2808 2776 2879 risultano di un' infinità di finezze sche non possono essere
506 2810 1605 2883 i nobili e arditi tentativi della moderna seuola nessunn
2852 2815 3322 2884 persona la duchessa Maf
1686 2846 2775 2917 ricordate se in qualche modo si Staccano dal loro posto
511 2863 1607 2921 traccia sulle ribalte italiane: qua e la qualche dramma
2848 2870 3332 2932 Flaminia, non partecip
1703 2909 2775 2965 si sunteggiano. Perció quando fmi accingo a scrivere
507 2909 1600 2978 militare — quasi che tutta la vita tedesca si concentras¬
2846 2917 3317 2982 troppo a cosa si riduce
1693 2950 2765 3021 su un lavoro di lui, resto sempfe perplesso e mi do¬
493 2961 1598 3027 se nelle caserme — qualche commediola borghese ultra¬
2851 2962 3323 3037 fatta per la carità grand
1685 2985 2771 3064 mando se il mio articolo non fagkia come certi specchi
503 3021 1606 3071 romantica, qualche onesla e banale farsa, troppo scioc¬
2853 3012 3315 3086 cialmente a divertire i
1690 3053 2764 3116 che non sanno riprodurre la pershna che hanno dinnanzi,
499 3058 1593 3119 ca pel nostro palato, assuefatto alle droghe parigine:
2856 3055 3324 3135 cola, che richiede solo 1
1688 3108 2773 3163 ma sia pure incoscientemente (egco le attenuanti anche
510 3114 1591 3172 dopo fa zuppa di gamberi, il pot-an-eu pare insipido!
2859 3109 3327 3182 sarebbe una nota stonatt
1694 3146 2781 3215 per me!) la deformano in variaguisa. Voi capite che
537 3168 1604 3220 Arturo Schnitzler, & con il Dreyer, con !’Halbe e con po¬
2854 3163 3320 3220 mente non senza avere
1706 3196 2774 3260 questo zappello, contrario alle mie abitudini, tende in
502 3192 1607 3289 chi altri, il rappresentante della giovanissima scholn:
2847 3208 3337 3283 zione.., un po' scismasti
1688 3242 2786 3317 sostanza a scusarmi per la cattivi azione che compio nel
502 3267 1605 3318 finissimo osservatore della vita moderna, della grande
2882 3271 3335 3331 Nella foga di addiveni
1690 3300 2504 3372 dare un sunto della satira di Gignino.
498 3300 1616 3391 città in cui vive, ggli sa Coglicre in Comiiedin c in drum¬
2848 3320 3329 3391 #usure ie
1722 3307 2779 3400 T#a carila mondana 6 un argoldente di vero interesse e
504 3368 1532 3420 ma: psicologico profondo, sa vedere nella socielne
2881 3370 3327 3443 signori del comitato n
1682 3398 2779 3454 costituisce a mio modo di vedere una buona azione. Tutti
501 3422 1608 3466 I’nomo quanto v’e di doloroso c di grottesco: con unn
2872 3419 3313 3487 di chi si deve esplicare
1687 3442 2777 3503 sappiamo come la curità, al pari delle cose pin utili e
505 3465 1615 3528 bella indifferenza sa passare dalla tragedia alla com¬
2877 3472 3336 3539 leticienti; un altro gli sch
1695 3491 2765 3548 belle di questo mondaccio, serva beue spesso a fini in¬
502 3498 1604 3579 media, o meglio ancora sa #ns comice della vita vedere
2852 3528 3328 3590 tano la povera umanita,
1704 3539 2774 3601 confessabili e quasi sempre ad una vera fiera di vanita.
504 3542 1606 3610 il lato drammatico, e nel dramma la farsa. Per aleune
2864 3560 3340 3626 fantaccini; chi vuole bei
1709 3588 2770 3643 Siannino ha studiato tale argomento con occhio di arti¬
499 3609 1599 3661 particolarità della sun osservazione, ricorda i1 Maupas
2869 3619 3342 3685 vani pericolanti, chi que
1701 3651 2778 3707 sta, ma ha pure dimostrato profonditä; di sentimento e
513 3641 1615 3721 sant; comie lui osservatore sceitico e sensibile, come imn
2862 3662 3345 3735 sono gid.,, eadute Da
1697 3692 2785 3745 mentre la satira garbata fiorisce sul suo labbro, aleune
498 3710 1612 3765 pessimista e sentimentale al tempo istesso: ha la mira¬
2866 3710 3336 3781 sul serio quelle eleganti
1693 3736 2785 3805 fra esse (?) esplicano l’idea di quella che sarebbe la vern
503 3738 1600 3814 bile facoltà di saper trovare il dramma nelle piccole co¬
2854 3766 3341 3831 passa un'iden. La cronach
1701 3792 2782 3850 carità, non mondana, ma sincera, anzi quella che do¬
505 3813 1564 3862 se, di saper vedere — ed é cio che rivela Tartista -
2855 3809 3335 3884 banca ha smarrito diech
1694 3832 2772 3891 vrebbe sostituirsi alla carità, per toglierle ogni umilia¬
509 3842 1225 3916 quanto agli altri non e dato vedere,
2869 3862 3334 3934 un pagamiento. Benché
1697 3883 2777 3950 zione. Chi non & pratico pno trovare che la satira eccede
537 3897 1602 3958 In Italia, credo che unn sola commedin sin statn rap¬
2860 3914 3330 3983 parecchi anni al servizio
1700 3917 2777 3998 un poco, quasi diventando una parodia, ma chi ha do¬
507 3950 1604 4009 presentata: Niebelei Gelmorelli 9). tre alli agili nei
2858 3963 3328 4028 licenziato. Non é un bei
1691 3978 2783 4054 vuto occhparsi di carità ed osservare oggettivamente i
509 3989 1612 4061 dlialogo e dolorosi per quanto rivelano; una piccoln sar¬
2860 4010 3334 4067 Si delibera che lo spettä
1689 4022 2770 4101 sorgere, lo esplicarsi, di certi comitati, ha dovuto ricono¬
505 4040 1610 4098 Iina innamorata di un giovane, se lo vede ueeidere in
2880 4061 3344 4125 omitato si scioglie, lieto
1693 4073 2771 4142 scere che Giannino non ha esagerato. Intendiamoci: non
508 4090 1610 4147 duello dal marito dell'amante di lui: i1 soo amore e in
2886 4108 3338 4168 La gioin della presiden
1683 4119 2781 4176 ha csngerato hei euso specinle, poiche di fronte alla en¬
