<?xml version="1.0" encoding="UTF-8" standalone="yes"?>
<PcGts xmlns="http://schema.primaresearch.org/PAGE/gts/pagecontent/2013-07-15" xmlns:xsi="http://www.w3.org/2001/XMLSchema-instance" xsi:schemaLocation="http://schema.primaresearch.org/PAGE/gts/pagecontent/2013-07-15 http://schema.primaresearch.org/PAGE/gts/pagecontent/2013-07-15/pagecontent.xsd">
    <Metadata>
        <Creator>prov=University of Rostock/Institute of Mathematics/CITlab/Gundram Leifert/gundram.leifert@uni-rostock.de:name=ONB_Newseye_GT_M1+(htr_id=10810)::::v=2.4.2
prov=University of Rostock/Institute of Mathematics/CITlab/Tobias Gruening/tobias.gruening@uni-rostock.de:name=de.uros.citlab.module.baseline2polygon.B2PSeamMultiOriented:v=2.4.2
prov=University of Rostock/Institute of Mathematics/CITlab/Tobias Gruening/tobias.gruening@uni-rostock.de:name=/mnt/transkribus/LA/DEA/URO/LA_news_onb_att.pb:de.uros.citlab.segmentation.CITlab_LA_ML:v=2.4.2
Transkribus</Creator>
        <Created>2019-10-07T15:17:19.312+02:00</Created>
        <LastChange>2019-10-09T02:38:25.457+02:00</LastChange>
        <TranskribusMetadata docId="224253" pageId="9515636" pageNr="49" tsid="16619802" status="IN_PROGRESS" userId="40391" imgUrl="https://files.transkribus.eu/Get?id=WHDGBTNQXISRESQCFRYQQYHO&amp;fileType=view" xmlUrl="https://files.transkribus.eu/Get?id=XAMDTQPYKBWGQXQIAYFMAZAB" imageId="6203870"/>
    </Metadata>
    <Page imageFilename="224253_0049.jpeg" imageWidth="3344" imageHeight="4352">
        <ReadingOrder>
            <OrderedGroup id="ro_1711443400493" caption="Regions reading order">
                <RegionRefIndexed index="0" regionRef="r1"/>
            </OrderedGroup>
        </ReadingOrder>
        <TextRegion orientation="0.0" id="r1" custom="readingOrder {index:0;}">
            <Coords points="180,285 180,4236 3327,4236 3327,285"/>
            <TextLine id="r1l1" custom="readingOrder {index:0;}">
                <Coords points="864,327 980,346 1251,333 1279,353 1306,325 1352,321 1352,279 1317,283 1251,252 1228,268 1116,264 1077,291 1015,264 996,276 930,257 864,265"/>
                <Baseline points="885,318 911,319 937,319 964,319 990,319 1017,320 1043,320 1069,320 1096,320 1122,320 1149,320 1175,320 1201,320 1228,319 1254,319 1281,318 1307,317 1334,316"/>
                <TextEquiv>
                    <Unicode>box 37/3</Unicode>
                </TextEquiv>
            </TextLine>
            <TextLine id="r1l2" custom="readingOrder {index:1;}">
                <Coords points="159,321 306,332 356,361 453,347 514,364 727,361 786,332 787,277 722,260 664,275 471,247 269,281 230,253 161,259"/>
                <Baseline points="180,311 209,316 238,320 267,323 297,326 326,328 355,330 385,331 414,332 443,333 473,333 502,333 531,333 560,333 590,332 619,332 648,332 678,331 707,331 736,331 766,331"/>
                <TextEquiv>
                    <Unicode>2. Cuttings</Unicode>
                </TextEquiv>
            </TextLine>
            <TextLine id="r1l3" custom="readingOrder {index:2;}">
                <Coords points="2354,857 2377,851 2397,854 2408,847 2416,849 2422,839 2460,833 2431,725 2405,732 2372,712 2360,712 2341,701 2314,704"/>
                <Baseline points="2370,835 2402,828 2434,818"/>
                <TextEquiv>
                    <Unicode>*</Unicode>
                </TextEquiv>
            </TextLine>
            <TextLine id="r1l4" custom="readingOrder {index:3;}">
                <Coords points="2234,873 2257,870 2261,874 2268,865 2287,862 2276,782 2253,785 2240,775 2221,778"/>
                <Baseline points="2250,843 2266,841"/>
                <TextEquiv>
                    <Unicode>*</Unicode>
                </TextEquiv>
            </TextLine>
            <TextLine id="r1l5" custom="readingOrder {index:4;}">
                <Coords points="1777,988 1850,990 1893,964 1920,980 1975,958 2017,975 2040,967 2071,995 2195,987 2198,878 2065,898 2039,874 1984,885 1958,872 1918,895 1895,879 1780,868"/>
                <Baseline points="1798,961 1823,956 1848,951 1873,948 1898,946 1923,944 1948,943 1973,944 1999,945 2024,946 2049,949 2074,952 2099,955 2124,958 2149,962 2175,967"/>
                <TextEquiv>
                    <Unicode>Dil</Unicode>
                </TextEquiv>
            </TextLine>
            <TextLine id="r1l6" custom="readingOrder {index:5;}">
                <Coords points="2357,1016 2458,1007 2496,980 2519,999 2546,991 2558,1002 2577,994 2589,1002 2616,986 2643,990 2643,928 2615,928 2592,913 2546,941 2522,921 2476,934 2437,926 2414,930 2391,954 2356,954"/>
                <Baseline points="2377,981 2404,982 2432,981 2459,979 2487,978 2514,976 2542,975 2569,976 2597,979 2625,986"/>
                <TextEquiv>
                    <Unicode>18</Unicode>
                </TextEquiv>
            </TextLine>
            <TextLine id="r1l7" custom="readingOrder {index:6;}">
                <Coords points="869,1100 1073,1046 1119,1072 1183,1018 1285,1054 1450,1036 1507,990 1734,997 1802,974 1794,901 1564,902 1501,933 1456,914 1425,949 1383,922 1248,937 1214,976 1152,948 858,1004"/>
                <Baseline points="883,1048 930,1050 977,1050 1024,1048 1072,1045 1119,1041 1166,1036 1214,1031 1261,1025 1308,1018 1356,1011 1403,1004 1450,997 1498,990 1545,985 1592,979 1640,975 1687,972 1734,971 1782,970"/>
                <TextEquiv>
                    <Unicode>NN</Unicode>
                </TextEquiv>
            </TextLine>
            <TextLine id="r1l8" custom="readingOrder {index:7;}">
                <Coords points="1962,1056 1982,1057 1996,1073 2028,1066 2047,1079 2062,1080 2070,1072 2109,1070 2117,1062 2144,1064 2146,1009 2127,1009 2093,988 2069,995 2039,982 2031,989 2020,985 2008,992 2000,984 1984,995 1965,994"/>
                <Baseline points="1982,1051 2010,1050 2039,1052 2068,1054 2097,1055 2126,1055"/>
                <TextEquiv>
                    <Unicode>6en</Unicode>
                </TextEquiv>
            </TextLine>
            <TextLine id="r1l9" custom="readingOrder {index:8;}">
                <Coords points="2844,1044 2974,1036 3015,1074 3072,1062 3114,1092 3152,1074 3182,1110 3274,1123 3291,1009 3193,1010 3153,988 3114,1014 3057,974 3023,969 2993,988 2973,962 2906,964 2858,945"/>
                <Baseline points="2866,1033 2892,1031 2918,1032 2945,1034 2971,1037 2998,1041 3024,1047 3051,1052 3077,1057 3104,1063 3130,1068 3157,1072 3183,1075 3210,1077 3236,1077 3263,1075"/>
                <TextEquiv>
                    <Unicode>W</Unicode>
                </TextEquiv>
            </TextLine>
            <TextLine id="r1l10" custom="readingOrder {index:9;}">
                <Coords points="1053,1334 1482,1246 1827,1329 2543,1290 2542,1217 2368,1199 1052,1221"/>
                <Baseline points="1072,1299 1144,1291 1217,1286 1289,1281 1362,1277 1434,1274 1507,1272 1579,1271 1652,1270 1724,1270 1797,1271 1870,1272 1942,1273 2015,1274 2087,1275 2160,1276 2232,1277 2305,1278 2377,1278 2450,1278 2523,1277"/>
                <TextEquiv>
                    <Unicode>3 Sagesteh</Unicode>
                </TextEquiv>
            </TextLine>
            <TextLine id="r1l11" custom="readingOrder {index:10;}">
                <Coords points="2811,1290 2853,1297 2920,1268 2953,1285 2973,1307 2996,1311 3019,1158 3000,1155 2983,1164 2976,1155 2957,1156 2922,1178 2900,1167 2887,1177 2855,1180 2829,1168"/>
                <Baseline points="2833,1269 2862,1271 2892,1274 2921,1280 2951,1285 2981,1290"/>
                <TextEquiv>
                    <Unicode>—</Unicode>
                </TextEquiv>
            </TextLine>
            <TextLine id="r1l12" custom="readingOrder {index:11;}">
                <Coords points="769,1357 792,1354 822,1374 869,1345 895,1362 932,1346 952,1351 986,1308 1020,1331 1039,1329 1030,1248 987,1249 917,1285 900,1271 885,1281 841,1270 760,1276"/>
                <Baseline points="788,1349 813,1343 839,1338 865,1335 891,1332 916,1330 942,1328 968,1326 994,1322 1020,1317"/>
                <TextEquiv>
                    <Unicode></Unicode>
                </TextEquiv>
            </TextLine>
            <TextLine id="r1l13" custom="readingOrder {index:12;}">
                <Coords points="423,1394 442,1396 456,1409 468,1406 479,1415 483,1411 495,1412 525,1419 533,1342 486,1338 458,1312 431,1309"/>
                <Baseline points="443,1380 475,1382 507,1386"/>
                <TextEquiv>
                    <Unicode>*</Unicode>
                </TextEquiv>
            </TextLine>
            <TextLine id="r1l14" custom="readingOrder {index:13;}">
                <Coords points="669,1455 2314,1486 2373,1410 670,1389"/>
                <Baseline points="690,1435 773,1436 856,1437 939,1438 1022,1439 1105,1440 1188,1441 1271,1442 1354,1444 1437,1445 1521,1447 1604,1448 1687,1450 1770,1451 1853,1453 1936,1454 2019,1456 2102,1457 2185,1459 2268,1460 2352,1462"/>
                <TextEquiv>
                    <Unicode>aus Nahten und</Unicode>
                </TextEquiv>
            </TextLine>
            <TextLine id="r1l15" custom="readingOrder {index:14;}">
                <Coords points="2436,1469 3090,1488 3195,1453 3299,1492 3299,1399 3257,1383 3230,1407 3199,1376 3164,1399 2959,1376 2715,1279 2436,1326"/>
                <Baseline points="2454,1465 2495,1465 2536,1465 2577,1465 2619,1465 2660,1465 2701,1465 2742,1465 2784,1465 2825,1465 2866,1465 2907,1465 2949,1465 2990,1465 3031,1465 3072,1465 3114,1465 3155,1465 3196,1464 3237,1464 3279,1464"/>
                <TextEquiv>
                    <Unicode>Schlesien.</Unicode>
                </TextEquiv>
            </TextLine>
            <TextLine id="r1l16" custom="readingOrder {index:15;}">
                <Coords points="702,1522 780,1516 799,1525 811,1514 838,1526 846,1519 877,1520 879,1458 836,1452 824,1460 817,1452 805,1459 704,1456"/>
                <Baseline points="722,1491 749,1493 776,1493 803,1494 830,1495 857,1496"/>
                <TextEquiv>
                    <Unicode>See</Unicode>
                </TextEquiv>
            </TextLine>
            <TextLine id="r1l17" custom="readingOrder {index:16;}">
                <Coords points="1997,1523 2017,1524 2043,1537 2051,1529 2086,1531 2089,1465 2062,1464 2050,1475 2042,1475 2031,1463 2000,1461"/>
                <Baseline points="2019,1508 2044,1509 2069,1510"/>
                <TextEquiv>
                    <Unicode>A</Unicode>
                </TextEquiv>
            </TextLine>
            <TextLine id="r1l18" custom="readingOrder {index:17;}">
                <Coords points="306,1578 363,1604 460,1595 480,1580 557,1602 592,1588 642,1605 712,1603 714,1518 664,1536 633,1511 517,1508 478,1534 432,1509 308,1513"/>
                <Baseline points="324,1564 350,1568 377,1570 403,1573 430,1574 456,1575 483,1576 509,1576 536,1577 562,1577 589,1577 615,1578 642,1578 668,1579 695,1580"/>
                <TextEquiv>
                    <Unicode>sr. 539.</Unicode>
                </TextEquiv>
            </TextLine>
            <TextLine id="r1l19" custom="readingOrder {index:18;}">
                <Coords points="1380,1611 2653,1619 2742,1612 2743,1542 1380,1542"/>
                <Baseline points="1398,1583 1464,1588 1530,1592 1596,1594 1663,1597 1729,1598 1795,1599 1861,1600 1928,1600 1994,1600 2060,1600 2126,1600 2193,1599 2259,1599 2325,1598 2391,1598 2458,1598 2524,1598 2590,1599 2656,1600 2723,1601"/>
                <TextEquiv>
                    <Unicode>Samstag den 16. November 1907.</Unicode>
                </TextEquiv>
            </TextLine>
            <TextLine id="r1l20" custom="readingOrder {index:19;}">
                <Coords points="3185,1604 3204,1605 3217,1598 3250,1624 3266,1613 3281,1614 3293,1607 3328,1614 3333,1540 3276,1532 3229,1533 3209,1547 3189,1546"/>
                <Baseline points="3206,1599 3232,1600 3258,1602 3284,1604 3311,1606"/>
                <TextEquiv>
                    <Unicode>57</Unicode>
                </TextEquiv>
            </TextLine>
            <TextLine id="r1l21" custom="readingOrder {index:20;}">
                <Coords points="245,1656 276,1660 284,1652 292,1652 299,1660 323,1641 346,1661 369,1661 370,1599 347,1599 331,1583 316,1595 308,1595 285,1575 273,1583 246,1578"/>
                <Baseline points="264,1631 292,1632 321,1631 350,1633"/>
                <TextEquiv>
                    <Unicode>17</Unicode>
                </TextEquiv>
            </TextLine>
            <TextLine id="r1l22" custom="readingOrder {index:21;}">
                <Coords points="399,1643 423,1640 449,1664 488,1645 515,1658 624,1656 678,1673 701,1658 751,1659 753,1590 671,1603 594,1590 513,1600 478,1579 463,1595 443,1590 400,1609"/>
                <Baseline points="420,1631 446,1633 472,1634 498,1636 524,1636 550,1637 576,1637 602,1637 628,1637 654,1638 680,1639 706,1639 732,1641"/>
                <TextEquiv>
                    <Unicode>Seeeneee eeer engeen</Unicode>
                </TextEquiv>
            </TextLine>
            <TextLine id="r1l23" custom="readingOrder {index:22;}">
                <Coords points="2290,1678 2318,1674 2329,1678 2345,1671 2356,1682 2364,1675 2372,1683 2387,1671 2442,1672 2442,1610 2365,1617 2349,1609 2326,1620 2314,1612 2291,1612"/>
                <Baseline points="2311,1654 2338,1656 2366,1657 2394,1657 2422,1655"/>
                <TextEquiv>
                    <Unicode></Unicode>
                </TextEquiv>
            </TextLine>
            <TextLine id="r1l24" custom="readingOrder {index:23;}">
                <Coords points="1425,1725 2548,1753 2652,1738 2653,1676 1425,1667"/>
                <Baseline points="1444,1722 1503,1724 1563,1724 1622,1725 1682,1726 1741,1727 1801,1727 1860,1727 1920,1728 1979,1728 2039,1728 2098,1728 2158,1728 2217,1728 2277,1728 2336,1728 2396,1728 2455,1728 2515,1729 2574,1729 2634,1729"/>
                <TextEquiv>
                    <Unicode>Nichtdichter, die auf unseren Bühnen die größten Erfolge</Unicode>
                </TextEquiv>
            </TextLine>
            <TextLine id="r1l25" custom="readingOrder {index:24;}">
                <Coords points="2644,1746 3233,1740 3341,1760 3341,1683 3307,1675 3167,1670 3144,1694 3070,1697 2989,1674 2896,1700 2850,1669 2645,1688"/>
                <Baseline points="2662,1729 2695,1731 2728,1733 2761,1734 2794,1734 2827,1735 2860,1735 2893,1735 2926,1735 2959,1735 2992,1735 3025,1735 3058,1734 3091,1734 3124,1734 3157,1734 3190,1734 3223,1735 3256,1735 3289,1736 3322,1737"/>
                <TextEquiv>
                    <Unicode>Verfasser, wohin er es haben woll</Unicode>
                </TextEquiv>
            </TextLine>
            <TextLine id="r1l26" custom="readingOrder {index:25;}">
                <Coords points="352,1782 1215,1809 1335,1795 1336,1718 353,1693"/>
                <Baseline points="373,1764 420,1766 467,1768 514,1769 561,1770 608,1771 655,1772 702,1772 749,1772 796,1773 843,1773 890,1773 937,1773 984,1774 1031,1774 1078,1775 1125,1776 1172,1777 1219,1778 1266,1780 1314,1782"/>
                <TextEquiv>
                    <Unicode>Vom Deutschen Volkstheater.</Unicode>
                </TextEquiv>
            </TextLine>
            <TextLine id="r1l27" custom="readingOrder {index:26;}">
                <Coords points="1443,1778 2651,1788 2651,1738 2477,1728 1443,1732"/>
                <Baseline points="1462,1769 1520,1770 1578,1771 1637,1772 1695,1773 1754,1774 1812,1775 1871,1776 1929,1777 1988,1778 2046,1779 2104,1780 2163,1781 2221,1781 2280,1782 2338,1782 2397,1782 2455,1782 2514,1781 2572,1781 2631,1780"/>
                <TextEquiv>
                    <Unicode>ernten Die Menschen im „Schützling“ sind gut gesehen, gut</Unicode>
                </TextEquiv>
            </TextLine>
            <TextLine id="r1l28" custom="readingOrder {index:27;}">
                <Coords points="2648,1783 3302,1801 3333,1790 3334,1755 2649,1736"/>
                <Baseline points="2666,1781 2698,1782 2730,1783 2763,1783 2795,1784 2828,1784 2860,1784 2893,1784 2925,1785 2958,1785 2990,1785 3022,1785 3055,1786 3087,1786 3120,1787 3152,1787 3185,1787 3217,1788 3250,1788 3282,1789 3315,1790"/>
                <TextEquiv>
                    <Unicode>tirte und dachte mit ihm, nach</Unicode>
                </TextEquiv>
            </TextLine>
            <TextLine id="r1l29" custom="readingOrder {index:28;}">
                <Coords points="1437,1824 2657,1827 2657,1784 1438,1773"/>
                <Baseline points="1455,1820 1514,1821 1573,1822 1632,1823 1691,1823 1750,1824 1809,1825 1868,1826 1927,1826 1986,1827 2045,1828 2104,1828 2163,1828 2222,1829 2281,1829 2340,1828 2399,1828 2458,1828 2517,1827 2576,1826 2636,1825"/>
                <TextEquiv>
                    <Unicode>beobachtet und gut charakterisiert; sie sollten zur Verstär¬</Unicode>
                </TextEquiv>
            </TextLine>
            <TextLine id="r1l30" custom="readingOrder {index:29;}">
                <Coords points="493,1820 640,1849 927,1832 969,1852 1008,1833 1136,1850 1186,1831 1187,1800 494,1782"/>
                <Baseline points="512,1823 544,1824 577,1825 609,1826 642,1827 675,1827 707,1828 740,1828 773,1828 805,1828 838,1828 871,1828 903,1828 936,1828 969,1828 1001,1829 1034,1829 1067,1830 1099,1830 1132,1832 1165,1833"/>
                <TextEquiv>
                    <Unicode>(Lémaitre, Heijermans und Salten.)</Unicode>
                </TextEquiv>
            </TextLine>
            <TextLine id="r1l31" custom="readingOrder {index:30;}">
                <Coords points="2653,1848 3319,1850 3342,1846 3343,1781 3188,1803 2654,1786"/>
                <Baseline points="2672,1835 2704,1834 2737,1833 2769,1833 2802,1833 2834,1833 2867,1833 2899,1833 2932,1833 2964,1834 2997,1834 3029,1834 3062,1835 3094,1835 3127,1835 3159,1835 3192,1835 3224,1835 3257,1835 3289,1835 3322,1834"/>
                <TextEquiv>
                    <Unicode>fäßt Salten den Zuschauer viel de</Unicode>
                </TextEquiv>
            </TextLine>
            <TextLine id="r1l32" custom="readingOrder {index:31;}">
                <Coords points="1433,1878 2645,1889 2645,1831 2548,1823 1433,1832"/>
                <Baseline points="1454,1867 1512,1869 1571,1870 1629,1872 1688,1873 1746,1874 1805,1874 1863,1875 1922,1875 1980,1875 2039,1875 2098,1876 2156,1876 2215,1876 2273,1876 2332,1876 2390,1876 2449,1876 2507,1876 2566,1876 2625,1876"/>
                <TextEquiv>
                    <Unicode>kung der Wirkung nur etwas weniger reden. Allein in diesen</Unicode>
                </TextEquiv>
            </TextLine>
            <TextLine id="r1l33" custom="readingOrder {index:32;}">
                <Coords points="2642,1879 2971,1902 3056,1883 3083,1906 3335,1890 3335,1840 2642,1848"/>
                <Baseline points="2663,1883 2695,1883 2728,1884 2760,1884 2793,1884 2825,1884 2858,1884 2890,1884 2923,1884 2955,1884 2988,1884 3021,1884 3053,1884 3086,1883 3118,1883 3151,1883 3183,1883 3216,1883 3248,1883 3281,1884 3314,1884"/>
                <TextEquiv>
                    <Unicode>energisch, daß man nachher bein</Unicode>
                </TextEquiv>
            </TextLine>
            <TextLine id="r1l34" custom="readingOrder {index:33;}">
                <Coords points="437,1901 1196,1913 1254,1899 1255,1844 1003,1836 960,1859 926,1831 786,1852 438,1827"/>
                <Baseline points="456,1881 494,1881 533,1880 572,1881 611,1881 650,1882 689,1883 728,1884 767,1886 806,1887 845,1888 883,1889 922,1890 961,1891 1000,1891 1039,1892 1078,1892 1117,1891 1156,1890 1195,1889 1234,1887"/>
                <TextEquiv>
                    <Unicode>Wiener Brief von Wilhelm v. Wymetal.</Unicode>
                </TextEquiv>
            </TextLine>
            <TextLine id="r1l35" custom="readingOrder {index:34;}">
                <Coords points="1437,1926 2644,1938 2645,1884 1437,1875"/>
                <Baseline points="1457,1917 1515,1919 1573,1920 1632,1921 1690,1922 1749,1922 1807,1923 1866,1923 1924,1924 1983,1924 2041,1924 2099,1924 2158,1924 2216,1923 2275,1923 2333,1923 2392,1923 2450,1924 2509,1924 2567,1924 2626,1925"/>
                <TextEquiv>
                    <Unicode>Reden finden sich wiederum so kluge, ganz unauffällige und</Unicode>
                </TextEquiv>
            </TextLine>
            <TextLine id="r1l36" custom="readingOrder {index:35;}">
                <Coords points="2647,1939 3309,1944 3344,1937 3344,1875 2647,1888"/>
                <Baseline points="2667,1929 2699,1930 2732,1932 2765,1932 2798,1933 2831,1933 2864,1934 2897,1934 2930,1934 2963,1934 2996,1934 3028,1934 3061,1934 3094,1934 3127,1933 3160,1933 3193,1933 3226,1933 3259,1933 3292,1933 3325,1933"/>
                <TextEquiv>
                    <Unicode>Obenswahrheit wie Bühnenwa#</Unicode>
                </TextEquiv>
            </TextLine>
            <TextLine id="r1l37" custom="readingOrder {index:36;}">
                <Coords points="304,1954 1376,1979 1434,1972 1435,1898 304,1923"/>
                <Baseline points="323,1950 377,1952 432,1954 487,1955 541,1956 596,1958 651,1959 705,1960 760,1960 815,1961 870,1962 924,1962 979,1962 1034,1962 1088,1962 1143,1962 1198,1962 1252,1962 1307,1962 1362,1961 1417,1960"/>
                <TextEquiv>
                    <Unicode>Nach zwei kleinen Unglücksfällen war dem Deutschen</Unicode>
                </TextEquiv>
            </TextLine>
            <TextLine id="r1l38" custom="readingOrder {index:37;}">
                <Coords points="1434,1973 2650,1993 2650,1931 2507,1922 1435,1926"/>
                <Baseline points="1452,1967 1510,1967 1569,1967 1628,1968 1687,1968 1746,1968 1805,1969 1864,1969 1923,1969 1982,1970 2041,1970 2099,1971 2158,1971 2217,1972 2276,1972 2335,1973 2394,1973 2453,1973 2512,1974 2571,1974 2630,1974"/>
                <TextEquiv>
                    <Unicode>versteckte Bemerkungen über das Interessanteste, was wir</Unicode>
                </TextEquiv>
            </TextLine>
            <TextLine id="r1l39" custom="readingOrder {index:38;}">
                <Coords points="2651,1992 3336,1997 3336,1935 2651,1934"/>
                <Baseline points="2669,1983 2701,1982 2733,1982 2766,1981 2798,1981 2831,1980 2863,1980 2895,1980 2928,1980 2960,1980 2993,1979 3025,1979 3057,1979 3090,1979 3122,1979 3155,1979 3187,1980 3219,1980 3252,1980 3284,1980 3317,1980"/>
                <TextEquiv>
                    <Unicode>guren starke Bedenken empfindet.</Unicode>
                </TextEquiv>
            </TextLine>
            <TextLine id="r1l40" custom="readingOrder {index:39;}">
                <Coords points="220,2004 1444,2023 1444,1965 221,1938"/>
                <Baseline points="241,1999 300,2000 359,2001 418,2003 477,2004 536,2005 595,2006 654,2007 713,2008 772,2009 832,2009 891,2010 950,2010 1009,2010 1068,2011 1127,2011 1186,2011 1245,2011 1304,2011 1363,2010 1423,2010"/>
                <TextEquiv>
                    <Unicode>Volkstheater mit Felix Saltens Einalterzyklus „Vom</Unicode>
                </TextEquiv>
            </TextLine>
            <TextLine id="r1l41" custom="readingOrder {index:40;}">
                <Coords points="1442,2029 2658,2032 2658,1970 1443,1975"/>
                <Baseline points="1461,2014 1523,2014 1585,2015 1647,2016 1709,2017 1771,2018 1833,2018 1895,2019 1957,2020 2019,2021 2081,2021 2143,2022 2205,2023 2267,2023 2329,2023 2391,2023 2453,2023 2515,2023 2577,2023 2640,2022"/>
                <TextEquiv>
                    <Unicode>erforschen, über den Menschen, daß wir Strichen mit Ban¬</Unicode>
                </TextEquiv>
            </TextLine>
            <TextLine id="r1l42" custom="readingOrder {index:41;}">
                <Coords points="2640,2039 3267,2034 3344,2054 3345,1988 2640,1973"/>
                <Baseline points="2658,2026 2691,2026 2724,2027 2757,2027 2791,2027 2824,2028 2857,2028 2891,2029 2924,2029 2957,2030 2991,2030 3024,2031 3057,2031 3090,2032 3124,2032 3157,2032 3190,2032 3224,2032 3257,2032 3290,2031 3324,2030"/>
                <TextEquiv>
                    <Unicode>aber nicht, solange die Figuren au</Unicode>
                </TextEquiv>
            </TextLine>
            <TextLine id="r1l43" custom="readingOrder {index:42;}">
                <Coords points="226,2058 1384,2078 1438,2071 1439,2013 227,2012"/>
                <Baseline points="245,2051 303,2051 362,2051 421,2052 479,2052 538,2053 597,2054 655,2055 714,2056 773,2057 832,2057 890,2058 949,2059 1008,2060 1066,2060 1125,2061 1184,2061 1242,2061 1301,2061 1360,2060 1419,2060"/>
                <TextEquiv>
                    <Unicode>andern Ufer“ ein geräuschvoller und nach unge¬</Unicode>
                </TextEquiv>
            </TextLine>
            <TextLine id="r1l44" custom="readingOrder {index:43;}">
                <Coords points="1440,2076 2644,2079 2644,2024 1440,2021"/>
                <Baseline points="1458,2067 1516,2066 1574,2066 1632,2066 1691,2066 1749,2066 1807,2067 1865,2067 1924,2068 1982,2068 2040,2069 2098,2070 2157,2070 2215,2071 2273,2071 2331,2071 2390,2071 2448,2071 2506,2071 2564,2071 2623,2070"/>
                <TextEquiv>
                    <Unicode>gen entgegensähen. Der vielfach verschleierte, ungeklärte</Unicode>
                </TextEquiv>
            </TextLine>
            <TextLine id="r1l45" custom="readingOrder {index:44;}">
                <Coords points="2643,2076 3022,2093 3061,2074 3084,2098 3158,2090 3189,2114 3317,2095 3317,2037 2953,2047 2860,2015 2837,2034 2643,2029"/>
                <Baseline points="2662,2074 2693,2075 2725,2076 2757,2077 2788,2077 2820,2077 2852,2078 2883,2078 2915,2078 2947,2078 2979,2078 3010,2078 3042,2078 3074,2078 3105,2078 3137,2078 3169,2078 3200,2079 3232,2079 3264,2080 3296,2081"/>
                <TextEquiv>
                    <Unicode>man gespannt und interessiert,</Unicode>
                </TextEquiv>
            </TextLine>
            <TextLine id="r1l46" custom="readingOrder {index:45;}">
                <Coords points="229,2108 1441,2115 1441,2076 1306,2059 230,2058"/>
                <Baseline points="247,2099 305,2099 364,2100 423,2100 482,2101 541,2102 599,2102 658,2103 717,2104 776,2105 835,2106 893,2106 952,2107 1011,2108 1070,2108 1129,2108 1187,2108 1246,2108 1305,2108 1364,2107 1423,2106"/>
                <TextEquiv>
                    <Unicode>fährem Theaterkalkül wahrscheinlich auch nachhaltiger Er¬</Unicode>
                </TextEquiv>
            </TextLine>
            <TextLine id="r1l47" custom="readingOrder {index:46;}">
                <Coords points="1441,2121 2610,2135 2657,2123 2657,2069 1441,2078"/>
                <Baseline points="1462,2113 1520,2114 1579,2114 1638,2115 1696,2115 1755,2116 1814,2116 1872,2117 1931,2117 1990,2117 2049,2118 2107,2118 2166,2118 2225,2118 2283,2119 2342,2119 2401,2119 2459,2119 2518,2119 2577,2119 2636,2119"/>
                <TextEquiv>
                    <Unicode>und unbewußte Egoismus, der über einen jeden von uns</Unicode>
                </TextEquiv>
            </TextLine>
            <TextLine id="r1l48" custom="readingOrder {index:47;}">
                <Coords points="2641,2151 2769,2128 2971,2134 2990,2153 3009,2134 3118,2131 3118,2084 3060,2072 3041,2084 2851,2079 2828,2059 2804,2078 2770,2063 2727,2086 2642,2073"/>
                <Baseline points="2660,2126 2685,2126 2711,2125 2737,2125 2763,2125 2788,2125 2814,2125 2840,2125 2866,2125 2891,2125 2917,2126 2943,2126 2969,2126 2994,2127 3020,2127 3046,2128 3072,2128 3098,2128"/>
                <TextEquiv>
                    <Unicode>Schöpfers Bann steht.</Unicode>
                </TextEquiv>
            </TextLine>
            <TextLine id="r1l49" custom="readingOrder {index:48;}">
                <Coords points="224,2158 1443,2165 1443,2114 224,2100"/>
                <Baseline points="245,2150 307,2150 369,2151 431,2151 493,2152 555,2152 617,2153 679,2153 741,2154 803,2154 865,2155 927,2155 989,2156 1051,2156 1113,2156 1175,2156 1237,2156 1299,2156 1361,2156 1424,2155"/>
                <TextEquiv>
                    <Unicode>folg gegönnt. Von den zwei Mißerfolgen kam der erste</Unicode>
                </TextEquiv>
            </TextLine>
            <TextLine id="r1l50" custom="readingOrder {index:49;}">
                <Coords points="1445,2175 2653,2184 2653,2122 1446,2121"/>
                <Baseline points="1466,2163 1524,2164 1582,2164 1641,2165 1699,2165 1758,2166 1816,2166 1875,2167 1933,2167 1992,2167 2050,2167 2108,2168 2167,2168 2225,2168 2284,2168 2342,2168 2401,2168 2459,2169 2518,2169 2576,2169 2635,2169"/>
                <TextEquiv>
                    <Unicode>herrscht und gebietet, oft ohne daß wir davon das geringste</Unicode>
                </TextEquiv>
            </TextLine>
            <TextLine id="r1l51" custom="readingOrder {index:50;}">
                <Coords points="2720,2178 3115,2180 3184,2201 3262,2175 3281,2194 3335,2191 3336,2118 3166,2107 2995,2147 2721,2132"/>
                <Baseline points="2740,2171 2768,2171 2797,2172 2826,2173 2855,2174 2884,2175 2913,2176 2941,2177 2970,2177 2999,2178 3028,2179 3057,2180 3086,2180 3115,2180 3143,2180 3172,2180 3201,2180 3230,2180 3259,2179 3288,2178 3317,2177"/>
                <TextEquiv>
                    <Unicode>Ein Mensch, der sich zum 5##</Unicode>
                </TextEquiv>
            </TextLine>
            <TextLine id="r1l52" custom="readingOrder {index:51;}">
                <Coords points="219,2212 1446,2215 1446,2161 219,2154"/>
                <Baseline points="237,2202 296,2201 355,2201 415,2201 474,2201 534,2201 593,2201 653,2202 712,2202 772,2202 831,2203 890,2203 950,2204 1009,2204 1069,2205 1128,2205 1188,2206 1247,2206 1307,2207 1366,2207 1426,2207"/>
                <TextEquiv>
                    <Unicode>ganz, der zweite teilweise unerwartet, der erste ganz, der</Unicode>
                </TextEquiv>
            </TextLine>
            <TextLine id="r1l53" custom="readingOrder {index:52;}">
                <Coords points="1439,2217 2640,2222 2640,2179 2555,2175 1440,2171"/>
                <Baseline points="1457,2210 1515,2211 1573,2211 1631,2212 1689,2213 1748,2213 1806,2214 1864,2214 1922,2215 1980,2216 2039,2216 2097,2217 2155,2217 2213,2218 2271,2218 2330,2218 2388,2218 2446,2218 2504,2218 2562,2218 2621,2217"/>
                <TextEquiv>
                    <Unicode>wissen, wollen, ahnen, dieses von Nietzsche und älteren Den¬</Unicode>
                </TextEquiv>
            </TextLine>
            <TextLine id="r1l54" custom="readingOrder {index:53;}">
                <Coords points="2639,2238 3348,2227 3348,2173 3294,2165 3189,2195 2729,2172 2640,2191"/>
                <Baseline points="2658,2222 2691,2223 2724,2224 2758,2225 2791,2225 2825,2226 2858,2226 2892,2227 2925,2227 2959,2228 2992,2228 3025,2228 3059,2229 3092,2229 3126,2229 3159,2229 3193,2228 3226,2228 3260,2228 3293,2227 3327,2226"/>
                <TextEquiv>
                    <Unicode>als Diener geboren. „Der Kellne#</Unicode>
                </TextEquiv>
            </TextLine>
            <TextLine id="r1l55" custom="readingOrder {index:54;}">
                <Coords points="222,2262 1313,2281 1441,2266 1442,2212 222,2208"/>
                <Baseline points="241,2250 300,2249 359,2249 418,2249 477,2249 536,2249 595,2250 654,2250 713,2251 772,2252 832,2253 891,2254 950,2254 1009,2255 1068,2255 1127,2256 1186,2255 1245,2255 1304,2254 1363,2254 1423,2252"/>
                <TextEquiv>
                    <Unicode>zweite teilweise unverdient. Es ist totsicher: wäre Monsieur</Unicode>
                </TextEquiv>
            </TextLine>
            <TextLine id="r1l56" custom="readingOrder {index:55;}">
                <Coords points="1438,2266 2638,2277 2638,2223 1438,2216"/>
                <Baseline points="1456,2257 1514,2259 1572,2260 1630,2261 1688,2262 1746,2263 1804,2264 1862,2264 1920,2265 1978,2265 2037,2265 2095,2265 2153,2265 2211,2265 2269,2266 2327,2266 2385,2266 2443,2266 2501,2266 2559,2266 2618,2266"/>
                <TextEquiv>
                    <Unicode>kern so oft betonte „Volo, cupio, avco etc., ergo sum!“</Unicode>
                </TextEquiv>
            </TextLine>
            <TextLine id="r1l57" custom="readingOrder {index:56;}">
                <Coords points="2637,2276 3330,2290 3331,2232 2638,2222"/>
                <Baseline points="2656,2275 2688,2274 2721,2274 2754,2274 2786,2274 2819,2274 2852,2274 2884,2274 2917,2275 2950,2275 2983,2275 3015,2275 3048,2276 3081,2276 3113,2276 3146,2276 3179,2276 3211,2276 3244,2275 3277,2275 3310,2274"/>
                <TextEquiv>
                    <Unicode>albeitet sich empor. Schritt für</Unicode>
                </TextEquiv>
            </TextLine>
            <TextLine id="r1l58" custom="readingOrder {index:57;}">
                <Coords points="216,2297 1436,2311 1436,2261 216,2262"/>
                <Baseline points="236,2293 295,2295 354,2296 413,2298 472,2299 531,2300 590,2300 649,2301 708,2301 767,2301 826,2301 885,2301 944,2301 1003,2301 1062,2301 1121,2301 1180,2301 1239,2302 1298,2302 1357,2302 1417,2303"/>
                <TextEquiv>
                    <Unicode>Guitry, der begabte Pariser Charakterspieler vom</Unicode>
                </TextEquiv>
            </TextLine>
            <TextLine id="r1l59" custom="readingOrder {index:58;}">
                <Coords points="1439,2317 2646,2337 2647,2260 1439,2267"/>
                <Baseline points="1457,2310 1515,2312 1574,2312 1632,2313 1691,2314 1749,2314 1808,2314 1866,2314 1925,2314 1983,2314 2042,2314 2101,2314 2159,2314 2218,2315 2276,2315 2335,2315 2393,2315 2452,2316 2510,2316 2569,2317 2628,2318"/>
                <TextEquiv>
                    <Unicode>ist durch „La massière“ durch glücklichste Exemplifizierung</Unicode>
                </TextEquiv>
            </TextLine>
            <TextLine id="r1l60" custom="readingOrder {index:59;}">
                <Coords points="2636,2324 3151,2322 3255,2349 3333,2323 3333,2284 3290,2280 2636,2274"/>
                <Baseline points="2657,2323 2689,2323 2722,2322 2755,2322 2788,2322 2821,2322 2854,2323 2887,2323 2920,2323 2953,2324 2986,2324 3018,2324 3051,2325 3084,2325 3117,2325 3150,2325 3183,2325 3216,2324 3249,2324 3282,2323 3315,2322"/>
                <TextEquiv>
                    <Unicode>rungenen Vermögen die Papierel</Unicode>
                </TextEquiv>
            </TextLine>
            <TextLine id="r1l61" custom="readingOrder {index:60;}">
                <Coords points="212,2371 1432,2367 1432,2309 1316,2301 213,2297"/>
                <Baseline points="232,2345 291,2345 350,2346 409,2346 468,2347 527,2347 586,2348 645,2349 704,2349 763,2350 823,2350 882,2351 941,2351 1000,2352 1059,2352 1118,2352 1177,2352 1236,2352 1295,2352 1354,2352 1414,2351"/>
                <TextEquiv>
                    <Unicode>Théatre de la Renaissance, mit einer schlecht zusammen¬</Unicode>
                </TextEquiv>
            </TextLine>
            <TextLine id="r1l62" custom="readingOrder {index:61;}">
                <Coords points="1426,2374 2649,2374 2595,2323 1426,2312"/>
                <Baseline points="1446,2359 1505,2360 1564,2361 1623,2361 1682,2361 1742,2362 1801,2362 1860,2363 1919,2363 1978,2363 2038,2364 2097,2364 2156,2364 2215,2365 2274,2365 2334,2365 2393,2366 2452,2366 2511,2366 2570,2367 2630,2367"/>
                <TextEquiv>
                    <Unicode>in ein Kunstwerk umgesetzt worden. Leider verschwendete</Unicode>
                </TextEquiv>
            </TextLine>
            <TextLine id="r1l63" custom="readingOrder {index:62;}">
                <Coords points="2640,2380 2779,2396 2798,2377 3337,2374 3337,2335 3291,2327 2640,2326"/>
                <Baseline points="2661,2368 2693,2368 2726,2368 2759,2368 2792,2368 2825,2368 2857,2368 2890,2368 2923,2369 2956,2369 2989,2370 3021,2370 3054,2370 3087,2371 3120,2371 3152,2372 3185,2372 3218,2372 3251,2372 3284,2372 3317,2372"/>
                <TextEquiv>
                    <Unicode>binen Aristokraten kauft und als</Unicode>
                </TextEquiv>
            </TextLine>
            <TextLine id="r1l64" custom="readingOrder {index:63;}">
                <Coords points="225,2405 1386,2415 1436,2403 1437,2353 225,2366"/>
                <Baseline points="245,2396 303,2396 362,2396 420,2396 479,2396 538,2397 596,2397 655,2398 713,2398 772,2399 831,2400 889,2400 948,2401 1006,2401 1065,2401 1124,2401 1182,2401 1241,2401 1299,2400 1358,2399 1417,2398"/>
                <TextEquiv>
                    <Unicode>gestellten Truppe nach Wien gekommen und hätte den wan¬</Unicode>
                </TextEquiv>
            </TextLine>
            <TextLine id="r1l65" custom="readingOrder {index:64;}">
                <Coords points="1448,2413 2621,2432 2652,2366 1448,2378"/>
                <Baseline points="1468,2406 1526,2408 1584,2410 1642,2411 1701,2412 1759,2412 1817,2413 1875,2413 1934,2412 1992,2412 2050,2412 2108,2412 2167,2411 2225,2411 2283,2411 2341,2411 2400,2412 2458,2412 2516,2413 2574,2415 2633,2417"/>
                <TextEquiv>
                    <Unicode>haller als Vater Marèze seine tiesdringende Kunst,</Unicode>
                </TextEquiv>
            </TextLine>
            <TextLine id="r1l66" custom="readingOrder {index:65;}">
                <Coords points="2635,2433 3347,2435 3347,2369 2635,2383"/>
                <Baseline points="2655,2419 2688,2419 2722,2419 2755,2419 2789,2419 2822,2419 2856,2419 2889,2419 2923,2419 2956,2420 2990,2420 3024,2420 3057,2420 3091,2420 3124,2420 3158,2420 3191,2420 3225,2420 3258,2420 3292,2420 3326,2420"/>
                <TextEquiv>
                    <Unicode>liser „Graf Festenberg“ die</Unicode>
                </TextEquiv>
            </TextLine>
            <TextLine id="r1l67" custom="readingOrder {index:66;}">
                <Coords points="212,2445 1323,2473 1431,2462 1432,2404 212,2398"/>
                <Baseline points="231,2444 290,2444 349,2444 408,2444 467,2444 526,2445 585,2446 644,2447 703,2448 762,2448 821,2449 880,2450 939,2451 998,2451 1057,2452 1116,2452 1175,2452 1234,2452 1293,2451 1352,2451 1412,2449"/>
                <TextEquiv>
                    <Unicode>kelmütigen Donauanwohnern den alten Marêze in Jules</Unicode>
                </TextEquiv>
            </TextLine>
            <TextLine id="r1l68" custom="readingOrder {index:67;}">
                <Coords points="1425,2465 2648,2475 2649,2428 1426,2403"/>
                <Baseline points="1446,2455 1505,2456 1564,2457 1623,2458 1683,2459 1742,2459 1801,2460 1860,2460 1920,2461 1979,2461 2038,2462 2097,2462 2157,2462 2216,2463 2275,2463 2334,2463 2394,2464 2453,2464 2512,2464 2571,2465 2631,2465"/>
                <TextEquiv>
                    <Unicode>Lili Marberg als Juliette ihre Schönheit und ihre dis¬</Unicode>
                </TextEquiv>
            </TextLine>
            <TextLine id="r1l69" custom="readingOrder {index:68;}">
                <Coords points="2641,2486 3315,2483 3338,2479 3339,2413 2642,2428"/>
                <Baseline points="2659,2468 2692,2468 2725,2467 2758,2467 2791,2467 2824,2467 2857,2467 2890,2468 2923,2468 2956,2469 2989,2469 3022,2470 3055,2471 3088,2471 3121,2471 3154,2471 3187,2472 3220,2471 3253,2471 3286,2470 3320,2469"/>
                <TextEquiv>
                    <Unicode>ritet, die er vor Jahren, noch als</Unicode>
                </TextEquiv>
            </TextLine>
            <TextLine id="r1l70" custom="readingOrder {index:69;}">
                <Coords points="222,2499 1352,2517 1437,2502 1438,2456 222,2456"/>
                <Baseline points="241,2489 299,2490 358,2490 417,2491 476,2492 535,2493 594,2493 652,2494 711,2495 770,2495 829,2496 888,2497 947,2497 1006,2498 1064,2498 1123,2498 1182,2499 1241,2499 1300,2499 1359,2498 1418,2498"/>
                <TextEquiv>
                    <Unicode>Lémaitres vieraktiger coméuie „La massière“ vor¬</Unicode>
                </TextEquiv>
            </TextLine>
            <TextLine id="r1l71" custom="readingOrder {index:70;}">
                <Coords points="1425,2508 2644,2536 2645,2470 2610,2466 1426,2461"/>
                <Baseline points="1444,2502 1503,2504 1562,2505 1621,2506 1680,2507 1739,2508 1798,2508 1857,2509 1916,2509 1975,2509 2034,2510 2093,2510 2152,2510 2211,2510 2270,2511 2329,2511 2388,2511 2447,2512 2506,2512 2565,2513 2624,2514"/>
                <TextEquiv>
                    <Unicode>krete Anmut vergebens an ein Publikum, das seinen schlech¬</Unicode>
                </TextEquiv>
            </TextLine>
            <TextLine id="r1l72" custom="readingOrder {index:71;}">
                <Coords points="2637,2531 2892,2516 3051,2539 3082,2516 3101,2535 3206,2519 3334,2535 3334,2481 3210,2485 3125,2458 2985,2485 2637,2477"/>
                <Baseline points="2656,2522 2688,2521 2721,2520 2754,2519 2787,2519 2820,2519 2853,2519 2885,2519 2918,2519 2951,2519 2984,2520 3017,2520 3050,2520 3083,2521 3115,2521 3148,2521 3181,2521 3214,2520 3247,2519 3280,2519 3313,2517"/>
                <TextEquiv>
                    <Unicode>gelernt hat. Am Ziel seines Lebe</Unicode>
                </TextEquiv>
            </TextLine>
            <TextLine id="r1l73" custom="readingOrder {index:72;}">
                <Coords points="227,2553 1439,2557 1439,2503 227,2502"/>
                <Baseline points="248,2543 306,2542 365,2542 423,2541 482,2541 541,2541 599,2542 658,2542 716,2543 775,2543 834,2544 892,2545 951,2545 1009,2546 1068,2546 1127,2547 1185,2547 1244,2548 1302,2548 1361,2547 1420,2547"/>
                <TextEquiv>
                    <Unicode>gespielt, dann wäre die Bewunderung der Snobs groß und</Unicode>
                </TextEquiv>
            </TextLine>
            <TextLine id="r1l74" custom="readingOrder {index:73;}">
                <Coords points="1428,2579 2342,2558 2334,2515 1428,2506"/>
                <Baseline points="1448,2553 1491,2553 1535,2553 1579,2553 1622,2553 1666,2553 1710,2554 1753,2554 1797,2554 1841,2555 1885,2555 1928,2556 1972,2556 2016,2556 2059,2557 2103,2557 2147,2557 2190,2557 2234,2557 2278,2557 2322,2557"/>
                <TextEquiv>
                    <Unicode>ten Tag hatte und nicht mitgehen wollte.</Unicode>
                </TextEquiv>
            </TextLine>
            <TextLine id="r1l75" custom="readingOrder {index:74;}">
                <Coords points="2648,2571 3310,2581 3341,2569 3341,2511 3101,2533 2648,2524"/>
                <Baseline points="2668,2569 2700,2568 2733,2567 2765,2567 2798,2566 2831,2566 2863,2566 2896,2567 2929,2567 2961,2567 2994,2568 3027,2568 3059,2568 3092,2569 3125,2569 3157,2569 3190,2569 3223,2569 3255,2568 3288,2568 3321,2567"/>
                <TextEquiv>
                    <Unicode>einem eifersüchtigen Cousin seiner</Unicode>
                </TextEquiv>
            </TextLine>
            <TextLine id="r1l76" custom="readingOrder {index:75;}">
                <Coords points="222,2591 1151,2621 1445,2604 1446,2557 223,2549"/>
                <Baseline points="241,2590 300,2590 359,2591 419,2591 478,2592 537,2592 597,2593 656,2593 715,2594 775,2594 834,2595 893,2595 953,2596 1012,2596 1071,2597 1131,2597 1190,2597 1249,2597 1309,2597 1368,2597 1428,2597"/>
                <TextEquiv>
                    <Unicode>ihr Entzücken über die Feinheiten des Dialogs und der</Unicode>
                </TextEquiv>
            </TextLine>
            <TextLine id="r1l77" custom="readingOrder {index:76;}">
                <Coords points="1506,2609 2644,2621 2644,2567 2470,2539 1506,2574"/>
                <Baseline points="1526,2602 1581,2603 1636,2603 1691,2604 1746,2605 1801,2605 1856,2606 1911,2606 1966,2607 2021,2607 2076,2608 2131,2608 2186,2608 2241,2609 2296,2609 2351,2609 2406,2610 2461,2610 2516,2610 2571,2610 2626,2610"/>
                <TextEquiv>
                    <Unicode>Mit größerer Berechtigung konnten sich die Gäste des</Unicode>
                </TextEquiv>
            </TextLine>
            <TextLine id="r1l78" custom="readingOrder {index:77;}">
                <Coords points="2645,2628 3326,2617 3326,2578 3299,2574 2645,2570"/>
                <Baseline points="2666,2618 2699,2617 2733,2616 2766,2616 2800,2616 2834,2616 2867,2616 2901,2616 2935,2616 2968,2616 3002,2617 3035,2617 3069,2617 3103,2617 3136,2617 3170,2617 3204,2617 3237,2617 3271,2617 3305,2616"/>
                <TextEquiv>
                    <Unicode>stapler der Polizei ausgeliefert.</Unicode>
                </TextEquiv>
            </TextLine>
            <TextLine id="r1l79" custom="readingOrder {index:78;}">
                <Coords points="216,2654 1435,2659 1436,2605 216,2592"/>
                <Baseline points="234,2639 293,2640 352,2640 411,2640 470,2641 529,2641 588,2642 648,2642 707,2643 766,2644 825,2644 884,2645 943,2645 1002,2646 1062,2646 1121,2646 1180,2647 1239,2647 1298,2647 1357,2647 1417,2647"/>
                <TextEquiv>
                    <Unicode>dramatischen Charakterstudie ohne Grenzen gewesen, wie</Unicode>
                </TextEquiv>
            </TextLine>
            <TextLine id="r1l80" custom="readingOrder {index:79;}">
                <Coords points="1437,2658 2637,2659 2637,2616 2544,2608 1437,2581"/>
                <Baseline points="1457,2650 1515,2651 1573,2651 1631,2652 1689,2653 1747,2654 1805,2654 1863,2655 1921,2655 1979,2656 2037,2656 2095,2657 2153,2657 2211,2658 2269,2658 2327,2658 2385,2658 2443,2658 2501,2658 2559,2658 2618,2657"/>
                <TextEquiv>
                    <Unicode>Volkstheaters gegen das Rühr= und Tendenzstück „Aller¬</Unicode>
                </TextEquiv>
            </TextLine>
            <TextLine id="r1l81" custom="readingOrder {index:80;}">
                <Coords points="2640,2675 3329,2677 3329,2623 2640,2628"/>
                <Baseline points="2658,2668 2690,2666 2723,2665 2755,2664 2788,2663 2821,2662 2853,2662 2886,2662 2919,2662 2951,2662 2984,2663 3017,2663 3049,2664 3082,2664 3115,2665 3147,2665 3180,2666 3213,2666 3245,2666 3278,2666 3311,2665"/>
                <TextEquiv>
                    <Unicode>zehn Minuten vor Ankunft des K</Unicode>
                </TextEquiv>
            </TextLine>
            <TextLine id="r1l82" custom="readingOrder {index:81;}">
                <Coords points="214,2711 1437,2712 1438,2662 215,2638"/>
                <Baseline points="232,2689 291,2689 350,2689 410,2689 469,2689 529,2689 588,2690 647,2690 707,2690 766,2691 826,2692 885,2692 944,2693 1004,2693 1063,2694 1123,2694 1182,2695 1241,2695 1301,2695 1360,2695 1420,2695"/>
                <TextEquiv>
                    <Unicode>sich ja auch Lémaitres „L'ainée“, von Suzanne Désprès</Unicode>
                </TextEquiv>
            </TextLine>
            <TextLine id="r1l83" custom="readingOrder {index:82;}">
                <Coords points="1425,2714 2645,2716 2614,2658 1426,2656"/>
                <Baseline points="1445,2704 1507,2703 1569,2703 1631,2703 1693,2703 1755,2703 1817,2703 1879,2704 1941,2704 2003,2705 2065,2705 2127,2706 2189,2707 2251,2707 2313,2708 2375,2708 2437,2708 2499,2708 2561,2707 2624,2707"/>
                <TextEquiv>
                    <Unicode>seelen“ von Hermann Heijermans wehren. Es ist</Unicode>
                </TextEquiv>
            </TextLine>
            <TextLine id="r1l84" custom="readingOrder {index:83;}">
                <Coords points="2639,2719 3258,2729 3335,2718 3336,2663 3006,2682 2639,2669"/>
                <Baseline points="2657,2710 2689,2710 2722,2711 2755,2712 2788,2712 2821,2713 2854,2713 2887,2713 2920,2713 2953,2713 2986,2713 3018,2714 3051,2714 3084,2714 3117,2713 3150,2713 3183,2713 3216,2713 3249,2713 3282,2713 3315,2713"/>
                <TextEquiv>
                    <Unicode>Erzählung dessen, wie alles kan</Unicode>
                </TextEquiv>
            </TextLine>
            <TextLine id="r1l85" custom="readingOrder {index:84;}">
                <Coords points="224,2753 1436,2767 1436,2701 224,2688"/>
                <Baseline points="242,2737 300,2738 359,2738 418,2738 477,2739 536,2739 594,2740 653,2740 712,2740 771,2741 830,2741 888,2742 947,2742 1006,2742 1065,2742 1124,2742 1182,2742 1241,2742 1300,2742 1359,2742 1418,2742"/>
                <TextEquiv>
                    <Unicode>getragen, die Herzen gewann. Weil „La massière“ aber</Unicode>
                </TextEquiv>
            </TextLine>
            <TextLine id="r1l86" custom="readingOrder {index:85;}">
                <Coords points="1432,2757 2636,2768 2636,2718 2493,2709 1432,2707"/>
                <Baseline points="1452,2749 1510,2749 1568,2750 1626,2750 1685,2750 1743,2751 1801,2751 1860,2752 1918,2752 1976,2752 2035,2753 2093,2753 2151,2754 2209,2754 2268,2754 2326,2755 2384,2755 2443,2755 2501,2755 2559,2755 2618,2754"/>
                <TextEquiv>
                    <Unicode>heute über jeden Zweifel hinaus entschieden, daß Heijermans</Unicode>
                </TextEquiv>
            </TextLine>
            <TextLine id="r1l87" custom="readingOrder {index:86;}">
                <Coords points="2639,2773 3003,2758 3092,2781 3126,2765 3332,2781 3332,2719 2639,2723"/>
                <Baseline points="2657,2763 2689,2763 2722,2762 2755,2762 2788,2762 2821,2762 2854,2762 2886,2762 2919,2762 2952,2762 2985,2762 3018,2762 3051,2763 3084,2763 3116,2763 3149,2763 3182,2762 3215,2762 3248,2762 3281,2761 3314,2760"/>
                <TextEquiv>
                    <Unicode>persönlichen Adel als der Cousin</Unicode>
                </TextEquiv>
            </TextLine>
            <TextLine id="r1l88" custom="readingOrder {index:87;}">
                <Coords points="215,2805 1395,2812 1439,2750 215,2739"/>
                <Baseline points="234,2783 293,2784 352,2785 411,2787 470,2788 530,2789 589,2790 648,2791 707,2792 766,2793 826,2793 885,2794 944,2794 1003,2794 1062,2795 1122,2795 1181,2795 1240,2794 1299,2794 1358,2793 1418,2793"/>
                <TextEquiv>
                    <Unicode>nur „Der Schützling“ hieß und weil „nur“ unser vor¬</Unicode>
                </TextEquiv>
            </TextLine>
            <TextLine id="r1l89" custom="readingOrder {index:88;}">
                <Coords points="1430,2808 2646,2808 2646,2762 1430,2754"/>
                <Baseline points="1449,2798 1511,2799 1573,2800 1635,2801 1697,2801 1759,2802 1821,2802 1883,2802 1945,2803 2007,2803 2069,2803 2131,2803 2193,2803 2255,2803 2317,2803 2379,2803 2441,2803 2503,2803 2565,2804 2628,2804"/>
                <TextEquiv>
                    <Unicode>die Hoffnungen auf reichen Segen, die man nach seinem</Unicode>
                </TextEquiv>
            </TextLine>
            <TextLine id="r1l90" custom="readingOrder {index:89;}">
                <Coords points="2636,2819 3185,2811 3251,2831 3336,2808 3336,2765 2636,2765"/>
                <Baseline points="2655,2811 2688,2811 2721,2811 2754,2811 2787,2811 2820,2812 2853,2812 2887,2812 2920,2812 2953,2812 2986,2812 3019,2812 3052,2812 3085,2812 3119,2812 3152,2812 3185,2812 3218,2811 3251,2811 3284,2811 3318,2811"/>
                <TextEquiv>
                    <Unicode>nur ein verächtliches: „Du Schuft</Unicode>
                </TextEquiv>
            </TextLine>
            <TextLine id="r1l91" custom="readingOrder {index:90;}">
                <Coords points="214,2840 1441,2851 1406,2800 1089,2778 214,2782"/>
                <Baseline points="234,2832 293,2834 352,2835 411,2836 471,2838 530,2839 589,2840 649,2841 708,2841 767,2842 827,2843 886,2843 945,2843 1004,2844 1064,2844 1123,2844 1182,2844 1242,2844 1301,2844 1360,2844 1420,2844"/>
                <TextEquiv>
                    <Unicode>trefflicher Thaller seine reife Kunst in den Marèze</Unicode>
                </TextEquiv>
            </TextLine>
            <TextLine id="r1l92" custom="readingOrder {index:91;}">
                <Coords points="1436,2859 2640,2860 2640,2814 2373,2797 1436,2805"/>
                <Baseline points="1457,2847 1515,2848 1573,2848 1631,2849 1689,2850 1747,2850 1805,2851 1864,2851 1922,2852 1980,2852 2038,2853 2096,2853 2154,2853 2212,2853 2271,2853 2329,2853 2387,2853 2445,2853 2503,2852 2561,2852 2620,2851"/>
                <TextEquiv>
                    <Unicode>Eintritt in die Literatur auf ihn setzte, nicht erfüllt hat und</Unicode>
                </TextEquiv>
            </TextLine>
            <TextLine id="r1l93" custom="readingOrder {index:92;}">
                <Coords points="2633,2863 3337,2875 3338,2805 3249,2832 2633,2817"/>
                <Baseline points="2651,2860 2684,2859 2717,2858 2750,2858 2784,2858 2817,2858 2850,2858 2884,2858 2917,2859 2950,2859 2984,2859 3017,2860 3050,2860 3083,2860 3117,2861 3150,2861 3183,2861 3217,2861 3250,2861 3283,2861 3317,2860"/>
                <TextEquiv>
                    <Unicode>nergraf hätte es leicht gehabt, den</Unicode>
                </TextEquiv>
            </TextLine>
            <TextLine id="r1l94" custom="readingOrder {index:93;}">
                <Coords points="217,2898 1441,2897 1441,2851 218,2836"/>
                <Baseline points="236,2882 295,2883 354,2884 413,2884 472,2885 532,2886 591,2887 650,2887 709,2888 768,2889 828,2889 887,2890 946,2891 1005,2891 1064,2892 1124,2892 1183,2892 1242,2892 1301,2892 1360,2892 1420,2892"/>
                <TextEquiv>
                    <Unicode>legte, so lachten die Leute, fanden die Komödie konstruiert</Unicode>
                </TextEquiv>
            </TextLine>
            <TextLine id="r1l95" custom="readingOrder {index:94;}">
                <Coords points="1430,2904 2650,2920 2650,2858 2584,2854 1430,2854"/>
                <Baseline points="1451,2896 1513,2897 1575,2898 1637,2898 1699,2899 1761,2899 1823,2899 1885,2899 1947,2899 2009,2899 2071,2899 2133,2899 2195,2899 2257,2899 2319,2900 2381,2900 2443,2900 2505,2901 2567,2902 2630,2903"/>
                <TextEquiv>
                    <Unicode>nie mehr erfüllen wird. Heijermans ist einer mehr aus der</Unicode>
                </TextEquiv>
            </TextLine>
            <TextLine id="r1l96" custom="readingOrder {index:95;}">
                <Coords points="2649,2913 3180,2911 3245,2931 3276,2904 3323,2924 3323,2862 2649,2866"/>
                <Baseline points="2667,2908 2698,2907 2730,2907 2762,2907 2794,2907 2826,2908 2858,2908 2890,2908 2922,2908 2954,2909 2986,2909 3017,2909 3049,2909 3081,2910 3113,2910 3145,2910 3177,2910 3209,2910 3241,2909 3273,2909 3305,2909"/>
                <TextEquiv>
                    <Unicode>lich zu erhalten; von der fast</Unicode>
                </TextEquiv>
            </TextLine>
            <TextLine id="r1l97" custom="readingOrder {index:96;}">
                <Coords points="218,2937 1430,2960 1431,2898 219,2890"/>
                <Baseline points="236,2931 294,2932 353,2933 412,2934 470,2934 529,2935 588,2936 646,2936 705,2937 764,2938 823,2938 881,2939 940,2939 999,2940 1057,2940 1116,2941 1175,2941 1233,2942 1292,2942 1351,2943 1410,2943"/>
                <TextEquiv>
                    <Unicode>und albern und ließen sie samt dem redlichen Stück Arbeit,</Unicode>
                </TextEquiv>
            </TextLine>
            <TextLine id="r1l98" custom="readingOrder {index:97;}">
                <Coords points="1425,2957 2641,2971 2641,2917 2587,2909 1425,2899"/>
                <Baseline points="1445,2950 1503,2948 1562,2948 1621,2947 1680,2946 1738,2946 1797,2946 1856,2947 1915,2947 1973,2947 2032,2948 2091,2949 2150,2949 2208,2950 2267,2950 2326,2951 2385,2951 2443,2952 2502,2952 2561,2952 2620,2952"/>
                <TextEquiv>
                    <Unicode>großen Zahl jener Beklagenswerten, die durch einen, mehr</Unicode>
                </TextEquiv>
            </TextLine>
            <TextLine id="r1l99" custom="readingOrder {index:98;}">
                <Coords points="2633,2969 2974,2957 3074,2984 3338,2965 3338,2914 3283,2899 3218,2922 2633,2914"/>
                <Baseline points="2653,2959 2686,2959 2719,2958 2752,2958 2786,2958 2819,2958 2852,2958 2885,2958 2919,2958 2952,2958 2985,2959 3018,2959 3052,2959 3085,2959 3118,2959 3151,2959 3185,2959 3218,2959 3251,2958 3284,2957 3318,2956"/>
                <TextEquiv>
                    <Unicode>Festenbergs lebt nur ein alter Sp</Unicode>
                </TextEquiv>
            </TextLine>
            <TextLine id="r1l100" custom="readingOrder {index:99;}">
                <Coords points="215,2990 1431,3008 1431,2958 1392,2950 215,2936"/>
                <Baseline points="236,2981 294,2983 353,2984 412,2985 471,2986 530,2987 588,2987 647,2988 706,2988 765,2988 824,2988 882,2989 941,2989 1000,2989 1059,2989 1118,2989 1176,2989 1235,2989 1294,2990 1353,2990 1412,2990"/>
                <TextEquiv>
                    <Unicode>das in der Aufführung steckte, ohne Erbarmen fallen. Arme,</Unicode>
                </TextEquiv>
            </TextLine>
            <TextLine id="r1l101" custom="readingOrder {index:100;}">
                <Coords points="1424,3000 2651,3003 2651,2968 2531,2956 1424,2950"/>
                <Baseline points="1442,2997 1501,2997 1560,2996 1620,2996 1679,2996 1739,2996 1798,2996 1857,2996 1917,2997 1976,2997 2036,2997 2095,2998 2154,2998 2214,2999 2273,2999 2333,3000 2392,3001 2451,3001 2511,3001 2570,3002 2630,3002"/>
                <TextEquiv>
                    <Unicode>dem Zufall als eigenem Können geschuldeten glücklichen</Unicode>
                </TextEquiv>
            </TextLine>
            <TextLine id="r1l102" custom="readingOrder {index:101;}">
                <Coords points="2638,3014 2944,3014 2994,3037 3079,3014 3327,3022 3327,2952 3304,2948 3072,2983 3048,2960 2804,2975 2638,2941"/>
                <Baseline points="2658,3006 2690,3006 2722,3007 2755,3007 2787,3008 2820,3008 2852,3008 2885,3008 2917,3008 2950,3009 2982,3009 3014,3009 3047,3008 3079,3008 3112,3008 3144,3008 3177,3007 3209,3007 3242,3007 3274,3006 3307,3005"/>
                <TextEquiv>
                    <Unicode>unseren Mann öfter angepumpt</Unicode>
                </TextEquiv>
            </TextLine>
            <TextLine id="r1l103" custom="readingOrder {index:102;}">
                <Coords points="223,3040 1439,3055 1439,3008 1389,2996 223,2990"/>
                <Baseline points="241,3035 303,3034 365,3034 427,3034 489,3034 551,3034 613,3035 675,3035 737,3036 799,3036 861,3037 923,3037 985,3038 1047,3038 1109,3039 1171,3039 1233,3039 1295,3039 1357,3039 1420,3038"/>
                <TextEquiv>
                    <Unicode>herzige, liebenswerte massière! Sie fragen, was das ist,</Unicode>
                </TextEquiv>
            </TextLine>
            <TextLine id="r1l104" custom="readingOrder {index:103;}">
                <Coords points="1431,3051 2643,3051 2527,3004 1431,3001"/>
                <Baseline points="1451,3046 1509,3046 1568,3046 1626,3046 1685,3046 1744,3046 1802,3046 1861,3046 1919,3046 1978,3046 2037,3046 2095,3046 2154,3046 2212,3046 2271,3046 2330,3047 2388,3047 2447,3048 2505,3049 2564,3050 2623,3052"/>
                <TextEquiv>
                    <Unicode>Wurf die Blicke der nach einem dramatischen Messias sehn¬</Unicode>
                </TextEquiv>
            </TextLine>
            <TextLine id="r1l105" custom="readingOrder {index:104;}">
                <Coords points="2645,3063 3326,3074 3327,3013 3052,3030 2645,3016"/>
                <Baseline points="2664,3057 2696,3056 2728,3055 2760,3054 2792,3054 2825,3054 2857,3054 2889,3054 2921,3055 2953,3055 2986,3055 3018,3056 3050,3057 3082,3057 3114,3058 3147,3058 3179,3058 3211,3058 3243,3058 3275,3057 3308,3056"/>
                <TextEquiv>
                    <Unicode>adoptiert hätte ... Das Thema</Unicode>
                </TextEquiv>
            </TextLine>
            <TextLine id="r1l106" custom="readingOrder {index:105;}">
                <Coords points="212,3095 1439,3089 1397,3046 212,3033"/>
                <Baseline points="233,3082 292,3082 351,3082 411,3082 470,3082 529,3083 589,3083 648,3084 707,3085 767,3086 826,3086 885,3087 945,3087 1004,3088 1063,3089 1123,3089 1182,3089 1241,3089 1301,3089 1360,3089 1420,3088"/>
                <TextEquiv>
                    <Unicode>eine massière? Das junge Mädchen, das dieses Ehrenamt</Unicode>
                </TextEquiv>
            </TextLine>
            <TextLine id="r1l107" custom="readingOrder {index:106;}">
                <Coords points="1424,3102 2636,3115 2636,3061 1425,3052"/>
                <Baseline points="1444,3096 1502,3095 1561,3095 1619,3094 1678,3094 1736,3094 1795,3094 1853,3094 1912,3094 1970,3095 2029,3095 2088,3095 2146,3096 2205,3096 2263,3097 2322,3097 2380,3098 2439,3098 2497,3098 2556,3098 2615,3098"/>
                <TextEquiv>
                    <Unicode>suchtsvoll auslugenden Menschheit auf sich lenkten und dann</Unicode>
                </TextEquiv>
            </TextLine>
            <TextLine id="r1l108" custom="readingOrder {index:107;}">
                <Coords points="2628,3101 2783,3122 3329,3112 3329,3073 3256,3064 2629,3058"/>
                <Baseline points="2647,3102 2680,3103 2713,3103 2746,3103 2779,3104 2813,3104 2846,3105 2879,3105 2912,3105 2945,3106 2979,3106 3012,3106 3045,3107 3078,3107 3111,3107 3145,3108 3178,3108 3211,3108 3244,3108 3277,3109 3311,3109"/>
                <TextEquiv>
                    <Unicode>und gar nach Saltens Herzen, der</Unicode>
                </TextEquiv>
            </TextLine>
            <TextLine id="r1l109" custom="readingOrder {index:108;}">
                <Coords points="213,3145 1436,3154 1436,3092 213,3091"/>
                <Baseline points="233,3130 292,3130 351,3131 410,3132 470,3133 529,3133 588,3135 647,3135 707,3136 766,3136 825,3137 884,3138 944,3138 1003,3138 1062,3138 1121,3139 1181,3139 1240,3138 1299,3138 1358,3138 1418,3137"/>
                <TextEquiv>
                    <Unicode>bekleidet, erklärt im Schauspiel einer das nämliche fragenden</Unicode>
                </TextEquiv>
            </TextLine>
            <TextLine id="r1l110" custom="readingOrder {index:109;}">
                <Coords points="1424,3153 2508,3169 2635,3150 2636,3115 1424,3110"/>
                <Baseline points="1443,3141 1501,3141 1560,3141 1619,3142 1678,3142 1736,3142 1795,3143 1854,3143 1913,3143 1971,3144 2030,3144 2089,3145 2148,3145 2206,3145 2265,3145 2324,3145 2383,3145 2441,3145 2500,3145 2559,3145 2618,3144"/>
                <TextEquiv>
                    <Unicode>unter ihrer Aufgabe und unter den fragenden Blicken er¬</Unicode>
                </TextEquiv>
            </TextLine>
            <TextLine id="r1l111" custom="readingOrder {index:110;}">
                <Coords points="2635,3167 3324,3164 3324,3114 2635,3109"/>
                <Baseline points="2655,3152 2687,3153 2720,3154 2752,3154 2785,3155 2817,3156 2850,3156 2882,3156 2915,3157 2947,3157 2980,3157 3012,3157 3045,3157 3077,3156 3110,3156 3142,3156 3175,3155 3207,3155 3240,3155 3272,3154 3305,3154"/>
                <TextEquiv>
                    <Unicode>Autodidakt, sich in verschiedenen</Unicode>
                </TextEquiv>
            </TextLine>
            <TextLine id="r1l112" custom="readingOrder {index:111;}">
                <Coords points="215,3180 304,3211 1434,3196 1434,3149 1388,3145 215,3133"/>
                <Baseline points="234,3179 293,3180 352,3181 411,3181 470,3182 529,3183 588,3184 647,3185 706,3185 765,3186 825,3187 884,3187 943,3188 1002,3188 1061,3188 1120,3188 1179,3188 1238,3187 1297,3187 1356,3186 1416,3185"/>
                <TextEquiv>
                    <Unicode>Dame: „La massière est une élève chargée de garder</Unicode>
                </TextEquiv>
            </TextLine>
            <TextLine id="r1l113" custom="readingOrder {index:112;}">
                <Coords points="1425,3206 2644,3194 2644,3160 2544,3147 1425,3148"/>
                <Baseline points="1443,3190 1502,3190 1561,3190 1620,3190 1679,3190 1738,3191 1797,3191 1856,3191 1915,3191 1974,3192 2033,3192 2092,3193 2151,3193 2210,3193 2269,3194 2328,3194 2387,3195 2446,3195 2505,3196 2564,3196 2623,3197"/>
                <TextEquiv>
                    <Unicode>schöpft zusammenbrachen. Die Fischertragödie „Die Hoff¬</Unicode>
                </TextEquiv>
            </TextLine>
            <TextLine id="r1l114" custom="readingOrder {index:113;}">
                <Coords points="2632,3219 3274,3202 3309,3221 3340,3214 3340,3148 2632,3157"/>
                <Baseline points="2651,3203 2684,3204 2718,3204 2751,3205 2785,3205 2818,3205 2852,3205 2885,3205 2919,3205 2952,3205 2986,3205 3020,3205 3053,3205 3087,3204 3120,3204 3154,3204 3187,3204 3221,3203 3254,3203 3288,3203 3322,3203"/>
                <TextEquiv>
                    <Unicode>eigener Kraft den Namen des b</Unicode>
                </TextEquiv>
            </TextLine>
            <TextLine id="r1l115" custom="readingOrder {index:114;}">
                <Coords points="203,3245 1434,3252 1434,3194 203,3187"/>
                <Baseline points="222,3229 281,3230 341,3230 401,3231 460,3232 520,3232 580,3233 639,3233 699,3233 759,3234 819,3234 878,3234 938,3235 998,3235 1057,3235 1117,3235 1177,3235 1236,3235 1296,3236 1356,3236 1416,3236"/>
                <TextEquiv>
                    <Unicode>la „masse“, comme au régiment, de distribuer les</Unicode>
                </TextEquiv>
            </TextLine>
            <TextLine id="r1l116" custom="readingOrder {index:115;}">
                <Coords points="1430,3251 2630,3257 2630,3211 2506,3199 1430,3204"/>
                <Baseline points="1451,3243 1509,3243 1567,3243 1625,3243 1683,3243 1741,3243 1799,3243 1857,3243 1915,3243 1973,3243 2031,3243 2089,3243 2147,3243 2205,3243 2263,3243 2321,3243 2379,3244 2437,3244 2495,3245 2553,3246 2611,3247"/>
                <TextEquiv>
                    <Unicode>nung auf Segen“, die ihren Siegeszug zu einer Zeit an¬</Unicode>
                </TextEquiv>
            </TextLine>
            <TextLine id="r1l117" custom="readingOrder {index:116;}">
                <Coords points="2639,3260 3286,3273 3340,3246 3340,3203 2640,3206"/>
                <Baseline points="2657,3252 2690,3252 2723,3252 2756,3252 2789,3252 2822,3251 2855,3251 2888,3251 2921,3251 2954,3251 2988,3252 3021,3252 3054,3252 3087,3252 3120,3253 3153,3253 3186,3254 3219,3255 3252,3256 3285,3257 3319,3258"/>
                <TextEquiv>
                    <Unicode>nalisten neben Bahr erworben ha#</Unicode>
                </TextEquiv>
            </TextLine>
            <TextLine id="r1l118" custom="readingOrder {index:117;}">
                <Coords points="210,3292 1430,3313 1430,3244 211,3234"/>
                <Baseline points="230,3279 289,3279 348,3280 407,3280 466,3280 525,3280 584,3281 643,3281 702,3281 761,3282 821,3282 880,3283 939,3284 998,3284 1057,3285 1116,3285 1175,3286 1234,3286 1293,3287 1352,3287 1412,3288"/>
                <TextEquiv>
                    <Unicode>fournitures, de maintenir l’ordre etc.“ Diese Erklärung</Unicode>
                </TextEquiv>
            </TextLine>
            <TextLine id="r1l119" custom="readingOrder {index:118;}">
                <Coords points="1426,3297 2637,3318 2638,3263 1426,3246"/>
                <Baseline points="1445,3292 1503,3292 1562,3292 1621,3291 1680,3291 1738,3291 1797,3291 1856,3291 1915,3291 1973,3291 2032,3292 2091,3292 2150,3292 2208,3293 2267,3293 2326,3294 2385,3294 2443,3295 2502,3296 2561,3296 2620,3297"/>
                <TextEquiv>
                    <Unicode>trat, wo der Naturalismus und seine Vertreter bereits zu</Unicode>
                </TextEquiv>
            </TextLine>
            <TextLine id="r1l120" custom="readingOrder {index:119;}">
                <Coords points="2636,3305 3244,3322 3290,3306 3290,3260 3217,3252 2636,3259"/>
                <Baseline points="2657,3301 2687,3302 2718,3303 2748,3304 2779,3304 2810,3305 2840,3305 2871,3304 2902,3304 2932,3304 2963,3303 2994,3303 3024,3303 3055,3302 3086,3302 3116,3302 3147,3303 3178,3303 3208,3304 3239,3306 3270,3307"/>
                <TextEquiv>
                    <Unicode>wohl, daß diese Eheschließung,</Unicode>
                </TextEquiv>
            </TextLine>
            <TextLine id="r1l121" custom="readingOrder {index:120;}">
                <Coords points="214,3335 1422,3347 1422,3296 1201,3283 214,3284"/>
                <Baseline points="233,3328 291,3328 350,3329 408,3330 467,3330 525,3331 584,3331 642,3332 701,3332 759,3332 818,3333 877,3333 935,3333 994,3334 1052,3334 1111,3334 1169,3335 1228,3335 1286,3335 1345,3336 1404,3336"/>
                <TextEquiv>
                    <Unicode>erhalten wir gleich in der ersten Szene des ersten Aktes,</Unicode>
                </TextEquiv>
            </TextLine>
            <TextLine id="r1l122" custom="readingOrder {index:121;}">
                <Coords points="1419,3342 3316,3358 3274,3296 1419,3303"/>
                <Baseline points="1440,3341 1532,3340 1625,3339 1718,3339 1811,3339 1904,3339 1997,3339 2089,3340 2182,3341 2275,3342 2368,3343 2461,3344 2554,3345 2647,3346 2739,3347 2832,3348 2925,3350 3018,3351 3111,3352 3204,3353 3297,3354"/>
                <TextEquiv>
                    <Unicode>weichen begannen, ließ eine Nachblüte, eine Nachernte er= Benehmen des Kellners, seine Au</Unicode>
                </TextEquiv>
            </TextLine>
            <TextLine id="r1l123" custom="readingOrder {index:122;}">
                <Coords points="205,3380 1436,3393 1436,3350 1358,3338 205,3334"/>
                <Baseline points="225,3377 284,3378 344,3378 403,3378 463,3379 522,3379 582,3379 641,3379 701,3379 760,3379 820,3379 879,3379 939,3379 998,3379 1058,3379 1117,3380 1177,3380 1236,3381 1296,3382 1355,3383 1415,3384"/>
                <TextEquiv>
                    <Unicode>dessen Schauplatz das Atelier des berühmten Malers Ma¬</Unicode>
                </TextEquiv>
            </TextLine>
            <TextLine id="r1l124" custom="readingOrder {index:123;}">
                <Coords points="1428,3405 3205,3414 3329,3407 3329,3337 1428,3347"/>
                <Baseline points="1449,3390 1542,3389 1635,3389 1728,3389 1821,3389 1914,3389 2007,3390 2100,3390 2193,3391 2286,3392 2379,3393 2472,3394 2565,3395 2658,3396 2751,3397 2844,3398 2937,3398 3030,3399 3123,3399 3216,3399 3309,3398"/>
                <TextEquiv>
                    <Unicode>hoffen. Doch ward diese Hoffnung enttäuscht. Alles, was nung eines ihm angebotenen R#</Unicode>
                </TextEquiv>
            </TextLine>
            <TextLine id="r1l125" custom="readingOrder {index:124;}">
                <Coords points="200,3424 3336,3404 200,3378"/>
                <Baseline points="219,3422 373,3423 528,3424 683,3425 838,3427 993,3428 1147,3429 1302,3431 1457,3432 1612,3434 1767,3435 1921,3437 2076,3438 2231,3439 2386,3440 2541,3442 2695,3443 2850,3444 3005,3445 3160,3445 3315,3446"/>
                <TextEquiv>
                    <Unicode>—reze-in-der Académie Justinien ist. Unter seinen zahlreichen.] Heijermans nachher aus dem kleinen Holland ins große würdig##tatlisch sind. Na#</Unicode>
                </TextEquiv>
            </TextLine>
            <TextLine id="r1l126" custom="readingOrder {index:125;}">
                <Coords points="203,3486 1430,3479 1430,3433 1365,3428 203,3424"/>
                <Baseline points="223,3468 282,3468 341,3468 401,3469 460,3469 520,3469 579,3470 638,3470 698,3471 757,3471 817,3472 876,3472 935,3473 995,3473 1054,3474 1114,3474 1173,3475 1232,3475 1292,3475 1351,3475 1411,3476"/>
                <TextEquiv>
                    <Unicode>Schülerinnen ist Juliette Dupuy sein Liebling und sie ge¬</Unicode>
                </TextEquiv>
            </TextLine>
            <TextLine id="r1l127" custom="readingOrder {index:126;}">
                <Coords points="1423,3485 2635,3497 2635,3435 1423,3438"/>
                <Baseline points="1441,3483 1499,3484 1558,3485 1617,3486 1676,3486 1734,3487 1793,3487 1852,3487 1911,3487 1969,3487 2028,3487 2087,3487 2146,3487 2204,3487 2263,3486 2322,3486 2381,3486 2439,3486 2498,3486 2557,3485 2616,3485"/>
                <TextEquiv>
                    <Unicode>deutsche Land sandte, versagte, war null und nietenhaft.</Unicode>
                </TextEquiv>
            </TextLine>
            <TextLine id="r1l128" custom="readingOrder {index:127;}">
                <Coords points="2622,3491 3160,3496 3234,3516 3331,3489 3331,3447 2623,3441"/>
                <Baseline points="2643,3490 2676,3489 2709,3489 2743,3488 2776,3488 2810,3489 2843,3489 2877,3490 2910,3490 2944,3491 2977,3492 3010,3492 3044,3493 3077,3493 3111,3494 3144,3494 3178,3494 3211,3493 3245,3493 3278,3492 3312,3490"/>
                <TextEquiv>
                    <Unicode>lerher=Erwägungen nach dem zwel</Unicode>
                </TextEquiv>
            </TextLine>
            <TextLine id="r1l129" custom="readingOrder {index:128;}">
                <Coords points="211,3532 1419,3541 1419,3483 1198,3493 1168,3462 211,3478"/>
                <Baseline points="231,3516 289,3517 348,3519 406,3519 465,3520 523,3521 582,3521 640,3522 699,3522 757,3522 816,3523 874,3523 933,3523 991,3523 1050,3523 1108,3524 1167,3524 1225,3525 1284,3525 1342,3526 1401,3527"/>
                <TextEquiv>
                    <Unicode>nießt im Atelier eine gewisse Vertrauensstellung. Sie führt</Unicode>
                </TextEquiv>
            </TextLine>
            <TextLine id="r1l130" custom="readingOrder {index:129;}">
                <Coords points="1424,3539 2628,3543 2628,3488 2582,3485 1424,3488"/>
                <Baseline points="1445,3534 1503,3534 1561,3534 1619,3535 1677,3535 1735,3535 1793,3535 1851,3535 1909,3535 1967,3535 2026,3534 2084,3534 2142,3534 2200,3534 2258,3534 2316,3534 2374,3534 2432,3535 2490,3535 2548,3535 2607,3536"/>
                <TextEquiv>
                    <Unicode>Mühsam und mühselig versuchte Heijermans, die launische</Unicode>
                </TextEquiv>
            </TextLine>
            <TextLine id="r1l131" custom="readingOrder {index:130;}">
                <Coords points="2639,3550 3235,3538 3340,3561 3340,3492 3317,3488 3205,3506 2639,3495"/>
                <Baseline points="2660,3537 2693,3537 2726,3537 2759,3537 2792,3537 2825,3537 2858,3537 2891,3537 2924,3538 2957,3538 2990,3538 3023,3539 3056,3539 3089,3539 3122,3540 3155,3540 3188,3540 3221,3540 3254,3540 3287,3539 3320,3539"/>
                <TextEquiv>
                    <Unicode>Ernst des Lebens“. Ein ber</Unicode>
                </TextEquiv>
            </TextLine>
            <TextLine id="r1l132" custom="readingOrder {index:131;}">
                <Coords points="209,3575 1425,3586 1425,3531 210,3536"/>
                <Baseline points="228,3566 286,3566 345,3567 404,3567 463,3568 522,3568 581,3568 639,3569 698,3569 757,3570 816,3570 875,3570 934,3571 993,3571 1051,3572 1110,3573 1169,3573 1228,3574 1287,3575 1346,3576 1405,3577"/>
                <TextEquiv>
                    <Unicode>neue Schülerinnen in die Methode des Meisters ein, sie</Unicode>
                </TextEquiv>
            </TextLine>
            <TextLine id="r1l133" custom="readingOrder {index:132;}">
                <Coords points="1414,3595 2638,3590 2638,3547 2529,3539 1414,3533"/>
                <Baseline points="1435,3583 1494,3583 1553,3583 1612,3583 1671,3583 1731,3583 1790,3583 1849,3583 1908,3583 1967,3583 2027,3583 2086,3583 2145,3583 2204,3583 2263,3584 2323,3584 2382,3584 2441,3584 2500,3585 2559,3585 2619,3586"/>
                <TextEquiv>
                    <Unicode>Menge, deren berauschenden Jubelruf er einmal verkostet</Unicode>
                </TextEquiv>
            </TextLine>
            <TextLine id="r1l134" custom="readingOrder {index:133;}">
                <Coords points="2627,3598 2755,3607 2825,3580 2863,3600 3277,3607 3332,3588 3332,3549 3235,3537 2628,3544"/>
                <Baseline points="2647,3588 2680,3587 2713,3586 2746,3586 2779,3585 2813,3585 2846,3585 2879,3585 2912,3585 2945,3585 2979,3585 3012,3586 3045,3586 3078,3587 3111,3588 3145,3588 3178,3589 3211,3590 3244,3590 3277,3591 3311,3592"/>
                <TextEquiv>
                    <Unicode>richtiger Plebejeremporkömmling,</Unicode>
                </TextEquiv>
            </TextLine>
            <TextLine id="r1l135" custom="readingOrder {index:134;}">
                <Coords points="206,3622 1425,3645 1425,3583 206,3575"/>
                <Baseline points="225,3615 287,3615 349,3616 411,3616 473,3617 535,3617 597,3618 659,3619 721,3619 783,3620 845,3621 907,3621 969,3622 1031,3623 1093,3623 1155,3624 1217,3624 1279,3624 1341,3625 1404,3625"/>
                <TextEquiv>
                    <Unicode>vermittelt den Verkehr des Meisters mit seinen anderen</Unicode>
                </TextEquiv>
            </TextLine>
            <TextLine id="r1l136" custom="readingOrder {index:135;}">
                <Coords points="1431,3642 2627,3645 2627,3587 1431,3588"/>
                <Baseline points="1451,3632 1508,3632 1566,3633 1624,3633 1682,3633 1740,3633 1798,3634 1855,3634 1913,3634 1971,3634 2029,3634 2087,3634 2145,3634 2203,3633 2260,3633 2318,3633 2376,3633 2434,3632 2492,3632 2550,3632 2608,3631"/>
                <TextEquiv>
                    <Unicode>hatte, neuerdings zu zwingen. Dabei schreckte er vor keinem</Unicode>
                </TextEquiv>
            </TextLine>
            <TextLine id="r1l137" custom="readingOrder {index:136;}">
                <Coords points="2633,3645 2947,3652 2978,3633 3272,3655 3330,3643 3330,3585 2633,3595"/>
                <Baseline points="2654,3639 2686,3638 2719,3638 2752,3637 2785,3637 2817,3637 2850,3637 2883,3637 2916,3637 2948,3637 2981,3637 3014,3637 3047,3637 3079,3637 3112,3637 3145,3637 3178,3637 3210,3636 3243,3636 3276,3635 3309,3634"/>
                <TextEquiv>
                    <Unicode>schen Schwager, einem genießen</Unicode>
                </TextEquiv>
            </TextLine>
            <TextLine id="r1l138" custom="readingOrder {index:137;}">
                <Coords points="208,3660 1389,3690 1436,3628 209,3618"/>
                <Baseline points="227,3660 286,3663 345,3664 405,3666 464,3667 524,3668 583,3669 643,3670 702,3670 762,3670 821,3671 880,3671 940,3671 999,3671 1059,3671 1118,3671 1178,3672 1237,3672 1297,3673 1356,3674 1416,3675"/>
                <TextEquiv>
                    <Unicode>Elevinnen, sie führt in seiner Abwesenheit die Oberauf¬</Unicode>
                </TextEquiv>
            </TextLine>
            <TextLine id="r1l139" custom="readingOrder {index:138;}">
                <Coords points="1422,3686 2634,3691 2634,3637 2472,3629 1422,3640"/>
                <Baseline points="1442,3677 1500,3679 1559,3679 1618,3680 1676,3680 1735,3681 1794,3681 1852,3681 1911,3682 1970,3682 2029,3682 2087,3681 2146,3681 2205,3681 2263,3681 2322,3681 2381,3680 2439,3680 2498,3680 2557,3680 2616,3679"/>
                <TextEquiv>
                    <Unicode>technischen Mittel zurück. Einmal probierte er es mit einem</Unicode>
                </TextEquiv>
            </TextLine>
            <TextLine id="r1l140" custom="readingOrder {index:139;}">
                <Coords points="2627,3692 3080,3689 3165,3709 3270,3686 3328,3713 3328,3635 3270,3628 3169,3654 3142,3635 2926,3654 2627,3641"/>
                <Baseline points="2647,3684 2680,3684 2713,3684 2746,3683 2779,3683 2812,3683 2845,3684 2878,3684 2911,3684 2944,3684 2978,3685 3011,3685 3044,3685 3077,3685 3110,3685 3143,3685 3176,3685 3209,3685 3242,3685 3275,3684 3309,3684"/>
                <TextEquiv>
                    <Unicode>Diagnose, daß er nur noch sechs 9</Unicode>
                </TextEquiv>
            </TextLine>
            <TextLine id="r1l141" custom="readingOrder {index:140;}">
                <Coords points="205,3726 1428,3742 1428,3676 205,3660"/>
                <Baseline points="224,3711 283,3713 342,3715 401,3716 460,3718 520,3719 579,3719 638,3720 697,3721 756,3721 816,3722 875,3722 934,3723 993,3723 1052,3723 1112,3723 1171,3723 1230,3724 1289,3724 1348,3724 1408,3725"/>
                <TextEquiv>
                    <Unicode>sicht über die Schule, sie darf auch zweimal in der Woche</Unicode>
                </TextEquiv>
            </TextLine>
            <TextLine id="r1l142" custom="readingOrder {index:141;}">
                <Coords points="1428,3734 2635,3735 2635,3689 2593,3685 1428,3683"/>
                <Baseline points="1448,3726 1506,3727 1564,3727 1623,3728 1681,3728 1740,3729 1798,3729 1856,3729 1915,3730 1973,3730 2032,3730 2090,3730 2148,3730 2207,3730 2265,3729 2324,3729 2382,3729 2440,3729 2499,3729 2557,3728 2616,3728"/>
                <TextEquiv>
                    <Unicode>noch konsequenteren Naturalismus; umsonst! Das Publi¬</Unicode>
                </TextEquiv>
            </TextLine>
            <TextLine id="r1l143" custom="readingOrder {index:142;}">
                <Coords points="2621,3738 3322,3742 3321,3703 3271,3688 2621,3699"/>
                <Baseline points="2642,3733 2675,3733 2708,3733 2741,3734 2774,3734 2807,3734 2840,3734 2873,3734 2906,3733 2939,3733 2972,3733 3005,3733 3038,3732 3071,3732 3104,3732 3137,3731 3170,3731 3203,3731 3236,3731 3269,3731 3302,3731"/>
                <TextEquiv>
                    <Unicode>will dem Zerschmetterten etwas</Unicode>
                </TextEquiv>
            </TextLine>
            <TextLine id="r1l144" custom="readingOrder {index:143;}">
                <Coords points="209,3773 1425,3795 1425,3734 1379,3729 210,3715"/>
                <Baseline points="230,3761 288,3762 347,3764 406,3765 465,3766 524,3767 582,3768 641,3768 700,3769 759,3769 818,3769 876,3770 935,3770 994,3770 1053,3771 1112,3771 1170,3772 1229,3772 1288,3773 1347,3773 1406,3774"/>
                <TextEquiv>
                    <Unicode>den Meister sogar in seiner Privatwohnung besuchen und</Unicode>
                </TextEquiv>
            </TextLine>
            <TextLine id="r1l145" custom="readingOrder {index:144;}">
                <Coords points="1419,3789 2634,3781 2634,3735 1419,3727"/>
                <Baseline points="1438,3777 1496,3778 1555,3778 1614,3779 1673,3779 1732,3779 1791,3779 1850,3779 1909,3779 1968,3779 2027,3779 2085,3779 2144,3778 2203,3778 2262,3778 2321,3778 2380,3778 2439,3778 2498,3778 2557,3778 2616,3779"/>
                <TextEquiv>
                    <Unicode>kum zog sich vor der Absichtlichkeit verstimmt zurück. Dann</Unicode>
                </TextEquiv>
            </TextLine>
            <TextLine id="r1l146" custom="readingOrder {index:145;}">
                <Coords points="2632,3788 3298,3795 3329,3787 3329,3733 2632,3734"/>
                <Baseline points="2653,3782 2685,3782 2718,3782 2751,3782 2784,3781 2817,3781 2849,3781 2882,3781 2915,3781 2948,3781 2981,3780 3013,3780 3046,3780 3079,3780 3112,3780 3144,3780 3177,3780 3210,3781 3243,3781 3276,3781 3309,3782"/>
                <TextEquiv>
                    <Unicode>männlicher Gefaßtheit vorschwätze</Unicode>
                </TextEquiv>
            </TextLine>
            <TextLine id="r1l147" custom="readingOrder {index:146;}">
                <Coords points="212,3819 1420,3832 1394,3762 213,3765"/>
                <Baseline points="231,3809 289,3811 347,3812 406,3813 464,3814 523,3815 581,3816 640,3816 698,3817 757,3818 815,3818 873,3819 932,3819 990,3820 1049,3820 1107,3821 1166,3821 1224,3821 1283,3822 1341,3822 1400,3822"/>
                <TextEquiv>
                    <Unicode>ihm Arbeiten ihrer Schülerinnen zur Korrektur vor¬</Unicode>
                </TextEquiv>
            </TextLine>
            <TextLine id="r1l148" custom="readingOrder {index:147;}">
                <Coords points="1419,3830 2623,3836 2623,3782 2387,3770 1419,3788"/>
                <Baseline points="1437,3828 1495,3828 1553,3828 1612,3827 1670,3827 1729,3827 1787,3827 1845,3827 1904,3827 1962,3826 2021,3826 2079,3826 2137,3826 2196,3826 2254,3826 2313,3826 2371,3826 2429,3826 2488,3826 2546,3826 2605,3827"/>
                <TextEquiv>
                    <Unicode>versuchte er es mit einer, bei der durchschnittlichen liberalen</Unicode>
                </TextEquiv>
            </TextLine>
            <TextLine id="r1l149" custom="readingOrder {index:148;}">
                <Coords points="2624,3840 3189,3831 3336,3855 3336,3777 2624,3782"/>
                <Baseline points="2644,3830 2677,3829 2711,3829 2745,3828 2778,3828 2812,3828 2846,3828 2879,3828 2913,3828 2947,3829 2981,3829 3014,3830 3048,3830 3082,3830 3115,3831 3149,3831 3183,3831 3216,3831 3250,3831 3284,3830 3318,3829"/>
                <TextEquiv>
                    <Unicode>Aristokrat das Zimmer ab, nimm</Unicode>
                </TextEquiv>
            </TextLine>
            <TextLine id="r1l150" custom="readingOrder {index:149;}">
                <Coords points="201,3881 1335,3885 1420,3878 1421,3832 201,3819"/>
                <Baseline points="222,3861 281,3861 340,3862 399,3863 458,3863 517,3864 576,3865 635,3866 694,3867 753,3869 812,3869 871,3871 930,3871 989,3872 1048,3872 1107,3872 1166,3872 1225,3872 1284,3871 1343,3870 1402,3868"/>
                <TextEquiv>
                    <Unicode>legen. Denn Juliette ist arm und schlägt sich mit Stunden¬</Unicode>
                </TextEquiv>
            </TextLine>
            <TextLine id="r1l151" custom="readingOrder {index:150;}">
                <Coords points="1423,3886 2487,3894 2627,3874 2627,3827 1423,3831"/>
                <Baseline points="1441,3876 1499,3876 1557,3876 1615,3876 1674,3876 1732,3876 1790,3876 1848,3876 1907,3876 1965,3876 2023,3876 2081,3876 2140,3875 2198,3875 2256,3875 2314,3874 2373,3874 2431,3873 2489,3873 2547,3872 2606,3871"/>
                <TextEquiv>
                    <Unicode>Theatermenge und der durchschnittlich liberalen Theater¬</Unicode>
                </TextEquiv>
            </TextLine>
            <TextLine id="r1l152" custom="readingOrder {index:151;}">
                <Coords points="2630,3886 3323,3891 3324,3833 2971,3836 2944,3813 2886,3840 2631,3839"/>
                <Baseline points="2650,3880 2682,3879 2715,3879 2748,3878 2781,3878 2814,3878 2846,3878 2879,3878 2912,3879 2945,3879 2978,3879 3010,3879 3043,3880 3076,3880 3109,3880 3141,3880 3174,3880 3207,3880 3240,3880 3273,3879 3306,3879"/>
                <TextEquiv>
                    <Unicode>und eröffnet dem Schwager, er w</Unicode>
                </TextEquiv>
            </TextLine>
            <TextLine id="r1l153" custom="readingOrder {index:152;}">
                <Coords points="199,3921 1419,3935 1419,3873 1377,3864 200,3863"/>
                <Baseline points="220,3909 279,3909 338,3910 397,3911 456,3912 515,3913 574,3914 633,3915 692,3917 751,3918 810,3920 869,3921 928,3922 987,3923 1046,3923 1105,3924 1164,3924 1223,3924 1282,3923 1341,3922 1400,3920"/>
                <TextEquiv>
                    <Unicode>geben kümmerlich durch die Welt, zugleich sich, ihre verwit¬</Unicode>
                </TextEquiv>
            </TextLine>
            <TextLine id="r1l154" custom="readingOrder {index:153;}">
                <Coords points="1415,3926 2607,3939 2630,3873 1414,3875"/>
                <Baseline points="1435,3925 1493,3925 1552,3925 1611,3925 1670,3924 1728,3924 1787,3924 1846,3923 1905,3923 1963,3922 2022,3922 2081,3921 2140,3921 2198,3921 2257,3920 2316,3920 2375,3920 2433,3920 2492,3920 2551,3920 2610,3921"/>
                <TextEquiv>
                    <Unicode>kritik eines gewissen Wohlwollens sicheren Tendenz und</Unicode>
                </TextEquiv>
            </TextLine>
            <TextLine id="r1l155" custom="readingOrder {index:154;}">
                <Coords points="2623,3929 3324,3942 3324,3880 3212,3880 3192,3860 3165,3887 2623,3883"/>
                <Baseline points="2642,3928 2675,3927 2708,3927 2741,3927 2774,3927 2807,3927 2840,3927 2873,3927 2906,3927 2939,3927 2972,3928 3005,3928 3038,3928 3071,3928 3104,3928 3137,3928 3170,3928 3203,3928 3236,3928 3269,3927 3303,3927"/>
                <TextEquiv>
                    <Unicode>Minuten niederschießen, um diesc</Unicode>
                </TextEquiv>
            </TextLine>
            <TextLine id="r1l156" custom="readingOrder {index:155;}">
                <Coords points="208,3967 1272,3995 1423,3974 1424,3927 208,3909"/>
                <Baseline points="226,3955 284,3957 343,3959 402,3960 461,3962 520,3963 579,3964 638,3965 697,3966 756,3967 815,3968 873,3968 932,3969 991,3969 1050,3970 1109,3970 1168,3970 1227,3970 1286,3970 1345,3970 1404,3970"/>
                <TextEquiv>
                    <Unicode>wete Mutter und einen kleinen Bruder versorgend. Aber</Unicode>
                </TextEquiv>
            </TextLine>
            <TextLine id="r1l157" custom="readingOrder {index:156;}">
                <Coords points="1414,3982 2626,3981 2625,3942 2525,3923 1414,3924"/>
                <Baseline points="1435,3973 1493,3973 1552,3972 1610,3972 1669,3971 1728,3971 1786,3971 1845,3971 1904,3970 1962,3970 2021,3970 2080,3970 2138,3969 2197,3969 2256,3969 2314,3969 2373,3969 2432,3969 2490,3968 2549,3968 2608,3968"/>
                <TextEquiv>
                    <Unicode>benutzte die Schaubühne, um auf ihr Freisinn und Auf¬</Unicode>
                </TextEquiv>
            </TextLine>
            <TextLine id="r1l158" custom="readingOrder {index:157;}">
                <Coords points="2622,3979 3261,3992 3323,3965 3323,3930 2622,3936"/>
                <Baseline points="2641,3975 2674,3975 2707,3975 2740,3975 2773,3974 2806,3974 2839,3974 2872,3975 2905,3975 2938,3975 2972,3975 3005,3975 3038,3975 3071,3975 3104,3976 3137,3976 3170,3976 3203,3976 3236,3976 3269,3976 3303,3976"/>
                <TextEquiv>
                    <Unicode>ihm zu lernen. Natürlich bricht</Unicode>
                </TextEquiv>
            </TextLine>
            <TextLine id="r1l159" custom="readingOrder {index:158;}">
                <Coords points="197,4020 1323,4038 1416,4027 1417,3977 198,3958"/>
                <Baseline points="218,4010 277,4011 336,4011 395,4012 454,4013 513,4014 572,4014 631,4015 690,4016 749,4017 808,4018 867,4018 926,4019 985,4019 1044,4020 1103,4020 1162,4020 1221,4020 1280,4019 1339,4019 1399,4018"/>
                <TextEquiv>
                    <Unicode>sie ist jung, fleißig, gesund und fröhlich und das gefällt</Unicode>
                </TextEquiv>
            </TextLine>
            <TextLine id="r1l160" custom="readingOrder {index:159;}">
                <Coords points="1413,4032 2621,4020 2620,3989 2508,3970 1413,3982"/>
                <Baseline points="1432,4024 1490,4023 1549,4022 1607,4021 1666,4020 1724,4020 1783,4020 1841,4019 1900,4019 1958,4019 2017,4019 2076,4019 2134,4019 2193,4019 2251,4019 2310,4019 2368,4019 2427,4018 2485,4018 2544,4018 2603,4017"/>
                <TextEquiv>
                    <Unicode>klärung zu predigen. Aber auch das schlug fehl: dem un¬</Unicode>
                </TextEquiv>
            </TextLine>
            <TextLine id="r1l161" custom="readingOrder {index:160;}">
                <Coords points="2622,4033 3322,4037 3323,3963 3055,3989 2622,3979"/>
                <Baseline points="2641,4026 2674,4024 2707,4022 2740,4021 2773,4020 2806,4020 2839,4020 2872,4020 2905,4021 2938,4021 2972,4022 3005,4022 3038,4023 3071,4024 3104,4025 3137,4025 3170,4025 3203,4025 3236,4025 3269,4024 3303,4022"/>
                <TextEquiv>
                    <Unicode>zusammen und der vom Schicksal</Unicode>
                </TextEquiv>
            </TextLine>
            <TextLine id="r1l162" custom="readingOrder {index:161;}">
                <Coords points="192,4075 1430,4094 1431,4036 192,4005"/>
                <Baseline points="212,4059 271,4059 331,4059 391,4059 451,4060 511,4060 571,4061 631,4062 691,4064 751,4065 811,4066 870,4067 930,4068 990,4069 1050,4070 1110,4070 1170,4070 1230,4070 1290,4070 1350,4069 1410,4068"/>
                <TextEquiv>
                    <Unicode>dem alten Marèze, der schon fünfundfünfzig Jahre auf</Unicode>
                </TextEquiv>
            </TextLine>
            <TextLine id="r1l163" custom="readingOrder {index:162;}">
                <Coords points="1415,4086 2584,4081 2630,4073 2630,4011 1414,4028"/>
                <Baseline points="1435,4070 1493,4070 1552,4069 1611,4068 1669,4068 1728,4067 1787,4067 1845,4067 1904,4066 1963,4066 2022,4066 2080,4066 2139,4066 2198,4065 2256,4065 2315,4065 2374,4065 2432,4065 2491,4065 2550,4065 2609,4065"/>
                <TextEquiv>
                    <Unicode>gebetenen, unerwünschten, unzeitgemäßen Vorkämpfer wurde</Unicode>
                </TextEquiv>
            </TextLine>
            <TextLine id="r1l164" custom="readingOrder {index:163;}">
                <Coords points="2629,4079 2776,4072 2819,4092 2873,4069 3156,4098 3206,4071 3326,4091 3327,4002 3280,4029 2630,4029"/>
                <Baseline points="2647,4069 2679,4069 2712,4069 2745,4069 2778,4069 2811,4070 2844,4070 2877,4070 2910,4071 2943,4071 2976,4072 3008,4072 3041,4072 3074,4072 3107,4073 3140,4073 3173,4072 3206,4072 3239,4072 3272,4071 3305,4070"/>
                <TextEquiv>
                    <Unicode>stokrat läßt ihn achselzuckend laufe</Unicode>
                </TextEquiv>
            </TextLine>
            <TextLine id="r1l165" custom="readingOrder {index:164;}">
                <Coords points="196,4109 1380,4131 1415,4128 1416,4070 196,4063"/>
                <Baseline points="216,4105 275,4106 334,4107 393,4108 452,4108 511,4109 570,4110 629,4111 688,4112 747,4113 806,4114 865,4114 924,4115 983,4115 1042,4116 1101,4116 1160,4116 1219,4115 1278,4115 1337,4114 1396,4113"/>
                <TextEquiv>
                    <Unicode>dem Rücken hat und ein Weib sowie einen erwachsenen</Unicode>
                </TextEquiv>
            </TextLine>
            <TextLine id="r1l166" custom="readingOrder {index:165;}">
                <Coords points="1411,4123 2569,4129 2623,4125 2623,4066 1411,4077"/>
                <Baseline points="1432,4120 1490,4118 1549,4117 1607,4115 1666,4114 1724,4114 1783,4113 1841,4113 1900,4113 1958,4113 2017,4113 2076,4114 2134,4114 2193,4114 2251,4114 2310,4114 2368,4114 2427,4114 2485,4114 2544,4114 2603,4113"/>
                <TextEquiv>
                    <Unicode>klar gemacht, wie weit der Abstand zwischen seinen gutge¬</Unicode>
                </TextEquiv>
            </TextLine>
            <TextLine id="r1l167" custom="readingOrder {index:166;}">
                <Coords points="2625,4123 2683,4143 3152,4121 3264,4141 3337,4130 3338,4084 2626,4080"/>
                <Baseline points="2645,4118 2678,4118 2712,4118 2745,4118 2779,4118 2813,4119 2846,4119 2880,4120 2913,4121 2947,4122 2981,4122 3014,4123 3048,4123 3081,4124 3115,4124 3149,4124 3182,4124 3216,4124 3249,4123 3283,4122 3317,4121"/>
                <TextEquiv>
                    <Unicode>telstunde schlägt. Für den Zuschaf</Unicode>
                </TextEquiv>
            </TextLine>
            <TextLine id="r1l168" custom="readingOrder {index:167;}">
                <Coords points="205,4160 1425,4166 1402,4119 206,4105"/>
                <Baseline points="224,4149 283,4151 342,4154 401,4155 460,4157 519,4158 578,4159 637,4159 696,4160 755,4160 814,4160 873,4161 932,4161 991,4161 1050,4161 1109,4161 1168,4161 1227,4161 1286,4162 1345,4162 1404,4163"/>
                <TextEquiv>
                    <Unicode>Sohn besitzt. Ohne daß Juliette es ahnt, unterstützt Marèze</Unicode>
                </TextEquiv>
            </TextLine>
            <TextLine id="r1l169" custom="readingOrder {index:168;}">
                <Coords points="1415,4167 2584,4175 2615,4116 1415,4125"/>
                <Baseline points="1434,4166 1492,4166 1550,4166 1608,4166 1666,4166 1724,4166 1782,4165 1840,4164 1898,4163 1956,4163 2014,4162 2072,4161 2130,4160 2188,4160 2246,4160 2304,4159 2362,4159 2420,4160 2478,4160 2536,4161 2595,4162"/>
                <TextEquiv>
                    <Unicode>meinten, jedoch schlechtgelungenen Produkten und einem</Unicode>
                </TextEquiv>
            </TextLine>
            <TextLine id="r1l170" custom="readingOrder {index:169;}">
                <Coords points="2613,4179 2880,4188 2903,4165 3248,4193 3306,4174 3306,4143 3240,4127 2613,4125"/>
                <Baseline points="2634,4166 2666,4167 2699,4167 2732,4167 2764,4167 2797,4167 2830,4167 2862,4167 2895,4167 2928,4167 2961,4167 2993,4167 3026,4167 3059,4167 3091,4167 3124,4167 3157,4168 3189,4168 3222,4169 3255,4170 3288,4171"/>
                <TextEquiv>
                    <Unicode>so aufregend, so nervenrüttelnd,</Unicode>
                </TextEquiv>
            </TextLine>
            <TextLine id="r1l171" custom="readingOrder {index:170;}">
                <Coords points="201,4197 1025,4236 1026,4177 999,4169 202,4162"/>
                <Baseline points="219,4201 258,4201 297,4202 337,4202 376,4203 415,4204 455,4205 494,4206 533,4207 573,4208 612,4209 651,4210 691,4211 730,4212 769,4212 809,4213 848,4213 887,4213 927,4213 966,4213 1006,4212"/>
                <TextEquiv>
                    <Unicode>pe Ain A</Unicode>
                </TextEquiv>
            </TextLine>
            <TextLine id="r1l172" custom="readingOrder {index:171;}">
                <Coords points="1413,4230 2586,4207 2628,4149 1412,4172"/>
                <Baseline points="1433,4217 1491,4216 1550,4215 1609,4215 1668,4214 1727,4214 1785,4213 1844,4212 1903,4212 1962,4211 2021,4211 2079,4210 2138,4210 2197,4210 2256,4210 2315,4209 2373,4209 2432,4209 2491,4210 2550,4210 2609,4210"/>
                <TextEquiv>
                    <Unicode>Gmen unan</Unicode>
                </TextEquiv>
            </TextLine>
            <TextLine id="r1l173" custom="readingOrder {index:172;}">
                <Coords points="1031,4225 1136,4225 1166,4213 1178,4225 1290,4224 1302,4235 1314,4224 1414,4223 1414,4173 1321,4169 1294,4185 1248,4170 1031,4171"/>
                <Baseline points="1052,4218 1078,4215 1104,4213 1131,4212 1157,4211 1183,4211 1210,4211 1236,4212 1263,4212 1289,4213 1315,4213 1342,4213 1368,4212 1395,4211"/>
                <TextEquiv>
                    <Unicode> *   —</Unicode>
                </TextEquiv>
            </TextLine>
            <TextLine id="r1l174" custom="readingOrder {index:173;}">
                <Coords points="2629,4232 2935,4205 3051,4208 3137,4239 3175,4220 3326,4224 3326,4181 3288,4173 3245,4197 3218,4177 3078,4181 3044,4158 2885,4185 2629,4174"/>
                <Baseline points="2649,4223 2681,4221 2714,4219 2747,4217 2780,4217 2813,4216 2845,4216 2878,4216 2911,4216 2944,4217 2977,4217 3009,4217 3042,4218 3075,4219 3108,4219 3140,4219 3173,4219 3206,4218 3239,4218 3272,4217 3305,4215"/>
                <TextEquiv>
                    <Unicode>Frauen dem Thaater entflohen. W</Unicode>
                </TextEquiv>
            </TextLine>
            <TextEquiv>
                <Unicode>box 37/3
2. Cuttings
*
*
Dil
18
NN
6en
W
3 Sagesteh
—

*
aus Nahten und
Schlesien.
See
A
sr. 539.
Samstag den 16. November 1907.
57
17
Seeeneee eeer engeen

Nichtdichter, die auf unseren Bühnen die größten Erfolge
Verfasser, wohin er es haben woll
Vom Deutschen Volkstheater.
ernten Die Menschen im „Schützling“ sind gut gesehen, gut
tirte und dachte mit ihm, nach
beobachtet und gut charakterisiert; sie sollten zur Verstär¬
(Lémaitre, Heijermans und Salten.)
fäßt Salten den Zuschauer viel de
kung der Wirkung nur etwas weniger reden. Allein in diesen
energisch, daß man nachher bein
Wiener Brief von Wilhelm v. Wymetal.
Reden finden sich wiederum so kluge, ganz unauffällige und
Obenswahrheit wie Bühnenwa#
Nach zwei kleinen Unglücksfällen war dem Deutschen
versteckte Bemerkungen über das Interessanteste, was wir
guren starke Bedenken empfindet.
Volkstheater mit Felix Saltens Einalterzyklus „Vom
erforschen, über den Menschen, daß wir Strichen mit Ban¬
aber nicht, solange die Figuren au
andern Ufer“ ein geräuschvoller und nach unge¬
gen entgegensähen. Der vielfach verschleierte, ungeklärte
man gespannt und interessiert,
fährem Theaterkalkül wahrscheinlich auch nachhaltiger Er¬
und unbewußte Egoismus, der über einen jeden von uns
Schöpfers Bann steht.
folg gegönnt. Von den zwei Mißerfolgen kam der erste
herrscht und gebietet, oft ohne daß wir davon das geringste
Ein Mensch, der sich zum 5##
ganz, der zweite teilweise unerwartet, der erste ganz, der
wissen, wollen, ahnen, dieses von Nietzsche und älteren Den¬
als Diener geboren. „Der Kellne#
zweite teilweise unverdient. Es ist totsicher: wäre Monsieur
kern so oft betonte „Volo, cupio, avco etc., ergo sum!“
albeitet sich empor. Schritt für
Guitry, der begabte Pariser Charakterspieler vom
ist durch „La massière“ durch glücklichste Exemplifizierung
rungenen Vermögen die Papierel
Théatre de la Renaissance, mit einer schlecht zusammen¬
in ein Kunstwerk umgesetzt worden. Leider verschwendete
binen Aristokraten kauft und als
gestellten Truppe nach Wien gekommen und hätte den wan¬
haller als Vater Marèze seine tiesdringende Kunst,
liser „Graf Festenberg“ die
kelmütigen Donauanwohnern den alten Marêze in Jules
Lili Marberg als Juliette ihre Schönheit und ihre dis¬
ritet, die er vor Jahren, noch als
Lémaitres vieraktiger coméuie „La massière“ vor¬
krete Anmut vergebens an ein Publikum, das seinen schlech¬
gelernt hat. Am Ziel seines Lebe
gespielt, dann wäre die Bewunderung der Snobs groß und
ten Tag hatte und nicht mitgehen wollte.
einem eifersüchtigen Cousin seiner
ihr Entzücken über die Feinheiten des Dialogs und der
Mit größerer Berechtigung konnten sich die Gäste des
stapler der Polizei ausgeliefert.
dramatischen Charakterstudie ohne Grenzen gewesen, wie
Volkstheaters gegen das Rühr= und Tendenzstück „Aller¬
zehn Minuten vor Ankunft des K
sich ja auch Lémaitres „L'ainée“, von Suzanne Désprès
seelen“ von Hermann Heijermans wehren. Es ist
Erzählung dessen, wie alles kan
getragen, die Herzen gewann. Weil „La massière“ aber
heute über jeden Zweifel hinaus entschieden, daß Heijermans
persönlichen Adel als der Cousin
nur „Der Schützling“ hieß und weil „nur“ unser vor¬
die Hoffnungen auf reichen Segen, die man nach seinem
nur ein verächtliches: „Du Schuft
trefflicher Thaller seine reife Kunst in den Marèze
Eintritt in die Literatur auf ihn setzte, nicht erfüllt hat und
nergraf hätte es leicht gehabt, den
legte, so lachten die Leute, fanden die Komödie konstruiert
nie mehr erfüllen wird. Heijermans ist einer mehr aus der
lich zu erhalten; von der fast
und albern und ließen sie samt dem redlichen Stück Arbeit,
großen Zahl jener Beklagenswerten, die durch einen, mehr
Festenbergs lebt nur ein alter Sp
das in der Aufführung steckte, ohne Erbarmen fallen. Arme,
dem Zufall als eigenem Können geschuldeten glücklichen
unseren Mann öfter angepumpt
herzige, liebenswerte massière! Sie fragen, was das ist,
Wurf die Blicke der nach einem dramatischen Messias sehn¬
adoptiert hätte ... Das Thema
eine massière? Das junge Mädchen, das dieses Ehrenamt
suchtsvoll auslugenden Menschheit auf sich lenkten und dann
und gar nach Saltens Herzen, der
bekleidet, erklärt im Schauspiel einer das nämliche fragenden
unter ihrer Aufgabe und unter den fragenden Blicken er¬
Autodidakt, sich in verschiedenen
Dame: „La massière est une élève chargée de garder
schöpft zusammenbrachen. Die Fischertragödie „Die Hoff¬
eigener Kraft den Namen des b
la „masse“, comme au régiment, de distribuer les
nung auf Segen“, die ihren Siegeszug zu einer Zeit an¬
nalisten neben Bahr erworben ha#
fournitures, de maintenir l’ordre etc.“ Diese Erklärung
trat, wo der Naturalismus und seine Vertreter bereits zu
wohl, daß diese Eheschließung,
erhalten wir gleich in der ersten Szene des ersten Aktes,
weichen begannen, ließ eine Nachblüte, eine Nachernte er= Benehmen des Kellners, seine Au
dessen Schauplatz das Atelier des berühmten Malers Ma¬
hoffen. Doch ward diese Hoffnung enttäuscht. Alles, was nung eines ihm angebotenen R#
—reze-in-der Académie Justinien ist. Unter seinen zahlreichen.] Heijermans nachher aus dem kleinen Holland ins große würdig##tatlisch sind. Na#
Schülerinnen ist Juliette Dupuy sein Liebling und sie ge¬
deutsche Land sandte, versagte, war null und nietenhaft.
lerher=Erwägungen nach dem zwel
nießt im Atelier eine gewisse Vertrauensstellung. Sie führt
Mühsam und mühselig versuchte Heijermans, die launische
Ernst des Lebens“. Ein ber
neue Schülerinnen in die Methode des Meisters ein, sie
Menge, deren berauschenden Jubelruf er einmal verkostet
richtiger Plebejeremporkömmling,
vermittelt den Verkehr des Meisters mit seinen anderen
hatte, neuerdings zu zwingen. Dabei schreckte er vor keinem
schen Schwager, einem genießen
Elevinnen, sie führt in seiner Abwesenheit die Oberauf¬
technischen Mittel zurück. Einmal probierte er es mit einem
Diagnose, daß er nur noch sechs 9
sicht über die Schule, sie darf auch zweimal in der Woche
noch konsequenteren Naturalismus; umsonst! Das Publi¬
will dem Zerschmetterten etwas
den Meister sogar in seiner Privatwohnung besuchen und
kum zog sich vor der Absichtlichkeit verstimmt zurück. Dann
männlicher Gefaßtheit vorschwätze
ihm Arbeiten ihrer Schülerinnen zur Korrektur vor¬
versuchte er es mit einer, bei der durchschnittlichen liberalen
Aristokrat das Zimmer ab, nimm
legen. Denn Juliette ist arm und schlägt sich mit Stunden¬
Theatermenge und der durchschnittlich liberalen Theater¬
und eröffnet dem Schwager, er w
geben kümmerlich durch die Welt, zugleich sich, ihre verwit¬
kritik eines gewissen Wohlwollens sicheren Tendenz und
Minuten niederschießen, um diesc
wete Mutter und einen kleinen Bruder versorgend. Aber
benutzte die Schaubühne, um auf ihr Freisinn und Auf¬
ihm zu lernen. Natürlich bricht
sie ist jung, fleißig, gesund und fröhlich und das gefällt
klärung zu predigen. Aber auch das schlug fehl: dem un¬
zusammen und der vom Schicksal
dem alten Marèze, der schon fünfundfünfzig Jahre auf
gebetenen, unerwünschten, unzeitgemäßen Vorkämpfer wurde
stokrat läßt ihn achselzuckend laufe
dem Rücken hat und ein Weib sowie einen erwachsenen
klar gemacht, wie weit der Abstand zwischen seinen gutge¬
telstunde schlägt. Für den Zuschaf
Sohn besitzt. Ohne daß Juliette es ahnt, unterstützt Marèze
meinten, jedoch schlechtgelungenen Produkten und einem
so aufregend, so nervenrüttelnd,
pe Ain A
Gmen unan
 *   —
Frauen dem Thaater entflohen. W</Unicode>
            </TextEquiv>
        </TextRegion>
    </Page>
</PcGts>
