3392 4352
446 350 1677 412 aber der Doktor sitzt um diese Zeit im Kupee des Zuges, der
388 405 997 464 ihn schon weit entführt hat..
456 460 1679 510 Nicht minder beweist uns „Ein Abschied“ den echten Dichter,
386 484 1339 551 der manches sieht, was anderen verborgen bleibt.
474 525 1682 578 Der Geliebte steht an der Leiche der Frau, die sich ihm ge¬
380 570 1681 631 schenkt hatte. Ihr Mann kniet am Bette und schluchzt. Da ist's
373 617 1675 669 dem andern, als spielte ein eigentümliches Lächeln um die Lippen
377 662 1687 715 der Toten, das ihm sagt: „Ich habe Dich geliebt und nun stehst
383 710 1675 755 Du da, wie ein Fremder und verleugnest mich. Sag' es ihm doch,
368 760 1683 813 daß ich die Deine wäre, daß es Dein Recht war, vor diesem Bette
368 793 1673 842 zu knieen und meine Hände zu küssen. Sag' es ihm!“ Aber er
370 837 1681 884 weilt beschämt davon, „denn ihm war, als dürfte er nicht trauern
378 882 1184 942 wie die anderen, weil er sie verleugnet“.
464 935 1680 991 Und dieselbe eindringliche Kraft des Ausdruckes mit seelenauf¬
378 976 1682 1031 wühlender Gewalt finden wir in allen anderen Erzählungen und
374 1026 1679 1080 Novellen Schnitzlers, wir vermissen nirgends den feinsten Beob¬
376 1075 1670 1120 achter psychologischer Konflikte, den eine Kritik geradezu den „Ent¬
372 1106 1677 1161 decker des menschlichen Herzens“ nennt. Auch in seinem größten
372 1161 1673 1213 epischen Werke, im Roman „Frau Bertha Garlau“ beweist sich
365 1207 1683 1260 die poetische Kraft, die in Schnitzler liegt. Und noch
363 1237 1676 1296 eines. Er ringt nach neuen Formen. Gleich den Sängern
370 1299 1680 1347 des Mittelalters, die ihre Weisen sich selbst schufen, greift
373 1328 1678 1373 Schnitzler nicht gerne nach alten, abgebrauchten Formen.
369 1368 1673 1407 Er teilt seinen Roman nicht in Kapitel mit Ueberschriften, er läßt
379 1409 1682 1464 ihn leicht aus der Feder fließen, ohne allen Zwang im Bau,
377 1452 1677 1510 ohne eine literarische Architektonik, die den Eindruck machen könnte,
373 1506 1673 1555 dahinter sei das Eisengerippe, das die Fassade halte. Und dabei fühlen
378 1545 1670 1589 wir uns überall so zu Hause. Die Karlskirche, das Konservatorium,
364 1596 1682 1650 die Paulanerkirche, der Ring, die Elisabethbrücke, ja der Bau der
803 1639 1672 1687 — das alles gibt Schauplätze der Handlung.
370 1628 801 1693 Wienflußregulierung
371 1675 1677 1735 Ists eigentlich eine? Ists nicht wieder mehr Fühlen, mehr Emp¬
374 1717 1683 1765 finden? Ein lyrischer Roman, so paradox es klingen mag. Diese
379 1770 1674 1820 Sehnsucht der Witwe nach dem Jugendgeliebten, der nun ein be¬
377 1803 1682 1854 rühmter Virtuose ist, wie rührend ist sie in ihrem Erwachen, in
378 1854 1685 1908 ihrer Entwickelung, in ihrer Erfüllung, in ihrer grausamen Ent¬
370 1901 1683 1952 täuschung gezeichnet. Und wie originell weiß der Dichter das zu
372 1951 1676 1991 geben. Sie hat ihm von ihrem Landneste aus, wo sie wohnt, zu
372 1981 1678 2035 einem Orden gratuliert, den er bekommen, und wirklich, wie sie's
367 2030 1675 2080 geträumt, gleich Antwort erhalten. Und nun will sie ihm gleich
370 2071 1678 2127 wieder schreiben. „Mein lieber Emil! Es ist sehr liebenswürdig
365 2111 1680 2169 von Dir, mir so bald zu antworten. Ich war ganz glücklich —
377 2162 1682 2216 sie strich „ganz glücklich“ wieder aus und setzte dafür „sehr erfreut“,
375 2200 1685 2256 als ich Deine lieben Zeilen erhielt. Wie vieles hat sich verändert, seit wir
371 2253 1681 2306 uns nicht gesehen haben! Du bist seitdem ein berühmter Virtuose ge¬
369 2304 1550 2347 worden, was für mich niemals einem Zweifel unterlag“
371 2327 1681 2376 hielt inne und strich den ganzen Satz wieder aus. „Auch ich teile
378 2373 1687 2434 den Wunsch, Dich bald wiederzusehen“ — nein, das war ja ein
374 2417 1687 2478 Unsinn! Also „auch mir wäre es riesig angenehm, wenn ich Dich
370 2475 1676 2513 wieder einmal sprechen könnte“ ... Ist's nicht, als ob der Dichter
375 2502 1683 2553 in jede Falte dieses Frauenherzens hineinleuchtete? Die Detail¬
371 2540 1685 2604 malerei, wie sie nun zum ersten Rendezvous in die Stadt herein¬
373 2595 1676 2653 fährt, ihre Träume im Kupee, das einsame Gefühl im Hotel¬
368 2649 1689 2689 zimmer, die peinliche Wahl ihrer Toilette am Morgen, wo sie ihn
380 2680 1686 2735 nun nach 10 Jahren wiedersehen soll, jede geheimste Regung ihres
376 2719 1694 2784 dürstenden Herzens, das alles ist mit einer natürlichen Leichtigkeit
374 2762 1686 2823 hingeworfen, die den Leser mitreißen muß, selbst dort, wo biese
375 2806 1684 2865 Leichtigkeit flüchtig zu werden scheint. Schnitzler ist keine Be¬
692 2855 1679 2910 das eigene Opus peinlich nachrevidiert, zehn¬
382 2859 624 2915 amtenseele,
367 2895 1693 2968 mal umarbeitet und mit dem ewigen Feilen und Verbessern nicht
370 2937 1658 2997 zu Ende kommt. Er malt in kräftigen, frischen Zügen und ist
373 2984 1684 3041 seines Zieles sicher, er weiß, daß er nicht für jene schreibt, die ihm
383 3019 1688 3073 irgend eine kleine Monotie oder einen etwas holperigen Satz als
379 3081 1690 3124 Todsünde anrechnen. Er beweist an hundert anderen Stellen,
378 3113 1689 3169 was er kann. Er will nicht an Worten gemessen sein, er will
385 3166 1682 3208 verstanden sein in seinem Inhalt, in seiner Tendenz. So auch
372 3197 1685 3257 hier. Frau Berta findet den Geliebten, sie verbringt mit ihm eine
374 3244 1679 3299 selige Nacht. Aber als sie ihn öfter sehen will, weiß er auszu¬
376 3282 1692 3340 weichen. Er schreibt ihr: „Richte Dir's doch so ein, mein Kind,
376 3331 1697 3380 daß Du alle 4 bis 6 Wochen einen Tag und eine Nacht nach
373 3369 1689 3427 Wien kommst.“ Nun fällt die ganze Wucht der Enttäuschung auf
375 3417 1696 3474 die Arme. Nun hatte sie ihm geschenkt, was sie ihm als Mädchen
385 3470 1691 3514 verweigert, und er sah in ihr einen Zeitvertreib, einen Lücken¬
376 3505 1691 3561 büßer, wenn er nichts anderes fand . . . Und wie schön klingt nun
375 3545 1696 3602 das Ganze aus. Frau Rupius, ihre Freundin, liegt im
380 3586 1703 3644 Sterben, sie hat hinter dem Rücken des siechen, lahmen
376 3635 1694 3695 Mannes ein Verhältnis gehabt und die Furcht vor dem
1569 3669 1692 3732 trieb
910 3678 1555 3745 in ihr zu regen begann,
385 3683 903 3754 neuen Leben, das sich
1544 3693 1703 3778 denkt
382 3730 1549 3784 sie in den Tod. Da steht nun Frau Berta und
383 3764 1693 3835 mit Schaudern an sich selbst, das erstemal seit jener Nacht, „und
391 3805 1681 3880 sie ahnte das ungeheure Unrecht in der Welt, daß die Sehnsucht
382 3854 1685 3908 nach Wonne ebenso in die Frau gelegt war, als in den Manng
388 3893 1703 3964 und es bei den Frauen Sünde wird und Sühne fordert, wenn
383 3947 1693 4007 die Sehnsucht nach Wonne nicht zugleich Sehnsucht nach dem
379 3988 631 4065 Kinde ist —
1962 342 2712 436 Ljubovie=Beg, der Türke.
2122 413 2601 475 Skizze von Gopcevic.
2100 456 2588 518 Nach dem Drientalischen.
1780 491 2997 567 Sie saßen im Erdgeschoß, in der Küche, die gleichzeitig als
1702 546 2999 613 Beratungsraum dient: Rade, der „Starjeschina“ (d. h. Aelteste
1689 608 3000 655 des Dorfes), dessen Gattin Ruma und Dragoje, der Eltern
1697 641 2010 705 einziger Sohn.
1790 695 2863 741 Nachbarn traten ein und begannen eine Unterhaltung.
1786 718 2995 775 Plötzlich tritt ein Fremdling über die Schwelle. Er trägt
1702 764 3007 828 montenegrinisches Kostüm und ist mit Ausnahme des Hausherrn
1693 823 3003 866 allen andern unbekannt. Rade stellt ihn seinen Freunden als
1701 853 2993 916 Datajko, den Offizier, vor. Er erregt sofort allgemeinste Aufmerk¬
1708 899 2747 968 samkeit und das Gespräch nimmt lebhafte Wendung.
1794 936 3008 999 Und als sich schließlich die Gäste entfernen, bleibt Datojka
1706 980 2081 1051 allein noch zurück.
1787 1020 2781 1093 „Was treibt Dich hierher?“ fragt vorsichtig Rade.
1794 1082 3064 1154 „Der Dienst und die Pflicht des Vaterlandes,“ antwortet¬
1706 1119 2124 1190 lächelnd der Offizier.
1789 1156 2289 1233 „Erkläre Dich, Datajko.“
1790 1214 3001 1270 „Du hast offenbar schon von der Reise des Großherrn ge¬
1710 1254 3005 1310 hört? Er hatte mit unserm Fürsten eine Zusammenkunft, und ich
1707 1293 3010 1344 kann Dir aufs bestimmteste versichern, daß der große Souverän
1701 1336 2308 1394 dem kleinen sehr gewogen ist.“
1790 1386 2136 1442 „Gut — aber
1788 1405 3000 1472 „Es ist Dir bekannt, daß seit fünszehn Jahren unser Hos¬
1705 1470 2997 1524 podar keinen anderen Wunsch kennt, als unsere geknechteten
1697 1515 3008 1557 Brüder in Mazedonien zu befreien. Der Zeitpunkt zur Aus¬
1699 1552 3007 1612 führung seiner Pläne ist da. Das ist der Grund, weshalb ein
1700 1596 3004 1658 Dutzend Emissare entsandt wurden, zu welchen auch ich gehöre.
1701 1642 3011 1689 Wir haben den Auftrag, Euch zum Aufstand zu rufen. Ich komme
1704 1690 3009 1755 zu Dir, da ich Deinen Patriotismus kenne und überzeugt bin, daß
1699 1732 2561 1786 Du Deine Nachbarn vorbereiten wirst ...“
1776 1786 3019 1832 Wenige Tage nach dieser Unterredung finden wir Datajko
1709 1817 3008 1873 in einem einzeln stehenden Hause unweit Nevesinje. Haus¬
1711 1863 3015 1919 herr war hier ein gewisser Mascha, der mit seiner Gattin und
1709 1906 3005 1956 einer bildschönen 14jährigen Tochter ein kleines Höschen bewirt¬
1705 1950 1889 2022 schaftete.
1794 1987 3025 2049 Mascha hatte eben seinen Freund Datajko von seiner elenden
1700 2041 3018 2089 Existenz in Kenntnis gesetzt und ihm erzähit, daß er nur mit
1712 2080 3023 2144 Zittern der Ankunft des Beg entgegensehe, da er heuer nicht in
1708 2126 2455 2192 der Lage sei, die Steuern zu bezahlen.
1782 2170 3024 2235 Und während sie noch so sprachen, vernahmen sie das Ge¬
1702 2208 2347 2268 trappel heransprengender Reiter.
1792 2239 3026 2311 Beide Männer eilten zum Fenster; Mascha trat erbleichend
1704 2296 2343 2358 zurück; „Er ist es — der Beg!“
1791 2329 3030 2398 Neugierig betrachtete Datajko den Beg, der polternd in das
1698 2383 3031 2448 Haus trat und sein aus zehn Personen bestehendes Gefolge mit
1698 2429 1992 2492 sich schleppte.
1786 2465 3025 2531 Was ist's, ungläubiger Hund,“ fuhr er den ihm demütig sich
1702 2524 2875 2575 nahenden Mascha an; „kannst Du Deine Steuern zahlen?“
1788 2562 3023 2625 „Edler Herr, verzeihe Deinem Sklaven,“ versetzte Mascha
1704 2605 3019 2653 unterwürfig, „aber das Jahr war schlecht, wir haben wenig ge¬
1702 2659 3025 2710 erntet und es ist uns beim besten Willen nicht möglich zu ent¬
1699 2689 3022 2747 richten, was unsere Pflicht ist. Habe dieses Jahr noch Nachsicht.“
1792 2734 3023 2820 „Elender Dschau'r, Du lügst — gewiß hast Du das Geld
1703 2780 2965 2868 vergraben und stellst Dich arm, um mein Mitleid zu erwecken.“
1788 2837 3030 2903 „Verzeih', Herr, wenn ich um Gnade flehe — bedenke, daß
1708 2866 2332 2929 Du ungerecht handeln würdest.
1793 2902 3029 2984 „Was erfrechst Du Dich? Ich bin Dein Herr. Der Rajah
1706 2956 2902 3019 wurde von Gott den Türken verliehen, damit er ihm diene.“
1784 3001 3011 3077 Das war die gelböhnriche Rebeweise der Begs. Datajto mischte
1699 3063 2753 3099 sich in das Gespräch, in dem er für Mascha eintrat.
1797 3077 3023 3147 Darüber ergrimmte Ljubovic=Beg, und er rief drohend dem
1708 3130 3016 3185 Montenegriner entgegen: „Na, Walach, hier schlägt keine Glocke
1766 3179 3018 3254 dieses Land ist türkisch.“ Und nunmehr machte der Beg es sich
1707 3216 2211 3285 im Hause recht bequem.
1785 3250 3023 3323 Alles, was Mascha an Vieh besaß — es war eben nicht viel
1771 3307 3010 3361 mußte geschlachtet werden, die ungebetenen Gäste zu bewirten.
1788 3348 3017 3420 Bisher hatte Mascha seine Familie fern gehalten, da er
1708 3384 3024 3441 fürchtete, sie könnte die Begierden des Beg erwecken. Aber ein un¬
1719 3441 3016 3509 glücklicher Zufall wollte es, daß sich der Beg plötzlich erinnerte, er
1703 3489 3031 3548 habe im vergangenen Jahre ein Kind hier gesehen. Er fragte
1713 3522 2472 3585 sofort, wo das Mädchen geblieben sei.
1791 3567 2871 3621 Zitternd antwortete der Vater, das Kind sei abwesend.
1800 3602 3029 3693 „So?“ versetzte Ljubovic ruhig, „so will ich warten, bis es
1708 3651 1948 3723 heimkehrt.“
1795 3705 2817 3758 „Herr, ich habe sie einem meiner Freunde geschickt.“
1804 3748 3005 3800 „Sucht mir das ganze Haus durch, vielleicht findet Ihr sie
1719 3780 3016 3842 irgendwo versieckt,“ befahl der Beg, und sofort wurde seinem Be¬
1714 3833 2119 3905 fehle Folge geleistet.
1800 3880 3023 3928 Kurze Zeit darnach schon kehrten die Zaptiehs mit dem ent¬
1715 3918 2819 3984 setzten, verzweifelt die Hände ringenden Mädchen zurück.
1802 3952 3030 4024 Ueberrascht rief der Beg aus: „Ei seht doch, welch' eine
1711 4000 1970 4080 Schönheit!“
1801 4036 3024 4107 Der Vater, der wußte, welches Schicksal seiner Tochter bevor¬
1707 4073 3030 4154 stand, warf sich dem Türken zu Füßen und flehte ihn mit herz¬
1715 4144 2640 4204 zerreißeuden Worten an, das Kind zu schonen.
2938 4204 3101 4255 et
