3392 4352
929 294 1401 399 box 37/3
226 300 849 419 2. Cuttings
676 696 806 788 813
1469 699 2114 806 Ben-Ami: Beim ersten Lichtlein.
2786 720 2919 807 814
682 830 2926 924 wir nicht willig gehen wollten, uns in Ketten dahin Dunkelheit zu versenken. Ich übergab mein Geld
676 886 984 963 zu schleifen.
1802 897 2493 967 der Mutter zum Aufbewahren.
781 916 1803 1009 „Na, und Du, Kleiner,“ sagte Reb Saul, als
1890 942 2913 1032 „Morgen, so Gott will, kaufe ich Holz dafür,
675 982 1785 1056 er mich bei der Schürze der Mutter bemerkte.
1801 979 2919 1079 um die Sabbatbrote dabei zu backen. Nicht wahr,
675 1030 1790 1107 Wie geht’s Dir? Man sagt, Du lernst sehr gut.
1796 1041 2127 1124 mein Kind?“
670 1062 1797 1155 Der Lehrer lobt Dich. Aber auch ein Wildfang
1884 1082 2189 1157 „Gut, gut.“
678 1136 1796 1198 bist Du, ein richtiger Gassenjunge. Die Kälber
1889 1116 2910 1226 Ich betete das „Schema“ und schlummerte auf
683 1176 1790 1247 und Ziegen in der ganzen Stadt haben keine Ruhe
1807 1177 2517 1268 dem Schosse meiner Mutter ein.
673 1239 1785 1298 vor Dir ... Na, schon gut, schon gut, mein Kind,
1888 1241 2904 1319 Und ich träumte, dass ich ins Cheder ging.
670 1294 1799 1355 wenn Du nur fleissig bist. Willst Du mir nicht
1803 1282 2908 1378 In der einen Hand hielt ich eine leuchtende Papier¬
682 1330 1565 1403 den Schiur von dieser Woche aufsagen?
1796 1353 2912 1418 laterne, in der anderen mein Abendessen, ein Stück
780 1384 1787 1459 Ich liess mich nicht lange bitten, den Schiur
1802 1405 2914 1451 Schwarzbrot mit einer entzweigeschnittenen und mit
675 1424 1195 1502 kannte ich auswendig
1792 1446 2921 1517 Salz bestreuten Zwiebel. Die Nacht war dunkel.
773 1469 1783 1542 „Hachaufer bor birschuss hajochid,“ fing ich
1799 1493 2903 1557 ringsum flackerten an den Fenstern der entfernten
672 1539 1785 1598 an, jeden Satz betonend und dann übersetzend.
1793 1541 2914 1613 Häuser vereinzelte Lichter auf. Ich schleppte mit
674 1574 1789 1636 „Wenn einer einen Graben gräbt auf seinem eigenen
1796 1589 2901 1667 Mühe meine geschwollenen und erstarrten Füsse
667 1622 1786 1689 Grund und Boden.“ und so ging es weiter in
1794 1635 2909 1709 nach über die hartgefrorenen Erdschollen. Der
673 1659 1780 1746 dem üblichen Singsang bis an das Ende der Mischna.
1798 1693 2905 1741 Frost machte mich steif, dass ich kein Glied be¬
676 1729 1789 1790 Alle hielten den Atem an, als vernähmen sie
1803 1737 2901 1799 wegen konnte. Unter den Nägeln fühlte ich etwas
680 1773 1784 1843 eine Offenbarung. Die Frauen konnten die Aus¬
1795 1780 2905 1841 wie Nadelstiche, bald wie den Druck einer Zange.
674 1814 1784 1888 drücke der Bewunderung nicht zurückhalten und
1787 1847 2916 1904 Ich hauchte mit allen Kräften auf meine Finger,
669 1874 1790 1947 seufzten jedesmal, meine Mutter weinte vor Wonne.
1792 1886 2921 1961 um sie zu erwärmen. Aber da war schon das
776 1919 1789 1986 „Ein Prachtjunge, ein goldiges Kind!“ Die
1794 1936 2909 1994 Haus des Müllers Wakola und der Misthaufen, auf
672 1960 1787 2029 Männer spendeten mir reichlich Beifall, kniffen mir
1787 1981 2919 2068 dem mich sein Sohn Wanka mit Schimpfworten
671 2022 1781 2072 die Wangen, zogen mich beim Ohrläppchen und
1799 2042 2624 2105 und Steinwürfen zu erwarten pflegte.
666 2065 1793 2141 klopften mir auf die Schultern. Die Frauen küssten
1882 2069 2906 2171 Doch Wanka war nicht zu sehen! Gott sei
675 2115 1097 2179 und herzten mich.
1795 2146 2899 2202 gelobt und gepriesen! Ich war toll vor Freude.
767 2154 1782 2243 „Ganz sein seliger Vater, wie aus dem Auge
1792 2200 2902 2268 Wanka ist nicht da! Nun bekomme ich heute
653 2212 1779 2299 geschnitten! Gib ihm nur ein längeres Leben,
1787 2227 2905 2306 keine Schläge, keine Steinwürfe, und mein Haar
680 2255 1127 2343 Vater im Himmel!“
1788 2292 2900 2351 wird nicht gezaust werden. Aber nun kommt mir
772 2304 1782 2383 Nur meine Mutter stand regungslos abseits
1790 2334 2914 2412 Lea entgegen, mit einer mächtigen Schüssel
665 2361 1781 2429 und ihre betränten Augen waren unverwandt auf
1788 2376 2903 2445 dampfender Kräpfchen in der Hand. Ich greife
659 2406 1782 2456 mich gerichtet. Kein Wort vermag auszudrücken,
1792 2430 2902 2506 danach, da plötzlich steht vor mir Wakolas grosser,
670 2462 1777 2523 was mir ihr Blick sagte, aber tief unten im Herzen
1784 2483 2897 2536 brauner Hund und schnappt nach der Beute. Lea
667 2509 1774 2571 ist mir dieser Blick haften geblieben, und heute
1774 2532 2903 2603 ist verschwunden, und an ihrer Stelle taucht Wanka
658 2575 1778 2624 noch, nach so vielen Jahren, in Trübsal, Dunkel¬
1783 2590 2765 2657 auf und fasst mich bei den Seitenlocken an.
664 2600 1779 2667 heit und Kälte, wärmt er mich und erhellt mein
1882 2633 2395 2707 „Du hier!“ donnert er.
659 2652 959 2724 Dasein
1886 2661 2902 2755 „Mutter! Mutter!“ stosse ich schreiend
763 2674 1773 2770 Reb Saul rief seine Gäste, alle Männer gingen
1787 2700 1897 2798 aus
1883 2731 2307 2793 und .. erwache.
665 2735 1783 2824 fort. Nur meine Mutter beharrte dabei, zu Hause
1893 2753 2891 2856 Ich triefe vor Schweiss, sehe mich verweint
663 2801 1781 2878 zu bleiben. Die Arme konnte niemals ihres Lebens
1785 2840 2903 2920 um und finde mich auf den Armen meines Bruders,
654 2853 1772 2934 froh werden und sie wollte anderen die Freude
1787 2874 2446 2945 der mich zum Bette hinträgt.
660 2894 1061 2976 nicht trüben
1888 2907 2904 3009 „Süsje,“ sagte ich mit erstickter Stimme, „nicht
1132 2941 1312 3030 VIII.
1778 2979 2524 3057 wahr, heute ist doch Channkka?“
748 2988 1772 3092 Endlich verliess uns auch unsere Schwägerin
1896 3019 2895 3086 „Ja, mein Liebling. Warum hast Du ge¬
659 3067 1775 3137 mit ihrem Kinde, und unsere Stube wurde mit
1774 3060 2030 3146 schricen?“
659 3121 1767 3179 einem Male leer und öde. Auch das Channkka¬
1875 3093 2821 3204 „Heute geht man doch nicht ins Cheder?“
663 3167 1775 3224 Kerzlein war längst niedergebrannt. Die Kälte
1875 3172 2328 3241 „Nein, mein Herz.“
648 3211 1771 3271 nahm von unserer ärmlichen Behausung wieder Be¬
1874 3195 2887 3297 „Und heute schlägt mich auch Wanka nicht?“
657 3264 1781 3331 sitz. Meine Mutter und die Schwestern setzten
1879 3273 2201 3338 „Nein, nein!“
653 3313 1773 3374 sich, ganz wie an gewöhnlichen Tagen, hin, um
1896 3320 2906 3395 „Warum schlägt er mich immer so stark; ich
664 3360 1785 3431 Federn zu schleissen und Strümpfe zu stricken.
1775 3352 2608 3440 habe ihm ja nie was zu leid getan?“
650 3415 1777 3488 Es war, als wäre über unserem Horizont ein Komet
1876 3406 2791 3490 „Dafür ist es Wanka, er muss schlagen.“
650 3456 1768 3533 aufgeblitzt, der unser Fasein einige Augenblicke
1880 3459 2893 3548 Mit diesem Gedanken beschäftigt, schlief ich
658 3504 2109 3582 mit seinem Licht begoss, um uns wieder in tiefe endlich ein
