3392 4352
123 236 710 325 2. Guttings
811 219 1258 316 box 37/3
1419 1447 1492 1519 ion
1581 1445 1680 1528 01.
911 1513 2039 1578 Alen. Weigls Unternehmen für Zeitungs-Ausschnitto
1101 1594 1853 1703 „OBSERVER“
906 1698 2025 1776 I. österr. behördl. konz. Bureau für Zeitungsberichte u. Personalnachrichten
1096 1767 1879 1852 Wien. I., Concordiaplatz 4.
1322 1852 1626 1906 Vertretungen
915 1887 2034 1946 in Berlin, Budapest, Chicago, Genf, London, New-Vork,
911 1946 2050 1997 Paris, Rom, Mailand, Stockholm, Christiania, St. Petersburg.
1179 1982 1749 2049 (Quellenangabe ohne Gewähr.)
911 2051 2060 2148 Ausschnitt aus: Bauasgg an
1411 2171 1493 2228 57
919 2165 1357 2249 vom: 7##4
909 2229 1311 2300 E S
1762 2293 2099 2384 2
925 2372 1896 2439 Dr. Hans Landsberg: Artur Schnitzler. (G
825 2430 2026 2485 & Tetzlaff, Verlagsbuchhandlung, Berlin, wor7!
824 2463 2042 2532 Man wird beim Lesen dieses Hestes gai nicht selten an die famose 1 g
816 2506 1999 2553 Monographie über das „Junge Wien“ von Artur Moeller=Bruck
830 2534 2006 2604 erinnert, der, um wienerisches Wesen kennen zu lernen, sich einmal
823 2592 2042 2643 vierundzwanzig Stunden in der Donaustadt aufhielt, ein paarmal 1 d
831 2629 2066 2696 um den Stephansturm herumging, in den Wurstelprater fuhr, | 2
823 2663 2003 2730 den Kahlenberg bestieg — und hierauf über die „spezisisch öster¬
828 2710 1996 2768 reichische Note“ orakelte ... Was Landsberg über das Österrei¬
821 2740 1989 2805 chische in der Literatur sagt, mag im großen und ganzen hin¬
2004 2758 2064 2814 §
821 2789 1987 2836 geben. Freilich gibt's dann wieder Stellen, über die man nur
1994 2789 2068 2847 11
825 2820 1994 2879 lächeln kann. So jene, wo über das „süße Mädel“ berichtet wird:
830 2858 1990 2904 „Es ist kein Zweifel, daß dieser süße Fratz(l) wirklich existiert.“
826 2894 2002 2967 Ansprechende, feine, ja geistreiche Urteile hat es übrigens in
2009 2914 2058 2965 d
823 2938 1992 2992 Landsbergs Darstellung mehrere. Aber es sind solche, die ebenso¬
1995 2961 2054 3001 r
825 2992 2060 3039 gut in einer Monographie über Kleist, Hebbel oder Dehmel an¬p
833 3022 1998 3074 zubringen wären. Nach den bisherigen Erfahrungen glaube ich:
1996 3027 2055 3085 n
827 3069 1992 3115 über österreichische Dichter sollten eben nur Österreicher schreiben.
2001 3068 2071 3124 C
1663 3102 1975 3158 Eugen Schick.
909 3144 1999 3194 Knackfuß' Künstlermonographien. Band 72: Segam
822 3169 2005 3253 tini. Von Marcell Montandon. Mit 97 Abbildungen und
829 3221 1655 3283 vier farbigen Einschaltbildern. (Verlag ##
