3344 4352
178 312 1334 407 2. Cuttings box 37/3
1753 326 3015 391 warum ein Dramenstoff, der auf 3 oder 5 Atte hindrangt, in
1761 383 2995 431 4 Akten behandelt werden muß, und warum man ihn als
1759 417 3008 479 „Spiel“ bearbeitet. Sie hantiert — wo sie nicht überhaupt
1760 466 3003 526 gleichgültig bleibt — in stiller Heiterkeit mit den ewigen
1757 505 2991 570 Maßen weiter und bleibt inmodern, ohne dem Tage er¬
1764 551 3001 617 kennbaren Einfluß. Denn wo gelärmt wird, da redet sie
1759 598 3000 673 nicht mit. Dennoch denke ich gewiß nicht an die deutschen
1755 635 3008 679 Spießbürger mit den sehr geringen geistigen Interessen,
1759 680 2997 743 denen die „Familienblätter“ das gern genommene Futter
1761 725 3005 786 liefern. Die deutsche Familie in ihrer unverkümmerten=Gesund¬
1760 758 2383 825 heit nährt ein reges geis######
2568 770 3002 853 o lebt
2430 792 2609 854 lau
1764 792 2423 867 sie so wenig in des Spieße
2807 815 2993 873 rungen,
1752 834 3005 919 wie in den parfümierten der Sal####d dee ggaretten¬
1753 898 2997 937 duftigen der Cafés. Dem Dichter aber olelbt die Wahl, für:
1762 931 3007 996 sie, indem er sich selber gibt, oder für jene anderen, indem
1762 984 3002 1052 er sich selbst aufgibt, zu schaffen. Wählt er die stillere Ge¬
1753 1023 3002 1076 meinde, da macht er freilich seinen Weg nicht schnell, denn
1760 1070 2993 1135 die Reklame ebnet ihn ihm nicht. Vielleicht dringt sein Werk
1759 1120 2991 1180 neben denen der in dieser Gemeinde geschätzten Großen gar
1757 1157 2994 1208 nicht durch, oder sein Name geht fruh unter den großen
1758 1205 3002 1267 Stürmen der Zeit verloren, um — vielleicht spät einmal
1756 1236 2990 1288 wieder ausgegraben zu werden. Klüger sind die Anderen.
1748 1286 3008 1364 Sie ehren nur das Heute, und da sie doch nichts umsonst
1751 1325 2996 1378 getan haben wollen, muß ihr Geschrei, mit dem sie das ge¬
1754 1381 2989 1437 legte Ei ankündigen, groß sein. Sonst ist ihre Gabe verfault,
1761 1423 2996 1478 ehe man sie gefunden hat. Daß nach dem modernen Brauch
1756 1459 3005 1520 der Arbeitsteilung die einen das Ei legen und die andern den
1758 1505 3001 1570 Spektakel machen, läßt zuweilen den auf den Schild Erhobenen
1752 1548 2990 1608 als Märtyrer erscheinen. Muß er sich doch um seiner Gesell¬
1753 1586 2990 1655 schaft willen und weil er „modern“ heißt, Vorurteile gefallen
1754 1645 3006 1713 lassen. Es ist auch kein unkluger Gedanke, durch Anerkennung
1754 1681 2980 1734 wahrhaft Bedeutender, wie etwa Raabe's oder der wunder¬
1752 1712 2998 1786 baren Selma Lagerlof sich das Vertrauen derer zu gewinnen,
1753 1772 2989 1815 die nicht alles lesen können und sie nebenher auch an den
1753 1810 2996 1869 Wert des Herrn Schnitzler glauben zu machen. Nur könnte
1751 1850 2988 1918 so einer ja auch Herrn Schnitzler unglücklicherweise gerade ge¬
1747 1903 3009 1972 lesen haben. Armer Raabe! Arme Prophetin unendlicher
1756 1936 3010 2000 Frauengüte! Was täte es denn sonst viel, wenn die
1753 1986 3000 2045 schönumschneiderte Modedame, deren Inhalt im Alltags¬
1756 2037 2998 2078 kleide Hohn und Spott, oder auch nicht einmal das
1755 2074 2996 2124 finden würde, ihr Rudel Hanswurste hinter sich dreinzöge,
1754 2122 2883 2171 keine gute deutsche Frau wird die Gefeierte um ihre Ge
1754 2163 2832 2219 schaft beneiden. Sie weiß, daß sie, wie unbeachtet
1758 2213 2801 2268 auch mit aller ihrer Segenskraft fühlen mag, doch
1745 2259 2782 2314 viel glücklicher daran ist. Und so weiß es die Kun
1753 2298 2764 2355 über der literarischen Mode. Aber wenn man die
1756 2340 2761 2388 in sich fühlt, wie diese behandelt zu werden, das
1840 2385 2762 2447 Trotz allem nun steckt etwas Ewiges auch in
1745 2429 2773 2500 Das Wesen der Mode ist ein Sichversteifen auf ein
1747 2479 2792 2529 sache, auf eine Aeußerlichkeit. Dem folgt die Uebe
1749 2522 2827 2581 mit Sicherheit da, wo Unfähigkeit oder doch Unreife
1741 2567 2859 2631 Mode bemächtigen. Uebertreibungen und das H
1752 2602 2696 2662 kehren des Unnötigen zeichnen immer
2693 2603 2981 2665 das Werk
1749 2645 2979 2720 aus, das sich nicht von innen heraus naturnotwendig
1748 2695 2976 2758 nach ihm innewohnenden Gesetzen bildet, zeigen sich da,
1751 2735 2949 2798 wo nicht vornehmlich die Seele den Leib, sondern de
1741 2785 2990 2849 Leib die Seele macht. Unwesentliches schießt ins Kraut, wenn
1747 2818 2964 2885 von außen Absicht, Tendenz, Mode in entscheidender Weise mit¬
1744 2865 2851 2930 formen dürfen oder gar als die eigentlichen Erzeuger sie
2940 2873 2983 2938 r
1748 2901 2874 2968 des Kopfes und der Hand des Dichters bedienen. Manredet
1750 2945 2847 3010 plötzlich von Naturalismus, Symbolismus, Impressioni
1745 2991 2971 3057 Aestheticismus und Neuromantik. Von alledem kann am
1738 3033 2966 3108 echten Kunstwerk etwas haften. Das was es zum Kunst¬
1744 3078 2988 3172 werk macht, das Wesentliche und Wertbestimmende an ihm
1746 3109 2391 3183 freilich ist etwas ganz anderes.
1840 3163 2994 3223 Es ist wohl denkbar, das einmal das Gestalten des
1738 3212 2972 3285 Wesentlichen statt des Unwesentlichen, des Schönen statt der
1739 3257 2968 3330 Auswüchse Mode würde. Nur würde der Umstand, daß es
1737 3295 2972 3373 Mode ist, dann ein Beweis dafür sein, daß sein Ewigkeits¬
1736 3342 2974 3405 gehalt nicht erkannt würde, und daß es wieder verdrängt
1731 3393 2966 3475 werden müßte durch das, was unschöner und oberflächlicher
1732 3433 2592 3502 ist, als wäre dies ihm völlig gleichwertig.
1813 3473 2969 3546 Vorläufig brauchen wir meiner Ansicht nach, noch
1736 3519 2976 3594 nicht zu bedauern, daß was heute Mode ist, es morgen
1735 3566 2963 3624 nicht mehr sein wird. Wenigstens, wenn ich den bei
1730 3593 2970 3682 Wertheim von H. H. Ewers herausgegebenen „Führer
1737 3647 2972 3715 durch die moderne Literatur“ für orientiert halten
1729 3695 2960 3760 will. Wir erfahren da, daß Jakob Wassermann „einer von
1726 3739 2950 3807 den wenigen modernen Dichtern ist, bei denen Verstand
1724 3791 2954 3852 und Gefühl harmonisch wirksam sind“, Arthur Schnitzler für
1734 3846 2970 3896 „einen modernen Dichter ersten Ranges“ anzusehen ist, daß
1723 3867 2961 3931 Scheerbart „unser allerfeinster Humorist“ Baar „eine der
1725 3906 2956 3974 liebenswürdigsten Erscheinungen unserer Literatur“, die „einzige
1722 3948 2952 4007 in deutscher Sprache schreibende Frau der Modernen aber, die eine
1729 3997 2946 4071 starke Empfindung für alles Psychologische hatte“ — Juliane
1722 4043 2951 4116 Déry ist. Ferner wird uns mitgeteilt: „Bei Freußen wälzt sich
1714 4091 2942 4159 die Handlung breit in ungezählten Kapiteln daher, um der
1709 4133 2957 4206 Prophetenbegeisterung der Braven und Bescheidenen Nahrung
1712 4179 2958 4248 und Glaubwürdigkeit (?) zu schaffen.“ Sohnrey ist „ver¬
1722 4213 2129 4262 wässerter Auerbach“.
2336 4214 2564 4272 eligich=Gar
