3344 4352
1460 270 1914 371 box 36/2
119 265 1374 366 1. Parphlets offprints
1225 990 2191 1093 Probleme in Arthur Schnitzlers Dichtungen.
2432 1011 2545 1097 691
155 1108 420 1170 ner späten Zeit,
859 1097 2548 1166 könne, diesem jungen Künstler entgegen, als Sie sind im Gegensatz zu der Selbstüber¬
153 1152 408 1201 ils Worte sind,
868 1161 2544 1209 er davon spricht, seinen Schmerz gestalten schätzung des Künstlers rührend bescheiden.
138 1171 445 1241 n zum Gedächtnis,
865 1208 2541 1284 zu wollen. „Was ist denn deine ganze Bald läßt er sie einen dumpfen Groll emp¬
173 1226 394 1275 uns erfreun
209 1258 493 1319 tgleichen Tränen:
857 1256 2550 1315 Schreiberei, und wenn du das größte Genie finden gegen die fremde Art wie Hausdorfer
187 1304 373 1353 ausgesandt,
856 1319 2536 1365 bist, gegen so eine lebendige Stunde, in der in den „Lebendigen Stunden“, öfter be¬
185 1342 410 1398 undnen Welt
853 1353 2554 1426 deine Mutter hier auf dem Lehnstuhl ge= wundernde Scheu, ja geheime Sehnsucht nach
225 1386 301 1484 rod.
856 1415 2546 1486 sessen ist und zu uns geredet hat oder auch dem von moralischen Bedenken nicht gehemm¬
863 1467 2544 1547 geschwiegen, aber da ist sie gewesen, und sie ten Verhalten. „Wenn ich aufrichtig sein soll,
238 1487 508 1565 ist mehr als
863 1512 1698 1581 hat gelebt — gelebt.“ („Lebendige Stunden“.)
1699 1542 2541 1600 gnädige Frau,“ sagt der Dr. Neumann im
234 1543 505 1611 die dies schaf¬
856 1565 1699 1640 Sie haben ja recht von ihrem Standpunkt
1707 1578 2540 1650 „Einsamen Weg“ mit übertreibender Selbst¬
237 1592 515 1661 nmungen und
866 1621 1696 1683 aus — die anderen; aber hat nicht auch der
1709 1631 2540 1697 ironie und spielt dabei auf den „Verrat“
270 1649 523 1712 sich über die
851 1668 1698 1746 Künstler recht, wenn er eine Antwort gibt,
1707 1684 2543 1758 Julius Fichtners an, „die Sehnsucht, die
250 1704 510 1762 nderen an sie
862 1741 2548 1803 die hochmütig klingt, aber auf seinem Wissen am tiefsten in mir steckt, ist die, ein Schurke
267 1755 507 1818 neuen Sehn¬
854 1788 1704 1848 vom Dasein beruht: „Lebendige Stunden!
1703 1796 2540 1864 zu sein, ein Kerl, der verführt, hohnlacht,
310 1809 506 1874 alten ver¬
855 1838 2539 1910 Sie leben doch nicht länger als der letzte, über Leichen schreitet. Aber ich bin durch
850 1893 2534 1952 der sich ihrer erinnert. Es ist nicht der Mängel meines Temperamentes verurteilt,
308 1921 451 2001 eben hin,
863 1934 2533 2007 schlechteste Beruf, solchen Stunden Dauer ein anständiger Mensch zu sein.“ Wenn
277 1982 334 2043 an,
860 1993 2543 2073 zu verleihen!“ Hat er wirklich recht? Der Schnitzler sehr ethisch gestimmt ist, wenn es
298 2026 491 2106 rVeatrice“.)
857 2046 2533 2099 Ethiker in Schnitzler verneint es, wenn auch ihn drängt, ein Fazit zu ziehen, so findet
852 2092 2530 2172 seine geheimste Sehnsucht Ja ruft — tau= er, daß trotz solcher verräterischer Sehnsucht
375 2105 521 2190 rzählt,
862 2151 2534 2211 sendmal Ja! Wie grausam kann der Künst= diese Leute recht behalten müssen. Beson¬
855 2190 1692 2268 ler sein, wenn sein Dämon ihn ergreift!
1695 2202 2539 2279 ders gewaltsam wirkt dieses plötzliche Ver¬
404 2225 520 2293 rung
859 2245 2547 2331 Dann ist das liebste Leben, die Frau, die lassen des relativistischen Standpunktes bei
403 2287 512 2342 ung,
855 2304 2542 2395 sich ihm mit Leib und Seele hingibt, „nur dem allzu moralischen Schluß des „Einsamen
403 2334 509 2392 einer
1690 2355 1869 2424 Weges“.
853 2353 1520 2437 Anlaß und Stachel seiner Kunst“:
428 2383 496 2443 da
1731 2404 2522 2480 Doch es gibt auch entgegengesetzte Stim¬
915 2420 1201 2481 Verrät'risch lockt
427 2433 495 2497 lich
913 2450 1607 2521 Aufs Antlitz euch sein Kuß der Seele Glut
1687 2466 2514 2539 mungen. Dann sieht er in den „anderen“
913 2507 1634 2557 Zur Förd'rung eines Bildes, das euch gleicht.
1691 2512 2525 2587 nichts als die dumpfen engen Seelen, die
914 2552 1650 2611 Und glaubt mir: wenn dies letzte ihm gelang,
1689 2577 2528 2637 nie erschauderten vor den Tiefen des Da¬
916 2584 1556 2645 Das unvollendet seiner Rückkunft harrt,
913 2626 1390 2691 Schwand all sein Lieben hin.
1686 2620 2525 2688 seins, die ihr bißchen Pflichterfüllung un¬
1236 2658 1644 2724 („Die Frau mit dem Dolche“.)
1687 2673 2535 2747 endlich wichtig nehmen, breitbeinig dastehen
888 2709 1689 2790 Und die Frau gibt eine Antwort, in der
1694 2736 2538 2811 und das Philisterhohngelächter anschlagen
855 2775 1685 2848 sie dem Künstler das Recht zu seinem Han¬
1700 2780 2281 2853 über alle, die anders werten.
847 2832 1688 2886 deln zuspricht, weil er ja in dem kurzen
1714 2824 2515 2901 Da mag es denn so einen „Wissenden“
842 2882 1685 2952 tödlichen Glück, das er schenkt, das eigentlich
1699 2880 2530 2947 wie Paracelsus locken, den aufgeblasenen
849 2921 1682 3001 Lebendige, Wertvolle des gewöhnlichen Men¬
1698 2937 2514 2996 Wirklichkeitsmenschen in Verwirrung zu brin¬
852 2982 1128 3054 schen befreit:
1679 2995 2530 3042 gen, ihm mit seiner Kunst den sicher ge¬
891 3028 1219 3104 Das weiß ich gut,
1685 3043 2524 3111 glaubten Besitz als verloren zu zeigen, mit
885 3088 1680 3159 Denn ich bin dann nichts mehr, bin ausgeschöpft,
1683 3086 2521 3159 ihm zu spielen wie die Katze mit der Maus.
880 3128 1564 3200 Und mein Lebend'ges bebt in diesem Bild.
1690 3139 2527 3210 Dabei mag es geschehen, daß das Netz des
889 3183 2532 3274 So wendet Schnitzler das Problem hin Truges dem Hexenmeister selbst über dem
846 3234 1054 3314 und her.
1685 3246 2129 3331 Kopf zusammenschlägt.
883 3274 1683 3362 Das Wesen des Künstlers entwickelt sich
1719 3281 2520 3371 Und endlich die „anderen“ die Schnitz¬
850 3341 1683 3412 in Schnitzlers Werken durchgehends im
1683 3348 2520 3418 ler selbst mit sehnenden Blicken betrachtet:
849 3404 2517 3469 Gegensatz zu Naturen anderer Art. Und die großen Lebenden und Genießenden, die
842 3454 2524 3514 es ist interessant zu sehen, wie er je nach schöpferischen Tatnaturen, die nicht nur ge¬
843 3506 2519 3582 der Stimmung, die ihn beherrscht, die an= träumtes Leben schaffen, deren unbewußte
837 3559 2515 3618 deren anschaut. Zuweilen zeigt er sie als Lebenskraft in mächtigem Flusse dahinströmt.
846 3610 1683 3672 Menschen, die in stiller Sicherheit der Pflicht¬
1681 3619 2527 3685 Ein solcher ist der Herzog im „Grünen
846 3675 2524 3739 erfüllung, in der Fähigkeit zu lieben, sich Kakadu“; wenn er hereintritt, „flammt das
842 3722 2531 3769 an andere, an einen Beruf, ein Wollen hin= Leben auf“. Vom Herzog Bentivoglio im
471 3709 518 3796 e
848 3772 2535 3845 zugeben, die höchste Bewunderung verdienen. „Schleier der Beatrice“ sagt der Dichter
453 3791 508 3874 n
