3392 4352
307 132 1876 248 23 Der Schleiender Bierrette
2035 149 2467 239 box 27/5
200 644 1770 755 der Pierrette.“ Pam.“ wirten auch die Soloinstrumente mit. Einige
190 682 457 756 von
488 687 752 757 itzler. Musik
754 712 1755 801 Kürzungen würden dem Ganzen sehr zu statten
302 720 743 804 grerrot (A.
759 746 1764 828 kommen. Vielleicht könnte sich die Indentanz auch
201 774 752 845 i seinem ärmlichen Zimmer
753 797 1753 891 entschließen, bei ähnlichen Stücken künftighin auf
201 828 738 892 erz, daß seine Geliebte Pier¬
755 834 1751 931 dem Theaterzettel eine kurze Skizze über den
192 869 752 939 tt eben Hochzeit macht mit
751 881 1748 978 Gang der Handlung zu geben, wie dies in franzö¬
195 913 731 980 oda). Die Freunde be¬
737 921 1525 1023 sischen Theatern allgemein üblich ist.
204 955 745 1027 Pierrot zum Hochzeitsfest
1598 957 1741 1037 9.
193 999 747 1066 nt bei ihm Pierrette im
196 1040 742 1114 entsinkt. Das Liebespaar
198 1089 744 1176 unk, bevor es gemeinsam
224 1136 744 1210 Pierrot trinkt das Gift:
255 1181 734 1247 sie zögert, schlägt er
186 1212 687 1290 der Hand und stirbt. —
192 1268 735 1349 en Saal die Hochzeits¬
188 1310 736 1381 d Tanz. Arlechino hat die
193 1359 724 1429 bemerkt, er gerät in wilde
1677 1384 2053 1474 Tolephen 12.881.
195 1399 721 1474 rch ihr Erscheinen wieder
187 1445 719 1518 de Schleier aber und die
1863 1474 1932 1538 „
184 1489 718 1570 ettens, die eine Vision von
212 1539 722 1606 stacheln seine Wut aufs!
1186 1453 1894 1618 „OBSERVER“
227 1580 714 1646 In Pierrots Zimmer.
966 1599 2091 1669 L Jeterr. behördl. kenz. Unternehmen für Zeitungs-Ausscbalte.
190 1602 719 1694 r geeilt, verfolgt von Ar¬
1166 1652 1922 1730 Wien, I., Concordiaplatz 4.
193 1671 705 1743 nis der beiden nun ent¬
1378 1709 1734 1772 Vertretungen
179 1712 710 1779 dem er Pierrette mit dem
969 1735 2093 1814 #l Berlin, Basel, Budapest, Chicago, Gleveland, Chsestiantn.
178 1758 707 1837 mer einschließt. In wil¬
976 1805 2098 1867 Oeni, Kopenhagen, London, Madrid, Malland, Mienesponh,
187 1802 696 1873 bis sie tot niedersinkt. —
969 1840 1933 1913 New-Vork, Paris, Rom, San Prancisco, B#nckhoien. ##
2016 1848 2105 1906 .
176 1845 697 1921 eser tiefangelegten Hand¬
1387 1878 1699 1934 burg, Torouse.
174 1891 695 1957 chöne, melodie= und far¬
1299 1915 1782 1987 (Guchlen#sabe ehn Gosde
3288 1900 3352 1991 1
184 1937 694 2002 ben, die unter Schil¬
2157 1971 3371 2036 omischen Situationen gibt, die mit ziemlich vielnicht. Pierr
175 1984 694 2057 in mit der vorzüglichen
977 1914 2102 2071 tunen muschr eirge Gerget.
2151 2018 3375 2069 Zehagen ausgenützt werden. Das Ganze ist eine Hochzeitsabe
178 2026 696 2095 Eindruck hinterließ. Doh¬
2156 2062 3373 2121 armlose, unterhaltende Geschichte aus einer liebten zu
175 2071 690 2143 fflich zu charakterisieren:
978 2066 1297 2142 vom: 30
2156 2101 3111 2153 eutschen Kleinstadt, zum Schluß gibt es die üb¬
3111 2105 3375 2162 den Tod gehl
1602 2051 2075 2181 Neestu
1177 2115 1242 2192 —
169 2114 692 2179 Frierung war die Liebes¬
1281 2094 1596 2193 B
2155 2135 3110 2199 ichen Liebespaare und auch an der im deut¬
3109 2144 3378 2192 liert den M
174 2163 689 2229 ahnsinnsszene, das Rüt¬
2148 2177 3112 2253 chen Singspiele von jeher beliebten Verspottung
3104 2186 3371 2246 Hochzeitsges
1489 2162 2129 2280 Ketace
178 2206 683 2272 für und noch eine Menge
2137 2198 3117 2289 er Amtspersonen, in diesem Falle des Ratsdie¬
3117 2232 3368 2274 mitten unter
188 2242 717 2336 Ueberaus verdienstlich
2145 2259 3114 2326 ners, fehlt es nicht. Leo Blech ist ein trefflicher
3111 2269 3359 2320 verstimmt,
2135 2293 3119 2374 Musiker, seine Musik ist lebendig, sie verrät eine
3104 2308 3368 2366 vorgegangen
2129 2328 3351 2392 seine Kenntuis der Instrumente, wozu vor Braut der
2140 2388 3098 2442 allem auch die Singstimme zu rechnen ist, sie
3108 2379 3372 2438 von der Er
2133 2423 3108 2483 wirkt durch Melodik und durch eine ansprechende
3112 2416 3365 2480 ängstigt. D
1358 2387 1950 2500 Kgl. Hoftheater.
2129 2462 3103 2528 Grazie. Durchaus stilrein ist die Oper jedoch
3105 2458 3374 2525 in das Zim
1137 2479 2135 2551 Zum erstenmale: Versiegelt, komische Oper von
2141 2502 3105 2573 nicht. Bald wird man an die ältere Oper er¬
3111 2506 3372 2558 Pierrette, sei
1187 2524 2112 2604 Leo Blech — Der Schleier der Pierrette,
3105 2544 3369 2598 und schließt
2135 2542 3102 2604 innert, bald tritt der neuere Stil stärker hervor,
1225 2578 2092 2641 Pantomime von Ernst v. Dohnanyi.
3110 2584 3352 2641 vor Furcht
2124 2576 3102 2645 in dieser Beziehung zeigt sich an diesem einen
3110 2624 3364 2693 wirkenden 2
2126 2624 3104 2694 Beispiel, was überhaupt ein Charakteristikum
1213 2619 2132 2679 Ein oftgeübtes Vorrecht der Librettisten ist
3109 2666 3348 2722 zubrechen.
2135 2660 3104 2710 der modernen Musik ist, das Schwanken, das Un¬
1157 2659 2133 2732 es, längst vergessene Stücke wieder hervorzu¬
3141 2704 3372 2768 Das Or
2132 2700 3104 2755 entschiedene. Nicht viele sind modern in dem
1152 2698 2132 2772 holen, sie in ein etwas neues Gewand zu stecken
3108 2738 3356 2799 Wenn auch
2136 2743 3095 2807 Sinne, daß sie nur nach vorwärts zeigen und
1152 2740 2118 2808 und auf diese Weise wieder lebendig zu machen.
2135 2780 3110 2858 nicht noch die Eierschalen ihrer Entwicklung an
3100 2785 3362 2841 gönnt ist un
1148 2791 2123 2848 Der gute alte Raupach kommt nun auch wieder
3107 2826 3363 2879 verspüren is
2135 2822 3091 2881 sich tragen. Blech gehört zu den letzteren, aber
1143 2822 2129 2890 zu Ehren und zwar durch Batka und Pordes¬
3106 2865 3372 2917 sühle entlass
2131 2860 3103 2913 seine Musik ist gefällig und hübsch und damit
1145 2864 2128 2934 Milo, die einen Lustspielstoff von ihm für ihre
3099 2903 3371 2959 spiels gewes#
2132 2905 3096 2985 geben wir uns gerne zufrieden und warten, bis
1141 2893 2130 2969 einaktige Oper „Versiegelt“ benützt haben. Die
3089 2944 3361 3009 und Elektra
2124 2941 3033 3020 die Eierschalen vollends abgestoßen werden.
1152 2936 2121 3006 Hauptperson des Stücks ist ein — Schrank. Was
3093 2973 3359 3040 etwas vertri
1136 2993 2128 3052 täten unsere Lustspieldichter ohne dieses Requisit,
2179 2988 3096 3068 Unter Matthäus Pitteroffs Leitung
3098 3020 3354 3078 und, wie e
1136 3022 2128 3082 das geradezu unentbehrlich für ihre Zwecke ist?
2119 3023 3101 3110 kamen bei dem keineswegs leicht auszuführen¬
3098 3062 3365 3121 äußerst auf
1141 3058 2119 3131 In besagtem Schrank wird der verwitwete Bür¬
2120 3080 3345 3156 den Stück, dessen szenisches Bild und Einstudie=Komponist
1143 3101 2124 3171 germeister von der Witwe Gertrud versteckt, da
2125 3121 3355 3197 rung Emil Gerhäuser zu verdanten ist, die passungsvern
1141 3142 2130 3215 beide miteinander gerade in einem Moment!
2120 3161 3100 3223 mannigsachen Feinheiten zu voller Geltung. Die
3097 3178 3369 3236 auch bedeute
1136 3186 2125 3251 überrascht werden, wo man keinen Zeuge nb¬
2122 3196 3355 3277 Besetzung des Einalters durch Anna Sutter, besonders an
1137 3222 2110 3290 tig hat. Zum Unglück wird der Schrank gepfän¬
2114 3237 3102 3313 Johanna Schönberger, Lisa Heinefetter,
3088 3263 3366 3314 zen nachwei
1133 3269 2124 3336 det, da er eigentlich gar nicht der Witwe gehört,
2123 3280 3090 3345 sowie durch Albin Swoboda, Wolfgang Kan¬
1137 3303 2118 3369 sondern ihrer Freundin, die den Steuerbetrag
2117 3322 3080 3381 zot und Ludwig Wiedemann war die denk¬
3084 3340 3176 3398 de
3163 3346 3361 3401 zu ernst
1145 3340 2109 3409 schuldig geblieben. Der schlauen Witwe kommt
2113 3358 3085 3420 bar beste. Das auerkannte auch das Publikum,
3095 3378 3359 3442 chesters an d
1134 3379 2114 3439 dies genade recht, sie ruft das ganze Städtchen
2112 3395 3082 3464 das die Neuheit sehr beifällig aufnahm. Doh¬
3087 3417 3362 3476 ren Vorgän
1134 3412 2117 3480 herbei, um den Bürgermeister in seiner lächer¬
2112 3443 3089 3515 nanyis Pantomime gab einen krassen
3087 3466 3340 3520 Pantomime
1134 3459 2115 3532 lichen Lage zu kompromittieren, denn jetzt kann
2116 3480 3083 3533 Gegensatz zu dem kleinbürgerlichen Bilde. Ar¬
3090 3500 3346 3552 als er der
1127 3496 2119 3566 er nicht mehr anders, als um ihre Hand zu bit¬
2121 3517 3085 3587 tur Schnitzler's „Der Schleier der Pierrette“
3085 3544 3360 3597 kommt. Die
1125 3541 2119 3603 ten. Inzwischen aber wird der Bürgermeister
2112 3558 3360 3644 bildet den Gegenstand der Handlung, die hierSchilling
1135 3581 2122 3650 von seiner Tochter und deren Liebhaber aus
2114 3596 3350 3682 in das Wien vor hundert Jahren verlegt st. kühl. Dazu
1131 3616 3349 3715 seinem Versteck gelassen und sind diese beiden Drei Bilder. Zuerst Pierrots Zimmer. Diel beigetragen
1114 3664 3364 3765 lelbst hineingekrochen, was weiteren Anlaß zu ! Freunde wollen ihn aufheitern, es gelingt ihnen müßten diesh
