3392 4352
289 89 505 182 23
2058 102 2367 197 box 27
488 93 1886 200 Der Schlefender Pierrette
1303 1261 1660 1358 Telephon 12.801.
734 1320 1400 1501 „OBSERVER‘
524 1436 1653 1581 1. österr. Fehördl. konz. Unternehmen für Zeitunge-Ausschaltte
710 1514 1478 1623 Wien, I., Conoordiaplatz 4.
924 1587 1269 1660 Vertretungen
525 1596 1648 1733 in Berlin, Basel, Budapest, Chicago, Cleveland, Christlania,
514 1656 1636 1767 Genf, Kopenhagen, London. Madrid, Mailand, Minneapolls,
504 1700 1643 1801 New-Vork, Paris, Rom, San Francisco, Stockholm, St. Petess¬
908 1752 1247 1820 burg, Toronto.
836 1785 1329 1881 (üuelienaspabe eüne Gewütrl
499 1825 910 1932 Ausechaltt aus:
655 1901 1438 2090 3 S 190
490 1964 623 2074 20
1457 2106 3404 2213 Schnitzler-Dohnányi ist im Punkte der Ausstattungwill. erscheint Pierrette, verstört, angewande
623 2085 1324 2235 FedILLSCON.
1479 2174 2516 2229 sehr anspruchslos, daher leicht zugänglich; umso
2491 2191 3397 2256 krankhafter Heiterkeit. Sie verlangt nach Speis
1473 2213 2496 2290 höher stellt es aber durch die Akzentuierung der in¬
2491 2238 3407 2297 Trunk, welche ihr, als sie danach langen wil
521 2239 2508 2333 Das Nationaltheater hat die Pantomimes neren Vorgänge den Anspruch auf das Ausdrucksver¬
2486 2284 3402 2341 einem Phantom, dem toten Pierrot, gereicht w
428 2268 1484 2347 „Der Schleier der Pierrette“ von Arthur
1479 2315 2483 2370 mögen der Miene und Bewegung; von der Darstelle¬
2492 2329 3390 2388 Im ausbrechenden Wahnsinne spiegelt ihr die
734 2335 1474 2406 mit Musik von Ernst v. Dohná¬
1476 2360 2488 2416 rin der Pierrette verlangt es in dieser Beziehung direkt
2488 2372 3397 2426 Hallutination vor, daß den Schleier, nach de
738 2376 1482 2453 hon ob des guten Klanges der Na¬
1467 2392 2494 2465 eine virtuose Leistung. Pierrot und Pierrette sind hier
2486 2415 3409 2483 Bräutigam frägt, der tote Geliebte in der Han
423 2425 1476 2494 Wen der Künstler, die sich da zum Werke zusammen¬
1471 2451 2497 2497 der Typus eines unglücklichen, bürgerlichen Liebes¬
2489 2461 3409 2526 Den Gatten an der Hand und nach dem Schlei
432 2486 1469 2545 getan haben, Aufmerksamkeit erregt hat, erworben
1476 2496 2495 2549 paares, (die Handlung spielt in Wien zu Anfang des
2494 2502 3399 2557 schend, jagt Pierrette dem Gaukelbild nach un
425 2521 1478 2589 und am 27. d. M. zum erstenmale zur Aufführung ge¬
1464 2534 2487 2597 vorigen Jahrhunderts), und das Stück eine Liebestra¬
2489 2550 3409 2595 langt mit Arlechino in die Stube Pierrots. Da lie
429 2558 1467 2626 bracht. Die Pantomime als ungesprochenes Drama
1468 2586 2490 2648 gödie mit grausiger Ausmalung des Konfliktes und
2487 2580 3407 2660 Boden der gesuchte Schleier — und die Leiche
429 2591 1474 2668 mit einer den Ausdruck der Miene und des Gestus
1468 2622 2495 2687 des Hereinbruches der Katastrophe. Pierrette nimmt
2489 2638 3409 2703 rots. Arlechino errät, was geschehen war, höh
429 2647 1481 2713 unterstützenden charakteristischen Musik ist eine
1469 2661 2492 2731 den ungeliebten Arlechino zum Gemahl und flüchtet
2484 2683 3407 2745 Toten, treibt seinen rohen Spaß mit ihm (ech
430 2691 1471 2763 natürliche Reaktion gegen „die überhandnehmende
1462 2715 2499 2779 am Hochzeitstage im Brautkleide vom Feste weg in
2479 2716 3384 2786 dern, rüttelt mit Wollust an den Nerven) und
431 2739 1465 2804 Plattheit des modernen Balletts, das zwar auch Hand¬
1461 2753 2488 2812 die Arme des verzweifelnden Pierrot, doch nur in der
2490 2769 3402 2831 neue grausame Rache: er läßt die Geistesgestör
429 2768 1474 2852 lung mitführt, aber nur als Nchenprodukt minderer
1461 2808 2488 2866 Absicht, mit ihm gemeinsam in den Tod zu gehen. Sie
2489 2807 3409 2866 der Leiche allein und sperrt das Zimmer ab
423 2816 1472 2894 Qualität, das Hauptgewicht auf Tanzensemble und
1471 2846 2501 2897 hat nicht den Mut, mit dem ungelichten Manne zu
2483 2857 3407 2919 Qual Pierrettens steigert sich entsetztlich, b
420 2872 1461 2938 Ausstattungseffekt legend. Bei uns hat die Pantomime
1459 2887 2501 2970 lehen, aber sie besitzt im kritischen Moment auch
2482 2903 3410 2962 aber auch die Erlösung — die Wahnsinnige tan
425 2910 1463 2983 „Der faule Hans“ von Heida-Nedbal mit Erfolg einen
1468 2936 2495 2996 nicht die Entschlossenheit, ihren Teil des mitgebrach¬
2474 2942 3409 3015 zu Tode und bricht an der Leiche des Geliebte
426 2935 1471 3031 Trumpf ausgespielt und den weiteren Erwerbungen
1460 2980 2483 3045 ten Giftes zu nehmen. Pierrot stirht, sie beugt sich
2488 2983 3408 3061 sammen. — Offenkundig hat der Dichter hie
426 3002 1464 3077 in diesem Genre günstig präludiert. Das Werk von
1463 3026 3395 3100 über seine Leiche und verläßt gramerfüilt das unsclige jauf eine Karte gesetzt, die nicht leicht abzuheb
1451 3078 3408 3155 Haus. Myrthenkranz und Brautschleier zurücklassend. Die Darstellung scelischer Qual, die zur #e
524 3065 2493 3177 *) Ein gut spielbarer und klangsatter Klavieraus- Inzwischen hat man sic beim Hochzeitstanz schon
2469 3113 3396 3195 Umachtung führt und nach grausamen Steige
427 3133 3407 3186 zug des Werkes ist bei L. Doblingenn Leipzig imvermißt. Der Bräutigam argwöhnt Verrat und in dem der Pein zur Katastrophe, ist. in dramatisches
425 3176 824 3246 Druck erschienen.
1436 3191 3383 3280 Momente, wo er wutschnaubend das Fest verlassen I ziel, das von der Pantomime und von der sie
843 3208 1081 3309 A A
