3344 4352
1947 228 2386 332 box 28/1
212 241 1820 330 23. Der Schleier der Pierrette
640 427 1483 529 ###. Budapest, Cincago, Cleveland, Christiana
577 514 1490 553 #agen, London, Madrid, Mailand, Minneapolis,
505 549 1496 597 erk, Paris, Rom, San Francisco, Stockholm, St. Peters¬
789 583 1091 635 burg, Toronto.
1736 603 3157 670 Operette zu liefern, eines Einatters, dessen Komponist erst nach
721 608 1132 683 (Oaellenangabe ohne Gewähr.)
1745 663 3149 725 Fertigstellung des Buches bestimmt werden sollte. Leider blieb diese
369 648 813 761 Ausschnitt aus
1741 702 3160 768 Schnitzler=Operette ungeschrieben. Der Dichter suchte und suchte; er fand
316 727 771 814 17. SEP 1911
791 696 1462 854 amdenblatt. n
1734 739 3161 842 etwas, begann den Stoff zu gestalten = aber er zerfloß ihm wieder
381 796 548 845 vom:
1734 793 3153 881 zwischen den Fingern. Kurzum, Schnitzler erklärte schließlich der Direktion
1746 837 3160 918 des Theaters an der Wien, aus seiner Altwiener Operette könne nichts
1746 896 2598 980 werden, denn er finde kein passendes Sujet.
1861 925 3083 1007 So fiel der ganze Schnitzler=Girardi=Abend¬
1752 986 3154 1064 welch' interessante wienerische Mischung — den die Direktoren des
654 973 1427 1076 Aus der Theaterwelt.
1750 1044 3153 1115 Theaters an der Wien schon so schön auf dem Popier zusammengestellt
325 1065 1731 1126 (Zur bevorstehenden Erstaufführung von Schnitzler=Dohnanys
1749 1084 3151 1160 hatten, in den Brunnen. Dohnany umschwebte auf den Flügeln seines
320 1110 1726 1172 Pantomime „Der Schleier der Pierrette“ im Hofopern¬
1759 1130 3157 1218 Klaviers ganz Europa und schob seine kompositorische Arbeit immer
325 1145 1731 1210 theater. — Warum Alexander Girardi in dieser Pantomime nicht
1752 1179 3166 1266 wieder hinaus. Herr v. Zemlinsky hinwieder konnte sich mit dem Buch
325 1207 1705 1254 aufgetreten ist. — Das schnelle Dresden und das langsame Wien. —
323 1248 1741 1300 Reminiszenzen an Weingartner. — Eine kleine Einführung in die
1758 1227 3149 1309 „Der tapfere Kassian“ auch nicht befreunden. Und so fiel die Aufgabe,
561 1303 1542 1350 Grusligkeiten des „Schleier der Pierrette“.)
1758 1274 3153 1346 diese satirische Operette zu komponieren, an Oskar Straus, der sie
1749 1319 3158 1401 auch mit der ihm eigenen Energie in kurzer Zeit durchführte. Das Werk
435 1341 1727 1400 Wie merkwürdig doch die Schicksale der Pantomimenbücher sind!
1761 1385 3168 1441 ist bekanntlich von Weingariner für das Hofoperntheater erworben
333 1387 1740 1451 Viel interessanter als die der gewöhnlichen Bücher, von denen schon der
1748 1433 3160 1512 worden. Freilich ist das auch schon wieder zwei Jahre her. Was nun damit
339 1445 1735 1503 Spruch des alten Römers handelt. In einigen Tagen — am kommenden
1755 1479 2805 1559 geschehen wird? Nichts gewisses weiß man nicht ...
326 1491 1746 1549 Mittwoch, dem ersten Auftreten Carusos bei seinem diesjährigen Gast¬
1866 1498 3163 1595 Von der Pantomime „Der Schleier der Pierrette“ war es aber in
336 1544 1736 1596 spiel — wird im Hofoperntheater die Pantomime „Der
1634 1583 1739 1632 ler,
1757 1590 3171 1647 jenen Jahren so lange stikle geblieben, daß ihr eigener Vater, Artur
334 1583 1724 1682 Schleier der Pierrette“, Buch von Artur Schni##
1756 1617 3161 1685 Schnitzler, schon ihrer vergessen hatte. Es hätte ja auch wenig Zweck
323 1630 1534 1685 Musik von Ernst v. Dohnany, zum ersten Male in¬
1758 1664 3158 1741 gehabt, an sie zu denken. Girardi war längst aus dem Theater an der
325 1680 1737 1733 Darau wird niemand etwas Verwunderliches finden. Ein Dichter vom
1763 1706 3159 1787 Wien geschieden, umschmeichelt von der Wiener Operette, die wieder ihr
336 1724 1738 1791 Range Schnitzlers, der isich mit einem Künstler von der musikglischen
1760 1759 3160 1835 Haupt siegreich erhoben hatte — der Künstler dachte gewiß nicht mehr
338 1773 1746 1846 Vornehmheit Dohnanys zu einem „dramatischen Werk ohne Worte“
1749 1830 3166 1880 an das verzerrte Antlitz Pierrots und an dessen geisterhafte Spazier¬
1140 1821 1740 1898 warum sollen sich ihm nicht
342 1830 1079 1894 verbindet, wie es das vorliegende ist
1759 1850 3171 1936 gänge, die ihre Puderspuren zurücklassen. . .. Da fuhr eines Abends ein
335 1872 1747 1953 sofort die Tore des Hofoperntheaters angelweit öffnen, um aufzu¬
1762 1910 3168 1994 „fremder Herr“ vor der Villa Schnitzler vor, der bat, dem „Herrn
325 1919 1745 1993 nehmen, was dem Publikum schon vermöge der Namen der
1759 1949 3163 2028 etwas auf dem Klavier vorspielen zu dürsen“. Der Hausherr tritt ins
334 1977 1740 2050 Schöpfer als eine nicht gewöhnliche Darbietung erscheinen würde?
1763 2024 3167 2088 Vorzimmer und erblickt Dohnany, der sich endlich doch zu der Arbeit
333 2023 1740 2089 Und doch: Es hat Jahre gedauext, bis die Dichtung Ein¬
1762 2068 2503 2143 entschlossen und sie fertiggestellt hatte.
338 2065 1744 2138 gang in die Operngasse gefunden hat. Zunächst hatte die
1866 2085 3120 2169 Der Komponist spielte seinem Librettisten die Hauptszehen vor —
334 2110 1748 2193 gute Sache deshalb so viel Weile gebraucht, weil sie gar nicht für das
1760 2145 3167 2230 und dieser war entzückt und dankte vielmals. Und die beiden Autoren
342 2163 1748 2234 Hofinstitut bestimmt war, sondern für ein böses Konkurrenztheater. Die
1755 2199 3171 2269 brschlossen, das Werk möglichst bald an einer Opernbühne unterzu¬
344 2226 1742 2280 erste männliche Hauptpartie der Novität, der Pierrot, der so tragisch ist,
1756 2249 3166 2326 bringen. Schnitzler hatte, wie schon erwähnt, Dohnanyi persönlich nicht
338 2261 1746 2328 wie es in der commedia dell' arte vielleicht noch, gar nicht dagewesen
1764 2302 3171 2378 gekannt, ehe er mit ihm durch die erwähnte Pantomime in Beziehung
340 2309 1752 2380 (obgleich sich der Mann gerade in den letzten Jabren oft das Leben ge¬
1771 2344 3167 2419 getreten war. Aber der Dichter hatte ihn als Musiker schätzen gelernt.
350 2365 1738 2427 nommen hat), der Pierrot, den in der Hofopernpremiere am 20. d. M.
1766 2396 3164 2464 Nicht nur als Pianisten, sondern auch als Symphoniker. Und Artur
337 2406 1743 2474 Herr Czadill spielen wird, er war ursprünglich dazu bestimmt,
1762 2446 3166 2509 Schnitzler kann auf sein Urteil in solchen Dingen einigermaßen ver¬
342 2467 1747 2526 Alexander Girardi vor eine neue große schauspielerische Aufgabe zu
1765 2496 3169 2573 trauen. Denn er ist Musiker durch und durch und verdankt diesem seinem
351 2508 1740 2574 stellen, wie er selbst sie sich gewünscht bat! Girardi freute sich darauf
1770 2546 2642 2633 Können die größten Freuden des Genießens.
348 2562 1740 2614 wie ein Anfänger, der die erste lobende Kritik schwarz auf weiß gedruckt
1880 2600 3168 2661 Durch das Urteil Schnitzlers ermutigt, glaubte nun Dohnany, das
352 2602 1748 2670 vor sich sieht. Er wollte jenen unglücklichen, verlassenen Pierrot spielen,
1775 2633 3163 2708 Weik leicht am Hosoperntheater placieren zu können. Verband ihn doch
357 2661 1726 2711 daß allen Leuten die Tränen aus den Augen rollen, daß es ihnen —
1769 2670 3177 2758 langjährige Freundschaft mit dem alten pianistischen Kollegen Felix von
357 2705 1750 2761 wenn der Tote fast durch zwei Akte als strafendes Gespenst die Bahnen
1767 2740 3172 2801 Weingartner. Allein — so liebenswärdig der verflossene Direktor unserer
345 2759 1750 2819 der flatterhaften, leichtsinnigen Pierrette kreuzt, kalt über den Rücken
1771 2786 3177 2849 Hofoper im amtlichen und außeramtlichen Verkehr mit Sängern und
356 2798 501 2879 läuft
1763 2835 3175 2894 Sängerinnen, und mit den vielen wirklichen und vermeintlichen Inter¬
471 2828 1761 2895 Doch es ist nichts draus geworden aus dem schönen Plane. Wie
1766 2890 3177 2948 essenten war, die auf solch einen armen Operndirektor einstürmen, so
357 2890 1759 2943 denn überhaupt der Großteil alles Schönen, Großen, Sensationellen,
1769 2931 3189 2995 charmant er Ja zu sagen wußte: Bei der Annahme von Werken kam das
366 2939 1756 3001 das in den Tbeaterkanzleien in Stunden einer besseren, zum Höheren
1776 2984 3177 3040 vielsagende Wörtchen nur schwer von seinen Lippen! Es dauerte näm¬
361 2993 1758 3043 strebenden Eingebung geplant wird, auf dem Papier eintrocknet und in
1773 3036 3182 3091 lich immer so lange, ehe sich der Direktor zum Klavier setzte, um die
353 3038 1749 3102 der Schreibtischlade vermodert. An welcher Stätte Girardi den beklagens¬
1775 3084 3179 3159 neuen Sachen, die ihm da zuströmten, durchzuspielen oder wenigstens
347 3083 1760 3137 werten Pierrot hätte spielen sollen? Im Theater an der Wien.
1771 3124 3178 3185 abzulesen. Man wird meinen, die Komponisten hätten es dem Direktor
360 3133 1761 3190 Denn der Direktor dieser Bühne, Wilhelm Karczag, ist sozusagen der
1777 3176 3175 3238 leichter machen können, indem sie ihm ihre eingereichten Opern oder
358 3178 1553 3249 Urheber, der Anreger der nächsten Hofopernpremière gewesen.
1779 3237 3181 3285 Ballette selbst vorspielen. Aber dazu gebören doch zwei, drei Stunden
478 3228 1756 3294 Es sind schon Jahre her. Damals fuhren Karczag und sein
1830 3270 3186 3346 vielleicht ein halber Tag. Und diese Zeit muß man doch bewilligt
355 3280 1755 3339 Kollege Wallner vor der Villa Schnitzlers im Döblinger Kottageviertel
1776 3316 3173 3380 erhalten. Und dann hatte Direktor Weinzariner für Komponisten —
356 3328 1755 3393 vor, umsihm eine neue Idee vorzutragen.„ Die Direktion des Theaters an
1779 3356 3179 3437 selbst für solche, die so ausgezeichnet spielen wie der Konzertlöwe Ernst
359 3377 1755 3452 der Wien wollte damals — es war in der Zeit vor Lehar, Fall und
1777 3410 3173 3470 v. Dohnany — eine stereotype Antwort, die nur darum nie beleidigte,
358 3421 1762 3484 Straus — etwas tun, was dringend nötig war, um das Interesse des
1779 3473 3177 3526 weil sie der Direktor so schelmenhaft, so unschuldig schmunzelnd von
360 3476 1756 3532 Publikums an der Operette wieder zu heben. Zunächst sollte das Genre
1787 3512 3187 3573 den Lippen zu bringen wußte. Herr v. Weingartner pflegte nämlich
358 3544 1759 3584 der Operette selbst wieder auf eine Höhe gebracht werden, die an ver¬
1791 3564 3181 3628 „vorspielen=wollenden Komponisten“ oder deren fürsprechenden Freunden
365 3569 1763 3635 gangene große Zeiten anknüpft. Und da stieg die Idee auf, einen
1786 3619 3174 3672 die Antwort zu geben: „Einige Leute, zu denen ich Vertrauen habe,
368 3612 1768 3686 Dichter wie Schnitzler der leichten Muse zu gewinnen — natürlich nur
1776 3669 3184 3723 sagen mir, ich könne leidlich Klavior spielen. Wenigstens hab' ich es
362 3667 1763 3733 vorübergehend, denn auf ein „dauerndes Verhältnis“ hätte sich der ernste
1789 3711 3129 3787 gelernt. Also — glauben Sie mir — ich brauch' keinen Vorspieler!“
367 3734 1771 3775 Mann gewiß nicht eingelassen. Direktor Karczag wollte zunächt für
1904 3757 3171 3817 So hätte sich die Sache vielleicht noch Jahre hingezogen, hätte sich
377 3770 1771 3826 Girardi einige neue, seine schauspielerische Kraft und Vielseitigkeit
1786 3797 3174 3862 der Komponist der Pantomime nach einer ergebnislosen Wiener Kon¬
376 3818 1758 3870 förmlich aufpeitschende Aufgaben gewinnen; denn er war und
1794 3853 3184 3918 ferenz, die er mit hiesigen Freunden gehalten, nicht entschlossen, nach
1481 3852 1761 3925 der Ansicht,
365 3862 1385 3929 ist — gleich vielen Kennern dieses Künstlers
1785 3901 3187 3956 Dresden zu Herrn v. Sthuch zu fahren. Er kam hin, spielte dem
370 3932 1766 3975 daß Girardi immer noch mehr kann, als man von ihm
1794 3948 3186 4021 Generalmusildirektor vor, und schon am nächsten Tage konnte Dohnanyi
360 3961 1770 4018 weiß und gesehen hat. Das alles trug der Direktor dem Dichter vor
1789 4002 3181 4062 seinen Wiener Freunden telegraphieren: „Schleier der Pierrette von der
439 4021 1777 4069 und Artur Schnitzler antwortete, er werde sich die Sache ernstlich
1782 4058 3185 4106 Dresdner königlichen Oper angenommen!“ Das war eine prompte
369 4067 1760 4126 überlegen. Und er kramte unter seinen alten Entwürfen und fand bald,
1792 4105 3184 4153 Erledigung! Nachdem das Werk von einer so geschätzten Bühne ange¬
379 4119 1767 4172 was er gesucht. Drei einaktige Werle Artur Schnitzlers sollten den
1796 4148 3184 4202 nommen war, öffneten sich ihm bald auch (die anderen großen Hof¬
385 4131 1783 4228 Rahmen eines Abends bilden, der wohl nicht ohne Einfluß auf die
1790 4183 3190 4255 theater, und Wien ließ nicht mehr lange auf sich warten. Das heißt:
387 4197 1768 4245 Gestaltung des Kunstlebens an den Wiener Vorstadtbühnen geblieben
