3392 4352
1948 199 2324 293 box 28/
210 201 1793 287 23. DerSchleiender-Pierrette
2620 585 2850 674 Nl. 59.
1779 645 2884 737 angesichte desn er don Maochen mit derben Zari¬
1780 723 2892 795 lichkeiten kommt, mit dem er die halb Wahnsinnige
1782 769 2885 866 schließlich im Zimmer einsperrt, bis sie in ausbrechen¬
1788 821 2834 904 dem Irrsinn tanzt und tanzt und — tot umfällt.
1879 880 2889 956 Eine neue Wahnsinnsform, eine neue Todes¬
1779 926 2884 999 #ursache, die in „Elektra's“ Ende recht deutlich er¬
1790 971 2888 1042 innern muß. Die Musik freilich tut es nicht. Wie
1778 1009 2885 1103 anders, um wieviel wirksamer hätte ein Richard
1787 1073 2884 1150 Strauß die Stimmung dieses Schlußeffektes erhascht,
1783 1112 2896 1203 die doch nichts anderes soll, als uns das Gruseln
1777 1161 2899 1252 lehren. Dazu bedarf es dieser hypersensitiven, ner¬
1773 1217 2903 1299 vösen, verfeinert=artistischen Musikmache. Das kann
1784 1269 2887 1348 Dohnänyi nicht. Ein angenehmes, an Schumann
1777 1329 2888 1399 und Brahms gebildetes Tulent, das in Kammer=, in
1779 1371 2881 1435 Klaviermusik und sinsonischen Versuchen — eine Or¬
1781 1418 2889 1503 chestersuite hörte man hier im vergangenen Jahre
1851 1475 2890 1524 mauch hübsche Probe abgelegt hat, aber noch
1775 1499 2888 1575 unberührt war von den gefährlicheren Einflüssen des
1773 1565 2886 1628 Theaters. Unselbständig, wie diese Begabung von
1780 1615 2888 1686 je gewesen ist, gab sie auch hier sich dem größeren
1778 1671 2883 1728 Vorbild ganz und gar gefangen. So wurde Wagner,
1769 1701 2893 1788 der große Zauberer, der Vater dieser Pantomime,
1766 1763 2896 1856 Pierrot, der tote Liebhaber, ein Wälsungensproß,
1772 1803 2880 1887 der schwarze Arlechino ein Vetter Hundings. Tüch¬
1771 1871 2887 1930 tige leitmotivische Arbeit und an Wagner geschulte
1765 1926 2884 1986 Instrumentation vervollständigen diesen Eindruck.
1767 1962 2885 2022 Merkwürdig stillos wird aber die Sache, wo das, Vor¬
1764 2012 2880 2068 bild nicht helfen konnte. Alt=Wiener Paare tanzen
1764 2056 2850 2130 im ersten Bild, vom Spinett begleitet, einen —
1763 2110 2879 2169 übrigens allerliebsten — französischen Salonwalzer.
1770 2159 2883 2230 Das Hochzeitsfest wieder poltert mit einem feschen
1768 2202 2887 2263 „Reißer“ schlimmster Sorte los, der sich an Trommel
1762 2263 2881 2328 und Blech nicht genug tun kann, denen gegenüber sich
1763 2301 2885 2373 die die=Ausführung schlecht genug mimende Bühnen¬
1772 2331 2882 2409 müsik, bestehend aus einem Spinett, einer Flote und
1768 2404 2881 2473 einem armseligen Geigerlein, überaus komisch aus¬
1764 2458 2888 2507 mimmt. Wenn mir in der Musik der Gruselszene noch
1770 2498 2872 2573 ältere Erinnerungen kamen, die bis auf St. Saens
1771 2551 2879 2620 „danse macabre“ zurückgehen, so erwähne ich das
1770 2604 2878 2667 nicht, um Reminiszenzen zu jagen, sondern nur um
1770 2656 2872 2708 zu zeigen, wie alt, um nicht zu sagen veraltet, die
1766 2699 2868 2763 Erfindung ist, die auf einen neuen Stimmungsge¬
1776 2741 2875 2804 halt mit neuer Musik hätte reagieren sollen. An¬
1768 2784 2884 2871 Iklänge dazu finden sich vielleicht in dem originellen,
1772 2840 2882 2922 gut erfundenen, ironischen Trauermarsch (1. Bild),
1772 2895 2877 2962 in dem unheimlich lustigen Zweivierteltakt (2. Bild),
1773 2942 2888 3020 während gerade die Gruselszene des Schlusses, im
585 2966 1014 3056 Ausschnitt aus:
1770 2989 2878 3060 Anfang unleidlich zerdehnt, im Schlusse nicht ge¬
1006 2988 1268 3107 Monte
1761 3044 2879 3104 nügend gesteigert, und zu plötzlich abgebrochen, die
1255 3014 1751 3169 Hevne, Wien
591 3047 1091 3155 vom: 25 9 1911
1757 3097 2871 3162 Wirkung des Ganzen gefährdet. Angenehm als In¬
1742 3116 2880 3196 Vtermezzo zwischen Toben und Grausen fällt ein an¬
1748 3179 2869 3262 mutiges Mennett auf, das Dohnanyi von dem wenig
1759 3244 2872 3303 geglückten Versuche moderner Dramatik zu den
999 3255 1470 3351 Hofoperntheater.
1761 3285 2877 3369 freundlicheren Anfängen seiner Kunst zurückweisen
1775 3333 1963 3410 möchte.
681 3317 1766 3388 Zum erstenmale: „Der Schleier der Pierette“
673 3360 1775 3448 Pantomime von Arthur EcuinterMusik von Ernst
1850 3359 2874 3452 Den toten und den tobenden Liebhaber mimten die
757 3423 1690 3477 von Dohnänyi. — Gastspiel Caruso.
1763 3435 2868 3501 Herren Czadill und Godlewsky recht wirksam,
763 3473 1753 3528 Drei= und vierfach erhöhte Preise. Fünfzigtausend
1771 3483 2871 3548 um Pierette war Fräulein Jamrich mit Eifer bemüht.
670 3519 1767 3582 Kronen füllen das Haus bis zum letzten Plätzchen.
1772 3530 2885 3610 Eine große Schauspielerin würde mehr daraus machen,
670 3569 1756 3619 Blitzender Schmuck, pompöse Toiletten, tadelloser Frack:
1773 3587 2872 3647 auf die Gefahr hin, daß das bißchen Tanzen, das nötig
663 3613 1762 3668 vielleicht unser reichstes, kaum unser musikverständigstes
1769 3627 2877 3701 ist, weniger kunstgerecht ausfiele. Auch die Inszenierung
664 3670 2876 3734 Publikum. Man muß dabei gewesen sein; man muß hätte nach eindringlicherer Wirkung zu streben, als die
672 3719 2468 3769 dabei gesehen worden sein; man muß wieder die Sen- bloß allzu große Dunkelheit ausübt.
669 3762 1785 3825 sation des größten Tenors der Welt erlebt haben. Aber
1850 3761 2892 3839 Aber sie weiß auch mit Bajazzo“ noch immer
669 3819 1766 3874 vorher fünjptertel Stunden Pantomime? Eine Panto¬
1752 3807 2865 3878 nichts anzufangen, der der erste gewaltige Einwand
668 3842 1759 3910 mime  gar ernst kommt? Mit einer Musik, die An¬
1764 3872 2866 3936 gegen Herrn Wymetals Regie gewesen ist. Nun sind
667 3905 1761 3979 sppüche macht? Nein, dafür hat man das viele Geld
1763 3916 2873 3985 fast alle seine Mätzchen gestrichen worden; geblieben ist
663 3950 1155 4029 Noch nicht ausgegeben!
1746 3963 2872 4020 nur die unmögliche szenische Einteilung, die den ganzen
775 4012 2864 4067 Es war ein Fehler, zwei Harlekiniaden hinter Schluß unsichtbar und unhörbar macht. Geblieben ist
674 4034 1762 4112 einander zu bringen. Es war ein schweres Unrecht,
1767 4061 2473 4135 leider Gottes auch Herr Wymetal.
675 4101 1772 4164 ein ernstes Werk dem Unterhaltungsbedürfnis einer
1844 4103 2858 4177 Aber wer kümmerte sich diesmal um die Regie!
670 4143 1775 4214 Jour=Gesellschaft vorzuwerfen. Es hätte mehr In¬
1761 4164 2857 4223 Wer um die Mitwirkenden, die wirklich in ihrer Höf¬
1634 4191 1738 4247 chart
1512 4196 1584 4259 K
