3344 4384
1137 135 1200 208 d
1978 141 2419 226 box 27/5
246 139 1825 255 23. Der Schle— pierrette
1119 378 2711 505 teresserede sig for den uhyggelige ]Kinder og udtryksiese Oine — det blodigt
1923 458 2712 521 spottende bar nu vist aldrig ligget for den
1124 461 1910 559 pantomimiske Fortalling — Udiryk¬
1918 505 2709 562 danske Bailet. og de Iierrer Figuranter folte
1120 520 1906 610 ket „more sig“ ter man umeppe bru¬
1901 548 2706 616 Isig omtrent saa fremmede i Johannes Poul¬
1920 596 2705 664 sens Selskab som lidt senere de vrede Skov¬
1122 585 1670 674 ge i denne Sammenhung.
1924 641 2715 721 gaster, der presenteres for Recensentens
1180 635 1920 721 Dohnanyis Musik er ikke meget
1917 695 2027 755 Dyr.
1119 692 1907 771 Voriginal, med starke Wagnerske Re¬
1992 722 2718 804 IIvad felte egentlig Publikum? De, der
1132 752 1920 850 miniscenser, men flot gjort, om end
1913 786 2716 859 havde ventet Ballet, vel noget lignende som
1125 826 1716 908 Jofte unddvendig larmende.
1906 837 2728 918 Figuranter og Born — de stod jo pludselig
1177 870 1906 965 Hans Beck var maaske en Kende
1919 884 2720 964 foran Duret i Johannes' Aabenbaring og
1923 938 2727 1008 blev antagellig svimle. De, som kom for
1135 935 1920 1004 for voldsom som Pjerrot, undgik ikke
1923 981 2730 1034 Kunstens Skyld, opdagede, at Fru Ellen
1128 991 1913 1073 altid Faren: at falde over i „Ballet¬
1938 1025 2729 1096 Price har en Fremtid ogsau udenfor Ballet¬
1127 1049 1917 1134 ten“ i Stedet for at blive i „Pantomi¬
1926 1077 2735 1137 ten, men at Hans Beck for lenge har veeret
1129 1112 1917 1184 men“; ien Billederne stod ellers skar¬
1927 1121 2730 1198 Livjegeren paa Amager. Jeg skal ikke for¬
1127 1179 1923 1241 pe nok. Udmarket var Hr. Johannes
1932 1176 2721 1252 ssge paa at drage en Skillelinje — Afte¬
1935 1220 2732 1289 nen endte jo paa Dyrehavsbakken, hvor en
1131 1228 1924 1296 Poulsen som den skinsyge Brudgom;
1142 1279 2737 1356 der var knivsikker Karakteristik i al Greve og en Grosserer galder lige med en
1133 1321 2736 1422 hans Plastik. Den, der bar Pantomi- Digter i Teltet. Her er blot nogle Navne:
1946 1360 2737 1437 Udenrigsminister Grev Ahlefeldt-Laurvig
1140 1398 1931 1479 men, var dog Fru Price de Plane.
1936 1419 2737 1492 med Frue, Konsejlsprasident Klaus Bernt¬
1148 1457 1926 1539 Navnlig i sidste Akt. Hendes nasten
1929 1466 2736 1546 sen med Husbestyrerinde Frk. Andersen,
1938 1522 2740 1589 Grosserer Hans Tegner, Digteren Aage Bar¬
1149 1523 1935 1596 sindssyge Tumlen om i Stuen, da hun
1148 1569 2742 1635 er alene med Pjerrots Lig — hendes foed, Komponisten Fini Henriques, Lehns¬
1141 1613 2741 1716 stundeslese Opblussen og Afslappel- greve Reventlow, Brahetrolleborg, Teaterdi¬
1142 1669 2742 1780 se — hendes fortvivlede Tillob til rekter Holger Rasmussen, Otto Benzon og
1936 1717 2745 1797 Frue, Forfatterinden (af talrige Bernebeger)
1143 1751 1938 1827 Dans — og Falden sammen. det for.
1931 1764 2746 1826 Frk. Emma Kraft, gamle Fru Louise Phi¬
1147 1814 2738 1884 maar kun en meget betydelig mimisk ster (paa sin Plads i ferste Rukke), Opera¬
1158 1856 2749 1949 Kunstnerinde at faa frem, som Fru sangerinde Frk. Astrid Elsted, Overretssagf.
1157 1914 2740 2014 Price fik det iaftes. Det formaar Ingworsen, Asfalt-Direkter Krarup, Profes¬
1156 1957 2738 2048 maaske endda kun den, der som hun sor Julius Paulsen, Fru Birthe Forchham¬
1943 2025 2755 2092 mer, Grosserer Rodian, Grev Eigil Knuth,
1158 2042 1943 2127 har kongeligt Geglerblod i Aarerne.
1940 2063 2752 2132 i Kavallerlogen Grev Brockenhuns-Schack,
1209 2095 1940 2184 Det samme kan siges om Hr. Jo¬
1931 2107 2752 2184 Admiral Bardenfleth, Kammerherre Krieger,
1157 2163 2736 2247 hannes Poulsen. Han er ogsna fodt professor Bloch og Oberst Herbst, Kammer.
1158 2216 2745 2282 mned den gyldne Geglerring om Tin- herre og Kammerherreinde Treschow, Bra¬
1954 2254 2750 2329 hesborg, Baron Wedell-Wedellsborg af Gar¬
1166 2276 1958 2363 dingerne, bliver sikkert aldrig drama¬
1158 2297 2754 2399 tisk Embedsmand. Man fornam det den, Grevinde Alice Danneskjold, Dr. Tor¬
1954 2352 2751 2433 ben Topsse, Dr. Eiler Nielsen, Boghandler
1170 2389 1959 2473 laftes ikke blot i Pantomimen, men
1955 2386 2758 2485 Ohr. Mlor med Frue, Kontorchef Frantz
1168 2453 1949 2533 ogsaa i den paafélgende gamle Vande¬
1956 2468 2174 2534 Dahl
2024 2489 2748 2561 Og vi er nu nanet midt ind i Vande¬
1164 2518 1961 2580 ville, hvor han spillede Dyrchavsbak¬
1969 2549 2754 2624 villen. Jeg vover atter at se op til den vor¬
1171 2560 1953 2643 ke-Artisten med herlig Slagfardighed
1963 2605 2754 2674 dende Majestet i Kongelogen. Prins Frede¬
1175 2635 1953 2710 og ubetinget illuderende. Fru Jonna
1963 2646 2760 2719 rik ler, Onkel Harald ler, Onkel Gustav ler,
1169 2685 1957 2772 Neiiendam (der ogsaa er „af Blo¬
1962 2699 2766 2783 der er almindelig Jubel over hele Teatret
1968 2741 2775 2812 — selv den lille Dreng ved Siden af hru#
1173 2743 1948 2825 det“) sang Madame Voltisubitos sto¬
1974 2793 2771 2870 Moresco morer sig, og min egen Nevd, det
1178 2798 1956 2887 re Arie „til Hest“ med Aplomb, og
1973 2843 2770 2914 lille Vrevl, som har bevaret sin Overlegen¬
1180 2862 1955 2926 d’Hrr. Poulsen og Mantzius sekunde¬
1186 2899 2779 2985 rede hende fortreffeligt i Ensemblet hed trods alt og ved Teppets Fald efter
1957 2935 2770 3026 Recensenten rejser sig med folgende Sporgs¬
1181 2983 1398 3068 bagefter.
1962 3007 2114 3073 maal:
2099 3020 2782 3112 Sig mig, Onkel Per, hvor gaur un
1239 3006 1963 3116 Ny Mand var nok Hr. Poul Han¬
1975 3097 2710 3179 de Klovner hen? Har de noget Hjem?
1174 3085 1964 3168 sen som Student Kejser. Den unge
2509 3137 2747 3201 Per Prud.
1195 3150 1981 3230 Sanger har saa behagelig en Tenor,
1187 3207 1971 3312 förer sig saa net og har saa upaakla¬
1985 3199 2780 3312 Det ny Teater: Potifars Hustru,
1184 3267 1963 3347 gelig en Replik, at det er saare for¬
2053 3283 2771 3375 en international Komedie i 4 Ak¬
1182 3322 1981 3401 Inuftigt at bruge ham til Vandeville¬
2053 3355 2526 3432 ter af Carl Gandrup.
1178 3387 1935 3475 Elsker. HIan var helt flink iaftes.
2023 3395 2777 3498 Det er meget uklogt af Hr. Lind¬
1961 3475 2776 3553 Istrom at give Teaterskattens Forkam.
1982 3533 2786 3616 pere et saa billigt Vaaben i Hande
1405 3546 1787 3628 1 Foyeren.
1996 3586 2777 3669 som Potifars Hustru. Paa et Tids¬
1256 3599 1982 3681 En lidt merkelig Menu, Pierrette og
1992 3648 2793 3738 punkt, hvor den dramatiske Kultur
1186 3659 1987 3716 Dpret eller Recensentens Sler, omtrent som
1189 3713 1979 3775 blodig Dyreryg med Ohampignoyragout og
1988 3707 2785 3780 er starkt truet, burde Direktererne
1204 3759 1992 3827 derefter Sedsuppe med Svedsker. De stod
2003 3773 2786 3850 verre de sidste til at stenke Teatrenes
1206 3814 1983 3870 ikke til hinanden de to Retter. Men der
1992 3827 2786 3894 Niveau, og Hr. Gandrups internatio¬
1202 3854 1992 3925 Ivar for Publikum alligevel noget dragende i
1189 3894 2786 3993 Iden Dobbelt-Metamorfose, som skulde fore- nale Komedie var et godt Stykke under
1201 3961 2247 4024 (gaa: Fru Ellen Price som Skuespillerinde, Lawmaalet.
1211 4012 1952 4067 Hr. Johannes Poulsen som Balletdanser-
2048 3991 2786 4091 Betegnelsen er ievrigt ganske mis
1208 4050 1916 4123 var det ikke en Lerdag Aften vard!
1997 4055 2819 4135 visende. Internationalt er Potifars
1289 4090 1987 4157 Tele Pogeren var virkelig mödt i For¬
2248 4107 2797 4166 Fra. Ronlikerne har raat
