3344 4320
513 122 1299 178 Kunst. Mit dem „Schleier der Pieret¬
500 153 1288 224 te“ ist unser berühmter Landsmann
500 200 1293 272 zum erstenmale als Bühnenkomponist
502 243 1295 314 vor die Oeffentlichkeit getreten. Er
505 283 1291 343 hat damit an der Dresdener Hofoper
497 331 1286 402 einen großen und verdienten Erfolg
499 378 1275 433 errungen. Als Symphoniker, Klavier¬
500 428 1286 491 und Kammermusik=Komponist besaß
497 464 1279 539 Dohnänyi schon vorher einen Weltruf.
489 511 1278 584 Das erfreulichste an seinen Werken ist,
488 553 1273 620 daß sich in ihnen sowohl in der Erfin¬
490 602 1276 665 dung, als auch in rhythmischer und har¬
498 649 1271 712 monischer Hinsicht eine selbständige
491 682 1036 747 Persönlichkeit ausspricht.
1064 697 1269 758 Schnitzler
490 731 1269 799 hat begreiflicherweise nichts dagegen,
484 783 1268 842 daß die Musiker an seine Werke heran¬
488 823 1272 880 treten. Zuerst kam Ladislaus Toldy,
1238 874 1276 903 77
492 861 1268 932 der aus Schnitzlers „Grünem Kakadn“
482 915 1268 965 ein Musikdrama gestaltete. Wahr¬
483 951 1265 1020 scheinlich ist die schwere Ausführbar¬
479 991 1266 1069 keit daran schuld, daß bis jetzt unsere
482 1048 1253 1111 Oper das Werk nicht zur Aufführung
479 1088 1267 1142 gebracht hat. Dann kam Oskar
482 1133 1258 1197 Strauß, der aus dem „Tapferen
472 1176 1267 1243 Cassian“ eine banale Operette kompo¬
483 1225 1268 1289 nirte. Jetzt komponirt der Frankfurter
484 1261 1259 1338 Opernkapellmeister Neumann aus
472 1308 1264 1380 der „Liebelei“ eine Oper, die in Dres¬
476 1351 1276 1429 den bereits zur Aufführung angenom¬
470 1399 730 1450 men wurde.
492 1427 1265 1513 Mit seinem fünfaktigen Drama „Der
472 1487 1272 1573 Schleier der Beatrice“ hatte. Schnitzler
478 1526 1259 1603 in Berlin wenig Erfolg, in Wien lehn¬
471 1575 1263 1647 te Schlenther das Stück rundweg ab.
475 1619 1264 1673 Aus dem Schauspiel wurde nun eine
477 1664 1255 1721 Pantomine. Die Handlung ist aus der
467 1705 1264 1768 Renaissancezeit in die Wiener Bieder¬
467 1759 1258 1816 meierzeit verlegt worden und die
459 1788 1251 1863 Hauptpersonen wurden in Pierrot,
465 1842 1257 1899 Picrette und Arlechino verwandelt.
457 1890 1258 1955 Zwei Akte des Originalwerkes wurden
461 1929 1264 2007 einfach amputirt. Die Handlung
467 1975 1022 2041 nimmt folgenden Verlauf:
490 2015 1250 2095 Von ihrer Hochzeit mit dem finste¬
462 2064 1251 2119 ren Arlechino flieht Pierette, ange¬
454 2109 1249 2179 than mit Schleier und Kranz zu ihrem
454 2161 1244 2216 geliebten Pierrot, mit dem sie ge¬
451 2196 1256 2267 meinsam sterben will, da das Leben sie
453 2238 1255 2316 trennen will. So feiern sie denn in
448 2297 1251 2352 einem letzten Beisammensein den Ab¬
453 2336 1254 2404 schied vom Leben. Ein Gifttrank soll
461 2376 1251 2429 sie gemeinsam auf den Weg bringen,
452 2419 1246 2487 von dem es keine Rückkehr gibt. Pier¬
447 2468 847 2524 rot geht mit dem
854 2474 1248 2532 „guten“ Beispiel
450 2503 1226 2571 voran, leert den Giftbecher und —
457 2544 877 2611 sinkt todt zu Boden.
876 2561 1240 2631 Pierette jedoch
441 2596 1242 2668 kann sich zu dem todtbringenden
448 2635 1246 2714 Trunk nicht entschließen und eilt, als
447 2682 1240 2743 sie den todten Pierrot sieht, schaudernd
447 2736 1240 2816 zum Feste zurück, wo sie vermißt wur¬
441 2775 1234 2844 de. Arlechino, der mißtrauische Bräu¬
434 2819 1237 2883 tigam, entdeckt alsbald, daß seine
439 2865 1239 2942 Braut ohne Schleier zurückgekehrt ist.
437 2904 1237 2981 Pierette aber wird von phantastischen
438 2950 1236 3022 Schreckbildern gepeitscht, und glaubt,
428 2995 1224 3057 überall den Schatten des todten Gelieb¬
430 3051 1223 3106 ten zu sehen. Sie verliert die Herr¬
439 3081 1225 3140 schaft über ihre Sinne und eilt, halb
428 3132 1223 3198 bewußtlos, dem Bilde ihrer Phantasie
425 3176 1221 3237 nach. Arlechino folgt ihr. Und nun be¬
426 3219 1223 3287 ginnt die grausamste, erschütterndste
429 3265 1218 3333 Szene der Pantomime. Arlechino fin¬
426 3301 1216 3376 det in Pierrots Wohnung den Schleier
423 3352 1204 3416 der Pierrette und den todten Pierrot.
417 3397 1215 3458 In Raserei beginnt er ein teuflisches
414 3432 1207 3493 Spiel. Er zwingt Pierrette daran
419 3489 1211 3553 theilzunehmen. Den Leichnam Pier¬
424 3527 1206 3590 rots setzt er aufrecht an den Tisch.
418 3568 1074 3633 trinkt ihm hohnlachend zu und
1075 3585 1206 3639 endet
426 3612 1199 3682 sein teuflisches Rachewerk damit, daß
423 3664 1205 3726 er Pierette mit dem todten Pierrot
415 3700 1208 3773 einschließt. Pierette wird wahnsinnig
419 3750 1210 3839 und bricht in einem Wahnsinnstanz
406 3788 650 3845 zusammen.
448 3839 1205 3903 Die Musik Dohnanyis kann als ge¬
399 3882 1198 3934 lungener Versuch, sich die Opernbühne
394 3918 1200 3997 zu erobern, betrachtet werden. Wenn
1299 133 2104 197 dritten Bilde nach, der Todtentanz der
1305 173 2111 235 Pierette ist im Verhältniß zur tragi¬
1311 208 2112 285 schen Situation zu harmlos ausgefal¬
1303 247 1416 306 len.
1339 282 2112 367 Der Aufführung der Pantomime
1307 338 2112 397 stellen sich Hindernisse entgegen, denen
1305 391 2111 456 unsere Oper nicht gewachsen ist. Bal¬
1303 424 2103 482 letmeister Guerra hatte sich in der
1296 470 2103 536 Rolle des Arlechino allerdings als
1292 521 2096 589 ausgezeichneter Mimiker entpuppt.
1297 557 2102 622 Pierot und Pierette waren aber leider
1294 592 2114 684 tief unter diesem Niveau. Und die
1296 643 2096 710 heutige Aufführung wird den Beweis
1291 688 2096 761 für unsere Ansicht bringen, daß es bes¬
1296 729 2090 787 ser ist, auf die Aufführung zu verzich¬
1287 780 2100 847 ten, als die Rolle der Pierette nicht
1286 816 2094 890 mit einer allerersten Mimikerin zu be¬
1285 865 2099 934 setzen. Das erfreulichste an der Auf¬
1297 907 2085 978 führung ist das Orchester unter Ka¬
1292 951 1945 1007 pellmeister Szikla's Leitung.
1325 1000 2092 1063 Das Werk hat eine Spieldauer von
1275 1030 2079 1106 anderthalb Stunden; nach der Panto¬
1286 1083 2086 1146 mime kommt Massenets „Navarraise¬
1276 1125 2121 1212 rin“ mit Frau Krammer in  der #
1271 1160 1977 1261 Titelrolle zur Aufführung.
2444 1919 2838 2022 Telephon 12.801.
1951 2012 2579 2161 „OBSERVER“
1712 2158 2820 2221 I. österr. behördl. konz. Unternehmen für Zeitungs-Ausschaltte
1858 2199 2708 2309 Wien, I., Concordiaplatz 4.
2049 2283 2503 2364 Vertrefungen
1717 2334 2810 2409 in Berlin, Budapest, Chicago, Christiania, Genf, Kopen¬
1728 2390 2817 2464 hagen, London, Madrid, Mailand, Minneapolis, New-Vork,
1754 2426 2764 2492 Paris, Rom, San Francisco, Stockholm, St. Petersburg.
2056 2467 2477 2528 (Quellenaagabe ohne. Gewühr).
2236 2483 2731 2572 ∆ Nap, Budapest
1713 2516 2088 2593 Ausschnitt aus:
1719 2626 1860 2679 vem:
2033 2625 2801 2758 — MAl 1910
1878 2746 2856 2875 SZINHAZ, MÖVESZET
2412 2852 2461 2916 —
2030 2843 2325 2930 Suhe
1863 2876 2863 2972 Gelndes Pierrette fätyola. Isten tudja, hogyan
1883 2959 2851 3030 Jutott eszébe a magyar Operänak Dohnänyi mü¬
1890 3016 2854 3085 vének elöadäsa? Hisz cz a mimodräma egy valö¬
1884 3060 2853 3117 gos zenemü, egy igazi komponistänak, söt egy is¬
1896 3121 2858 3186 tenadta nagy talentumnak gyönyörü munkäja! A
1890 3184 2848 3245 hatalmas lendületil, s mégis a legegyszerübh esz¬
1891 3230 2855 3289 közökkel dolgozó Dohnänyi az az ember, akinek
1885 3282 2853 3337 ki kellett mennie Magyarorszägböl, mert itt ze¬
1886 3337 2862 3408 nei egyeduralmat Mihalovics Odön gyakorolt.
1891 3389 2863 3451 Elment s most zsenialitäsa diesöségenck esak a
1887 3440 2855 3517 foszlsnyai jutnak a mi szämunkra. Erjük be vele.
1884 3492 2855 3570 A Pierrette elsö szinpadli müre Dohnänyinak, de
1879 3562 2862 3605 mär a szinpadi zene csaknem tökéletes müvészé¬
1883 3615 2862 3662 nek alkotäsa. Oszinte, becsületes, söt helyen¬
1881 3656 2850 3717 kent az egészen nagy muzsikusra vallöan banälis
1888 3711 2847 3766 % a muzsika. Semmi erölködes, semmi hafszo¬
1889 3759 2865 3832 läsa az ujdonsägnak ninesen benne. Kodälyék
1894 3804 2855 3880 szämära az a lesujtó tanulsäg foglaltatik benne,
1881 3871 2863 3935 hogy egy nagy ujmagvar zeneszerzö olyan zcnét
1902 3919 2585 3984 r, amely téngleg zenének hangzik.
2770 4089 3008 4163 ——
