3392 4384
1893 147 2352 218 box 28/1
588 166 682 234 6
174 161 1746 270 23. Der Schleiender Bierrette
473 761 2917 833 erhält ihren Geliebten und auch die Tante bekommt den ungetreuen dem Wasser. Sie schwimmen nicht, besitzen weder Boote noch
476 822 2869 872 Liebhaber von früher wieder. Was Dohnänyi an diesem Textbuch! Canoes, und selbst der Fischfang ist ihnen so gut wie unbekannt. Si¬
467 855 2905 928 gereizt hat, weiß man nicht. Jedenfalls zeigte es sich, daß auch er ernähren sich durch die Jagd, die sie mit Hilfe vergifteter Pfeile hé¬
512 903 1860 966 — ebensowenig wie vielleicht größere — nichts damit anzufangen treiben.
464 928 1688 998 gewußt hat. Hin und wieder ein netter Einfall, aber das ist alles.
466 987 1687 1033 Die Darstellung war rein konventionell, und sie vermochte auch
468 1016 1692 1075 schon darum nicht zu interessieren, weil die Rollen nicht gerade durch
476 1044 1697 1118 die besten Kräfte vertreten waren. Einzig Donna Simona selbst
466 1100 1683 1143 (Louise Marck) fiel durch ihren angenehmen Gesang auf.
457 1127 1687 1187 Mizzi Fink die wir als reizende Soubrette schon kennen, kam
468 1170 1689 1242 als Zofe nicht recht zur Geltung, und alles übrige war nur ziemlich
469 1197 727 1267 mittelmäßig.
540 1244 1688 1310 Ganz anders stand es mit der Pantomime. Gegen dieses
456 1283 1696 1347 Kunstgenre läßt sich manches geltend machen. Aber wenn sich ein
459 1309 1695 1384 Mann wie Arkur Schnitzler seiner annimmt, dann kommt doch auch
463 1361 1687 1419 dabei etwas Brauchbares heraus. Pierrette, so erfahren wir, be¬
462 1407 1695 1458 gibt sich just an dem Tage, an dem sie mit Arlechino Hochzeit feiert,
469 1439 1697 1496 zu ihrem geliebten Pierrot, um mit ihm zusammen zu sterben, da
461 1479 1688 1549 sie mit ihm zusammen nicht leben darf. In dem Augenblick aber,
459 1511 1686 1563 da sie das ködliche Gift nehmen soll, versagt ihre Kraft. Nur
469 1561 1693 1600 Pierrot vergiftet sich und sie stürzt von der Leiche entsetzt und ohne
465 1599 1692 1665 den Brautschleier, den sie in der Wohnung des Geliebten zurückläßt,
459 1632 1686 1696 in das Hochzeitshaus, wo inzwischen der Bräutigam voll Wut über
465 1664 1685 1737 ihr Verschwinden eine böse Szene verursacht hat. Vergeblich be¬
467 1707 1685 1756 müht sie sich, unbefangen zu erscheinen. Immer wieder steht ihr
465 1750 1677 1803 Pierrot vor den Augen, und sie muß schließlich Arlechino zu dem
465 1792 1686 1831 Schleier und damit zu dem Toten führen. Arlechino versucht an
467 1824 1691 1889 diesem gräßlichen Orte noch einmal, ihre Gunst zu erwerben. Da
457 1864 1690 1922 sie ihn zurückweist, flieht er und verschließt die Tür, so daß Pierrette
460 1907 1690 1964 mit der Leiche allein bleibt. Da sie keinen Ausgang findet über¬
464 1936 1682 2013 mannt sie Grauen und Schrecken, und sie wird wahnsinnig, um
466 1985 1515 2035 schließlich gleichfalls tot neben den Geliebten hinzusinken.
540 2007 1682 2071 Es ist erstaunlich, wie trefflich der Komponist die Vorgänge auf
457 2050 1690 2116 der Bühne durch seine Musik charakterisiert. Fast jedes Gefühl,
465 2106 1692 2159 jede Handlung findet im Orchester den adäquaten Ausdruck, das
464 2137 1685 2191 Leichte, Lustige ebenso wie das Finstere, Dämonische. Dohnänyi
459 2168 1689 2240 ist, vorläufig wenigstens, noch kein originaler Künstler, er stützt sich
466 2210 1687 2266 auf Wagner und auf die noch Neueren, wenngleich selbstverständlich
458 2246 1676 2306 an wissentliche Entlehnungen nicht zu denken ist. Aber er hat doch
460 2282 1685 2354 schon eine selbständige Art, die Motive zu verwerten und die Farben
464 2330 1682 2400 zu mischen. So hinterließ „Der Schleier der Pierrette“ einen tiefen
461 2362 664 2419 Eindruck.
539 2388 1678 2449 Die Aufführung der Pantomime war szenisch — wie alles,
463 2434 1690 2499 was man in dieser Beziehung im Deutschen Opernhause zu sehen be¬
465 2474 1677 2534 kommt — vorzüglich. Sie war auch darstellerisch ungemein an¬
466 2516 1687 2578 regend. Besonderes Lob verdient Elsa Galafrés als Pierrette.
472 2555 1684 2622 Sie vermochte in der Tat alles durch Gesten und Mienenspiel aus¬
454 2601 1678 2658 zudrücken; bei ihr am allerwenigsten vermißte man das gesprochene
465 2628 1686 2697 oder gesungene Wort. Der Höhepunkt ihrer Leistungen war der
456 2660 1683 2721 Wahnsinnstanz in der letzten Szene, der schlechthin ein Meisterwerk
458 2700 911 2756 genannt werden kann. —
936 2718 1686 2769 Während „Tante Simona“ von Rudolf
459 2739 1695 2820 Krasselt dirigiert wurde, leitete Ernst v. Dohnanyi die Pantomime
459 2784 591 2846 selbst.
530 2819 1676 2885 Die Universität Südafrikas, zu der Otto Beit und der ver¬
458 2850 1688 2929 storbene Julius Wernher ein Kapital von 10 Mill. M. ausgesetzt
459 2903 1692 2947 haben, erregt im südafrikanischen Parlament heftige politische Dis¬
467 2940 1685 3002 kussionen. Der Plan sieht die Errichtung der Universität in der
465 2979 1689 3042 Umgebung von Kapstadt vor, die Buren aber protestieren dagegen,
467 3021 1688 3076 daß die heranwachsende südafrikanische Jugend dem vorwiegend
465 3057 1695 3117 englischen Kulturzentrum von Kapstadt ausgeliefert und einseitiger
454 3095 1684 3140 englischer Beeinflussung ausgesetzt werde. Damit ist das Schicksal
457 3128 1681 3188 der Universität in Frage gestellt. Eine Sonderkommission wurde
461 3173 1576 3221 eingesetzt, die über die Stätte der Universität beschließen soll.
530 3207 1687 3273 Die aussterbenden Negritos. Eine Anzahl wissenschaftlicher
461 3239 1691 3317 amerikanischer Körperschaften hat dem Kongreß der Vereinigten
455 3291 1688 3351 Staaten eine Petition zugehen lassen, in der ein gesetzlicher Schutz
467 3330 1694 3398 für die Negritos auf den Philippinen gefordert wird. Denn
459 3370 1689 3426 die Beobachtungen der letzten Jahre lassen keinen Zweifel darüber,
459 3402 1694 3458 daß dieser merkwürdige Volksstamm, den man als die Urbevölkerung
463 3448 1675 3495 der Philippinen und des maleiischen Archipels ansieht, in kurzer
458 3481 1688 3549 Zeit unrettbar aussterben wird, wenn nicht staatliche Maßnahmen
456 3521 1689 3566 diesen Prozeß aufhalten. Man weiß, daß die Negritos in alten
456 3566 1683 3628 Zeiten nicht nur auf den Philippinen hausten, sondern auch auf der
459 3587 1686 3664 angrenzenden Halbinsel, und daß sie damals die einzigen Bewohner
453 3629 1692 3703 des Archipels waren. Heute ist ihre Zahl bereits auf etwa 25 000
457 3670 1684 3737 Köpfe gesunken, und selbst unter diesen erreicht die Zahl der rein¬
454 3716 1675 3769 rassigen, unvermengten Negritos, die ihre alte Lebensweise beibe¬
461 3752 1685 3811 halten haben, kaum noch 5000. Die echten philippinischen Negritos,
452 3790 1676 3850 die die Amerikaner zu einer Art „lebenden Museum“ machen
459 3826 1671 3879 wollten, zählen zu den Menschenrassen des niedrigsten Kultur¬
459 3866 1686 3931 niveaus. Sie bewohnen armselige nestartige Hütten, die auf Pfählen
458 3904 1682 3947 oder Bäumen untergebracht sind, und obgleich sie zu den Insel¬
452 3935 1692 4006 bewohnern zählen, zeigen sie eine seltsame abergläubische Furcht vor
