3392 4384
1929 168 2368 263 box 27/5
199 171 1772 293 23. Der Schleiender- Pierrette
1695 398 2503 497 Maske og Minespil. Han gik lige
1278 426 1632 518 Telophon lagol.
764 421 1072 521 Wenden!
1688 465 2487 534 ind i Balletpersonalet uden et Oje¬
1683 524 2485 597 blik at blive unaturlig. Han beve¬
1372 510 1641 593 ETNSG
844 529 1593 633 OBSEKTEK
1697 581 2498 663 gede eig og gestikulerede, som om
715 545 847 657 „5
806 641 1586 691 I. österr. benördl. konz. Unternehmen
1688 640 2486 713 han ikke var vant til at sige noget
731 678 1633 750 für Zeitungs-Ausschnitte und Bibliographien
1692 695 1993 766 paa Scenen.
791 737 1615 826 Wien, I. Concordiaplatz 4
1760 738 2491 811 Fru Price de Plane var en vid¬
1009 809 1402 878 Vertretungen
1696 785 2498 880 underlig Pierette, smuk og meo
738 839 1647 916 In Berlin, Budapest, Chicago, Christiania, Genk,
1711 874 2493 942 yndige Bevegelser. Scenerne mel¬
742 904 1644 960 Kopenhagen, London, Madrid, Mailand, Minne¬
1698 914 2494 998 lem hende og Pierrot, Nans
744 948 1648 1003 apolis, Now-York, Paris, Rom, Fan Francisco.
939 979 1453 1043 Stockholm, St. Petersburg.
1693 967 2499 1052 Beck, og mellem hende og Johan¬
951 1027 1449 1106 (Quellenangahe ohne Gewähr.)
1698 1052 2504 1119 nes Poulsen var saadan, at Ord
1704 1078 2502 1151 var overfledige. 1 det hele
729 1070 1480 1186 Ausschnitt aus; —724
1699 1151 2501 1214 taget er det vanskeligt at omgaas
606 1141 1591 1272 . l Mssn
1695 1202 2485 1278 Ord, naar der er Tale om en Pan¬
750 1225 928 1324 vom
1706 1239 2498 1333 tomime, Med hvilke Gloser skal
1091 1252 1385 1324 munssenresa
1352 1313 1392 1367 —
945 1318 1019 1376 —
1700 1307 2514 1397 man stemple dette udmarkede Spil,
1709 1374 2502 1444 paar man ikke er vant til at skrive!
1712 1414 2506 1499 om Biografteatre? Man feler sig
930 1422 1693 1556 Dei kgl. Teater
1713 1467 2500 1573 helt fremmed overfor det — men
1689 1540 2496 1607 Iglader sig alligevel over at have
948 1570 1665 1678 „Pierelles Sler“ — „Recensenlen og
1692 1597 2500 1666 gjort Bekendtskab med det stumme
1223 1644 1390 1715 Dyret“
1686 1646 2500 1719 Teater. Det er sergeligt for en
1696 1697 2494 1790 Ordets Kunstner at skulle prise
985 1738 1696 1833 Med en vis Skepsis begav man
1703 1752 2497 1857 den stumme Kunst — men det var
907 1810 1701 1886 sig i det kgl. Teater iaftes for at
1704 1827 1896 1890 Kunst!
917 1866 1698 1937 se Arthur Schnitzlers Pantomime
1767 1861 2496 1968 Det kgl. Teater ber vist leegge
905 1907 1697 1996 Piererrer Ster. IIVnd man vidste
1705 1940 2495 2019 sig efter moderne Pantomimer og
919 1983 1697 2045 Forvejen, var jo temmelig afskrek¬
1704 1987 2507 2081 lugge Bournonvilles Balletter paa
918 2037 1703 2115 kende. Handlingen havde man last,
1713 2054 1890 2125 Loftet.
909 2095 1709 2175 og den mindede om de Historier,
1777 2075 2518 2188 Efter „Pierettes Sler“ fulgte
916 2157 1699 2224 man leser paa Biografteatrenes
1707 2165 2242 2249 Recensenten og Dyret.
909 2198 1721 2290 Plakater. Og da man iaftes satte
1771 2208 2507 2283 Efter den morke Tragedie den
908 2250 1703 2344 sig ned og tog det kgl. Teater og
1704 2272 2498 2358 fuldkommen pjattede Vaudeville.
908 2321 1666 2398 leeste Teksten i Programmet -
1714 2331 2496 2418 I Guder, hvor er det muligt, at
919 2380 1697 2457 ogsna den mindede om Biograf¬
1716 2364 2516 2463 det er en forhenverende hejt agtet
913 2435 1093 2504 teater.
1718 2462 2497 2528 og anset Chef for det kgl. Teater
984 2476 1705 2560 Et smukt Publikum smykkede
1716 2506 2494 2584 og filosofisk Estetiker, der her
923 2547 1707 2620 Parkettet. Aftenens Begivenbed var
1713 2555 2505 2650 skrevet den vanvittige Komedie om
910 2598 1985 2692 Johannes Poulsen som Balletdan-en Lonpe?
913 2661 1713 2731 ser og stum Person. Nysgerrig¬
1765 2660 2510 2739 Recensenten og Dyret maa vire
921 2707 1549 2787 beden bavde fyldt Teatret.
1705 2708 2511 2805 Resultatet af et Vrddemaal. Hei¬
992 2795 2510 2865 Og Forestillingen var vist en berg man have veddet med Henrik
922 2834 2501 2922 Overraskelse for de fleste. „Pier- Hertz f. Eks. — Hertz har paa¬
927 2891 2511 2963 rettes Sler“ virkede starkt oglstaaet, at kun den virkelige Kunst
915 2930 1700 3005 gjorde uhyre Lykke. Selve Pan¬
1703 2944 2499 3047 Iblev staaende. Heiberg, der var
923 3003 2507 3101 tomimen er en Gennemsnits-Film.klogere, har paastaaet, at det
919 3050 2502 3142 Hr. Ole Olsen vilde maaske be- verste Vrevl kunde blive staaende,
918 3113 2512 3230 t#nke sig pan at kebe den — men! Og saa har Heiberg sat sig ned#
919 3162 1715 3241 som den blev spillet paa det kgl.
1718 3184 2506 3264 og udpenset alt det veerste Vaas,
927 3236 1709 3295 Teater med Ernst von Dohndyis
1715 3243 2505 3310 han kunde tenke sig, og ladet det
919 3284 1702 3344 Musik til, blev den til et Drama
1707 3310 2505 3367 Ispille af sine udmerkede Skuespil¬
923 3326 1334 3424 af stor Virkning.
1690 3350 2502 3425 Tlere paa det kgl. Teater, saa det
987 3402 2037 3469 Hvis der harde' veret rigtige fik Tradition.
927 3434 1725 3543 Ord til dette Stykke, barde det
1761 3439 2507 3538 Heiberg har vundet Veddeman¬
914 3506 2515 3598 erret undholdeligt at se pan. Nüllet, Recensenten ger Lykke endnu
924 3565 1706 3629 talte Musiken, og de optredendes
1725 3580 2118 3660 i Foraaret 1911.
925 3619 1716 3685 Minespil og Bevegelser var saa
1765 3634 2510 3713 Naa, det kgl. Teaters bedste
924 3683 1712 3747 udmerkede, at man hele Tiden
1714 3682 2506 3767 Skuespillere eser jo ogsaa deres
923 3732 2507 3797 havde, Fornemmelsen af, at der Talent ud over de vanvittige
918 3788 1159 3877 blev talt.
1711 3796 2501 3869 Repliker. Mantzius er uimodstanelig
1701 3859 2511 3933 Isom Trop, Olaf Poulsen selvfelgelig
1709 3913 2497 4000 vanvittig som Klatterup, og Johan¬
1353 3834 1552 4003 0
1698 3953 2513 4051 nes Poulsen — ja, han kunde skam
1703 4026 2501 4107 Togsna faa noget ud af Tryllekunst¬
1362 4029 1406 4110 2
1390 4015 1460 4127 2
1699 4082 2548 4187 neren Nonpareil. Frk. Zangenbero.
1716 4147 2500 4195 var nydelig som Semperfifa og
