3392 4384
262 171 430 250 23.
1988 162 2424 245 box 27/5
431 178 1833 262 Der Scheier der Terrette
1288 457 1561 519 Wenden!
1784 454 2158 541 Telephon 1280l.
1872 543 2171 624 7EI4
1636 551 1779 629 □L
1258 603 2111 680 „ODSENVER
1326 678 2107 729 I. österr. behördl. konz. Unternehmen
1248 720 2168 773 für Zeltungs-Ausschnitte und Bibliographlen
1306 764 2150 840 Wien, I. Concordiaplatz 4
1546 831 1905 908 Vertretungen
1278 892 2164 944 in Berlin, Budapest, Chicago, Christiania, Genk,
1261 936 2161 995 Kopenhagen, London, Madrid, Mailand, Minne¬
1269 973 2167 1041 apolis, New-York, Paris, Rom, Fan Francisco.
1469 1012 1973 1069 Stockholm, St. Petersburg.
1481 1067 1969 1131 (Quellenangahe ohue Gewähr.)
1254 1131 1997 1216 usschnltt   2 22
1259 1184 1673 1270 #. 3 78 /.
1238 1255 1427 1315 vom:
1729 1254 2202 1351 Wietedtoder
1468 1416 1900 1529 Teatrene.
1433 1579 1902 1650 Det kgl. Teater.
1276 1630 2080 1690 „Pierrettes Sler“. „Recensenten og Dyret“.
1341 1683 2074 1744 En for Det kgl. Tenter ret ustedvan¬
1278 1720 2082 1793 lig Kunstart, Pantomimen, holdt i Aftes
1282 1765 2074 1824 zit Indtog paa dets Sceue, og det var
1280 1802 2075 1867 Irthul chnitslers Remessance-Tragedie
1288 1856 2068 1903 Der Schleie  Beatrice“, som Forfat¬
1283 1883 2075 1937 teien selr har dramatiseret til det stum¬
1286 1931 2081 1982 me Spil, og den ogsaa her i Byen vel¬
1286 1963 2071 2014 kendte Pianist Ernst von Dohnonyi har
1286 1999 2081 2058 skrevet Musikken dertil. Handlingen i
1301 2043 2085 2105 „Pjerrettes Slor“ er i Korthed felgende:
1298 2087 2076 2141 Pjerrette elsker sin Pjerrot, men Forel¬
1286 2126 2074 2181 drene tringer hende til at egte Harlekin.
1294 2164 2075 2212 Forinden Brvlluppet vil hun dog endun
1291 2193 2083 2256 en Gang se Pjerrot og kommer til ham
1299 2243 2069 2294 i hans Stue. Hun har medbragt en Fla¬
1298 2272 2084 2343 ske Gift og foreslaar, at de skal do sam¬
1282 2310 2081 2381 men. De holder da et Festmaaltid sam¬
1283 2358 2101 2411 men, og Pjerrot heelder Giften i Glassenc, F
1287 2399 2102 2438 hvorefter han tommer sit, men da Pjer-!
1281 2438 2097 2480 rette tover, slaar han foragtelig Giften;
1282 2479 2097 2523 ud af Haanden paa hende og falder dod“
1291 2502 2089 2563 om. Forfeerdet iler hun hjem til Forl-
1280 2543 2083 2612 drene, hvor Bryllupsgesterne er forsam¬
1281 2581 2087 2653 lede, og hun deltager med forceret Ly¬
1291 2633 2073 2682 stighed i Dansen. Pjerrots Genfterd vi¬
1288 2648 2089 2724 ser sig stadig for hende, tilsidst med hen¬
1286 2713 2076 2763 des Sler, som hun havde glemt hos ham;
1279 2754 2085 2802 hun styrter til for at gribe det, langere
1284 2797 2080 2838 og lengere og lengere bort, stadig efter¬
1285 2823 2083 2873 fulgt af Harlekin. Sammen staar de 1
1286 2863 2075 2913 Pjerrots Stue, hvor Sloret lyser i Morket,
1280 2903 2077 2952 Harlekin indser nu, at Pjerrette ikke el¬
1282 2945 2074 2989 sker ham, og for at hievne sig lukker han
1278 2976 2079 3036 hende inde med Pjerrots Lig, hun bliver
1293 3022 2081 3066 vanvittig og styrter ded om ved sin Elske¬
1278 3041 2089 3117 des Fodder. Som man ser, er det en meget
1289 3096 2088 3154 tragisk Handling, og det er en seerdeles
1274 3137 2079 3203 Sennekelig Opgave for do agerende at ska¬
1289 3177 2088 3231 be den rette Stemning ved en mimisk
1287 3215 2084 3273 Fremstilling. Dette lykkedes nu i Af¬
1291 3256 2076 3299 tes over Forventning, navnlig fojede Frn
1297 3293 2079 3351 Priee de Plane som Pjerrette et smukt
1857 3334 2074 3383 Hr. Johs.
1285 3329 1860 3389 Blad til sin Seirskrans, og
1294 3373 2081 3436 Pousten gjorde ved sin Mimik Harlekin
1297 3409 2073 3458 til en bande folsom og mandig Eisker.
1284 3435 2082 3509 Hr. Becks Pjerrot var derimod holdt me¬
1285 3485 2064 3537 rei den traditionelle Balletstil, hvortil
1284 3526 2067 3563 Rollen ogsaa viesentligst indbod. Til det
1279 3560 2073 3617 smukke Resultat bidrog ogsan den i ho.
1282 3607 2062 3654 Grad illustrerende Musik, som var meget
1291 3631 2077 3695 original og serdeles farverig. Iscenesmt¬
1280 3680 2073 3737 telsen var — navnlig for de mange i 2.
1290 3729 2038 3772 Akt indlagte Danses Vedkommende —
1300 3764 2080 3812 vor geniale Balletmester fuldtud verdig.
1296 3789 2088 3857 Bifaldet var efter Teppets Fald meget
1291 3835 1448 3895 livlig.
1345 3874 2084 3933 Som en munter Efterret serveredes
1293 3904 2070 3959 Aetberos nopslidelige Vandeville „Recen¬
1287 3955 2076 4016 senten og Dyret“, hvori kun Hr. Poul
1281 3992 2067 4045 MHansen som en nydelig Elsker, og Hr.
1289 4029 2070 4088 Jchs. Poulsen som en fortrinlig „Non¬
1285 4064 2073 4116 pareil“ varnve. Selvfolgelig var det dog
1289 4115 2070 4166 d' Hrr. Maf Pouisen og Manfzius, der var
1277 4148 1969 4191 de kosteligste Anforere for Lojerne.
