3392 4352
1984 163 2426 260 box 28/1
261 143 1855 253 23. Der Schleien der Pierrette
292 1313 3350 1373 malt hat. Er ist nicht mehr komisch oder tragi= ohne den Umweg der Rede, dem Auge des Zu=] Paare auftaucht und in seiner Hand auch den gab
3226 1340 3343 1424 Fril
2256 1357 3242 1418 Brautschleier hält, der Pierrette im Zimmer
1285 1365 2256 1425 schauers sich unmittelbar verständlich zu machen
282 1372 1275 1429 komisch, sondern eine mit Figuren Edgar Poes
3228 1415 3336 1467 reiz
2256 1410 3238 1475 Pierrots unter den Umarmungen ihres Ge¬
1272 1412 2254 1474 suchen. Pierrot ist niemand anderer als der
287 1416 1288 1476 oder Barbey d'Aurevillys verwandte tragische
3235 1441 3351 1523 Art
2252 1445 3245 1522 liebten herabgeglitten und zu Boden gefallen
1273 1458 2259 1521 Dichter Philippo Loschi, Arlecchino der Herzog
294 1470 1280 1530 Figur geworden. So kennt man ihn aus den
2248 1491 3245 1572 war. Pierrette muß über Geheiß Arlecchinos
3214 1506 3277 1572 1
1272 1516 2254 1582 Lionardo Bentivoglio, Beatrice hat das Kleid
289 1516 1289 1580 Gedichten Verlaines und aus den Zeichnungen
2256 1557 3238 1618 den Schleier holen gehen, und wird, da sie sich
3223 1554 3330 1618 erst
1278 1564 2264 1632 Pierrettens angezogen, und das Bologna des
293 1565 1279 1622 Willettes, und diesen Pierrot mit der modernen
2263 1588 3230 1664 sträubt, von Arlecchino in das Zimmer gezerrt,
1273 1609 2267 1674 sechzehnten Jahrhunderts, das mit seinen
285 1608 1285 1687 hysterischen Seele besingt sogar das neue fran¬
2247 1637 3236 1724 in dem der tote Pierrot neben dem Schleier
1280 1654 2269 1719 Gassen und Mauern, mit dem Dom S. Petronio
289 1667 1278 1732 zösische Chanson, wenn es zur Unterhaltung der
2248 1692 3245 1769 auf dem Boden ausgestreckt liegt. Hier
3236 1694 3346 1776 Tra
1268 1706 2265 1774 und den schiefen Türmen Garisonda und
294 1721 1283 1802 Hörer Pierrot auf dem Sterbebett schildert:
2254 1750 3239 1820 muß Pierrette mit der Leiche ihres Geliebten
3227 1760 3345 1820 erst
1271 1760 2257 1832 Asinelli der Schauplatz des „Schleiers der
534 1770 949 1855 „Le corpe et l’esprit
2251 1797 3244 1880 allein bleiben. In der Geängsteten bricht der
1269 1797 2255 1868 Beatrice“ ist, hat sich in das Altwien der
3227 1800 3340 1873 sche
528 1820 849 1880 En capilotade,
2252 1854 3238 1914 Wahnsinn aus, und von Wahnsinn gepeitscht,
1274 1861 2248 1920 Biedermeier=Zeit verwandelt. Aus den Fenstern
3229 1845 3343 1925 zwe
518 1842 918 1925 Gravement malade
2250 1902 3240 1968 beginnt sie zu tanzen, immer schneller, immer
1273 1907 2255 1968 des Zimmers, worin Pierrot des Besuches der
3233 1887 3348 1964 60
521 1905 933 1970 Pierrot tient le lit;
521 1942 951 2022 Et dans sa demenre
2244 1934 3237 2016 atemloser, bis sie zum Schluß neben Pierrots
3226 1949 3346 2021 Do
1288 1956 2251 2022 Pierrette harrt, blickt man auf die Kirchtürme
524 1997 909 2058 Colombine pleure
2243 1996 3232 2063 Leiche tot zusammenfällt. Die Schnitzlersche
1286 2003 2253 2068 und Basteien Wiens, kurz, man ist im ange¬
523 2041 893 2106 Lamentablement
2252 2043 3234 2099 Pantomime, die wie die „Liebelei“ begann,
1286 2036 2267 2116 stammten Dichterbezirk Arthur Schnitzlers zu
3231 2061 3345 2133 Ta
525 2087 952 2155 Et prie hümblement
2257 2079 3235 2156 schließt wie die Hofmannsthalsche „Elektra“
1276 2088 2262 2161 Hause und weit weg von jenem Bologna, das
526 2131 949 2185 Dien d’être clément
2260 2144 3231 2202 und steigert die Wirkung des wildentfesselten
1284 2155 2254 2215 von Cesare Borgia belagert, eine letzte Nacht
518 2177 961 2257 Pour que son amant
2260 2195 3237 2263 Tanzes allerdings noch durch die abstoßende
1280 2177 2266 2286 der Wollust durchrast, in der Todesgedanken
517 2220 862 2298 Ne meure
2252 2246 3245 2306 Anwesenheit einer Leiche auf der Bühne. Ein
1273 2248 1847 2331 den Liebesgenuß erhitzen.
3228 2245 3344 2322 tier
325 2264 1287 2360 Dieser moderne Pierrot ist auch der Held der
2258 2276 3235 2352 sonderbarer und doch so ganz moderner
3236 2309 3337 2368 geh
1319 2283 2263 2382 In dieses Altwiener Zimmer Pierrots
298 2326 1291 2405 Schnitzlerschen Dichtung, und wie wenig lustig
2251 2345 3232 2420 Pas de deux zwischen einer tollen Pierrette
1278 2339 2259 2433 stürmt jetzt, mit dem Myrtenkranz und
295 2389 1281 2453 es in dem Pierrotstück zugeht, kann man daraus
2260 2395 2834 2466 und einem toten Pierrot!
3228 2377 3347 2472 wie
1284 2405 2261 2481 dem wallenden Schleier der Braut ge¬
290 2445 1283 2505 ersehen, daß der Mann mit dem bleichen Antlitz
2290 2426 3233 2520 Für diese mit Leichengift gebeizten Stim¬
3240 2456 3339 2518 Pa
1286 2455 2260 2526 schmückt, Pierrette hinein, um vereint
288 2487 1285 2547 im ersten Akt sich vergiftet, im zweiten als
2251 2483 3233 2572 mungen der Pantomime ist Ernst von
3230 2489 3344 2570 int
1275 2511 2257 2577 mit ihrem Geliebten Pierrot den Gifttrank zu
292 2536 1282 2596 Gespenst wiederkehrt und im dritten als Leiche
2251 2537 3240 2613 Dohnanyi nicht eigentlich der richtige Mann
1276 2545 2254 2617 leeren. Lichter werden angezündet und Blumen¬
289 2589 1286 2657 mitspielt. Pierrette wird aln Schluß des dritten
2262 2599 3240 2675 gewesen. Seine Begabung ist zu liebens¬
1281 2605 2263 2669 vasen auf den Tisch gestellt, um das letzte Mahl
301 2637 1283 2702 Aktes gar wahnsinnig und das Pierrotstück
2253 2649 3238 2722 würdig, sein Sinn fürs Graziöse zu sehr
1277 2655 2262 2716 festlich zu begehen, allein in der entscheidenden
291 2676 1277 2744 endet mit einem gemimten Duett zwischen
2250 2702 3235 2760 ausgeprägt, als daß er echte Töne für das
3224 2703 3318 2767 Kon
1279 2710 2257 2772 Minute entsinkt Pierrette der Mut, zu sterben,
298 2738 1284 2813 einem Kadaver und einer Wahnsinnigen, gewiß
2262 2746 3236 2819 Düstere und Unheimliche des Textes hätte
1276 2736 2262 2818 und ihre zitternde Hand vermag das Glas nicht
299 2786 1284 2839 einem effektvollen und an die Nerven greifen¬
2261 2798 3238 2862 aufbringen können. Zwar weiß er als ge¬
1279 2808 2261 2873 vom Tisch zu heben, während Pierrot das seine
294 2825 1287 2886 den Schluß, aber, Hand aufs Herz, wer wäre
2253 2831 3239 2911 bildeter Musiker, wie man das Blech
3235 2854 3335 2913 Di
1285 2857 2255 2914 leert und sterbend zusammenbricht. Entsetzt
293 2864 1286 2954 dem Dichter Anatols nicht dankbarer gewesen,
2250 2893 3236 2962 wagnerisch wettern läßt, wie man tragische
1276 2897 2262 2968 eilt Pierrette in ihr Elternhaus zurück, wo sich
304 2939 1286 2999 wenn er statt dieses krassen Effektes dem
3096 2931 3248 3015 man
2428 2940 3119 3027 orchestral aufbläst, wie
2263 2935 2452 3011 Motion
1280 2947 2254 3027 die Hochzeitsgäste zu Walzer und Menuett¬
312 2983 1294 3051 Pierrotspiel wieder seine alte, graziös zwischen
3007 2989 3241 3062 blutroter
2251 2990 2434 3068 Musik
2454 2994 2593 3062 mit
2570 2993 2967 3069 grauer oder
2122 2997 2263 3059 Ihr
1924 2997 2109 3069 haben.
1280 3002 1900 3065 tänzen zusammengefunden
307 3027 1282 3102 Lustigkeit und Wehmut schwankende Stim¬
2253 3046 3242 3111 Farbe anstreicht, und seine technische
1278 3034 2264 3122 heimliches Verschwinden war jedoch nicht
297 3080 785 3163 mung gegeben hätte?
2262 3084 3239 3159 Sicherheit zeigt die Art, wie er die Schluß¬
1280 3095 2273 3159 unbemerkt geblieben, und Bräutigam Arlecchino
1791 3142 1847 3187 ir
2262 3124 3240 3221 szene des zweiten Aktes oder die Wahnsinns¬
338 3151 2264 3209 Kennern der Werke Arthur Schnitzlers wird verlangt entrüstet Aufklärung über ihr Ver¬
2252 3180 3245 3263 szene des dritten Aktes — einen rhythmisch
1277 3196 2267 3264 weilen. Schon gelingt es ihr, den Tobenden zu
304 3189 1294 3265 der Inhalt der Pantomime nicht fremd sein.
2251 3243 3236 3295 und harmonisch kunstvoll verschrobenen Para¬
1287 3247 2269 3312 beschwichtigen; schon gibt sie sich, an Arlecchino
311 3239 1292 3311 Gleicht er doch im wesentlichen dem Gang der
2266 3287 3237 3347 noiawalzer — aufbaut. Allein nicht diese
1277 3290 2263 3356 angeschmiegt, dem wirbelnden Tanz hin, als
306 3293 1299 3370 Handlung im Schnitzlerschen Schauspiel „Der
301 3324 3276 3423 Schleier der Beatrice“ dessen drei letzte Akte. plötzlich Pierrots Geist inmitten der tanzenden! Stellen der Partitur sind es, die die Bo¬
