3392 4352
1952 170 2404 264 box 28/1
234 177 1795 272 23. Der Schleiender- Pierreite
2280 439 2767 505 „. 47r2, Scr v.
479 501 2847 593 hauer (3l. Lez.), der Schrager des Migebägennesterde berglich eingeladen, Giste witlonmen, Das Konzert besorat
490 554 1366 604 Hoß, Kleiner (6. Bez.), Klaus (9.
1390 560 1534 613 Bez.)
1643 550 2466 624 die Kapelle der städtischen Straßenbahner.
473 577 1641 643 Reininger (16 Bez.). Es ist wahrscheinlich, daß bei den
1736 587 2802 671 (Vorromäus=Bräu — dunkles Bier.) Nach Münchner Arl
488 633 1650 680 nächsten Gemeinderatswahlen die deutschnationale Gruppe
1643 648 2786 707 erzeugt das Brauhaus der Stadt Wien dunkles Bier. Man ver¬
2775 662 2867 733 D
489 668 1634 730 den offiziellen Kandidaten des Bürgerklubs in allen Be¬
1637 691 2798 767 lange in allen Gasthäusern dieses malzhältige nahrhafte Bräu.
478 700 1502 774 girken Gegenkandidaten entgegen stellen wird.
1755 735 2785 795 (Trauriger Ausgang eines Scherzes.) In der optischen
2793 758 2866 826 6
1637 772 2794 850 Fabrik in der Sonnleithnergasse spielten gestern mehrere Lehr¬
1639 819 2796 866 jungen, indem sie zum Scherze rangen. Der Lehrling Ludwig
2782 813 2858 882 #
544 769 1605 908 Eine Bluttat in Favoriten.
2671 859 2720 887 7
1636 862 2790 903 Strnad hielt eine dreikantige spitze Feile dem 17jäh¬
2778 872 2864 948 *
1635 896 2786 946 rigen Mechanikerlehrling Gustav Fischer, Gudrunstraße 138
567 898 1627 960 Im Hause Eugengasse 52 in Favoriten hat gestern
1633 932 2792 999 wohnhaft, entgegen, als sich dieser auf ihn stürzte. Die Feile
482 956 1639 1026 mittags der 25jährige Hilfsarbeiter Rudolf Koröler
1638 981 2794 1030 bohrte sich dem Unglücklichen in die linke Brustseite und blieb
482 1011 1639 1082 zwei Kinder, die seinem Verhältnis mit der mit ihm in
2766 991 2856 1087 D
1634 1020 2782 1074 in der Gegend des Herzens stecken. Fischer brach gleich zu¬
484 1063 1635 1108 gemeinsamem Haushalt lebenden Marie Kwas¬
1643 1056 2796 1135 sammen. Er wurde in sterbendem Zustande ins Kaiser Franz
1635 1097 2068 1169 Josef=Spital gebracht.
482 1107 1636 1157 nitschka entsprungen waren, durch Revolverschüsse zu
473 1158 1639 1203 töten versucht und sich sodann erschossen. Die Kinder sind
1873 1133 2538 1277 Letzte Nachrichten.
481 1197 1635 1277 schwer verletzt. Er hat die Tat angeblich infolge eines
481 1253 1331 1332 Streites mit seiner Geliebten begangen.
1908 1251 2533 1358 Die Teuerungskrawalle.
1719 1330 2788 1432 In später Abendstunde wurde uns gestern noch ge¬
1640 1383 1822 1469 meldet:
533 1310 1577 1488 Revolutionäre Bewegung
1716 1431 2419 1511 In Ottakring ist alles ruhig.
794 1447 1328 1562 in Spanien.
1712 1485 2793 1553 In Favoriten und im 15. Bezirk haben unreife
650 1527 1457 1626 Verhängung des Ausnahmszustandes.
1641 1527 2806 1614 Jungen kl.: e Krawalle verursacht, doch flüchteten sie,
1631 1601 2784 1648 rasch beim Nahen der Sicherheitswache. In der Meisel¬
545 1608 1624 1688 Außerordentlich ernste Nachrichten kommen aus
1634 1646 2791 1730 straße schlugen zwei Schuhmachergehilfen einem Greisler
463 1647 1623 1739 Spanien. Im ganzen Lande macht sich eine revolu¬
1633 1698 2781 1762 die Fenster ein, sie „demonstrierten“ jedoch lediglich da¬
469 1718 1626 1789 tionäre Bewegung geltend, die sich gegen die
1631 1740 2779 1816 gegen, weil ihnen der Greisler nichts mehr kreditieren
472 1763 1625 1816 Teuerung und hauptsächlich gegen die Marokko¬
1628 1798 1802 1868 wollte.
474 1804 1625 1874 Politik der Regierung richtet: Spanien hat nach
1718 1837 2775 1916 Aus dem Stephaniespital wird mitgeteilt, daß Hoff¬
469 1848 1629 1916 Marokko, wo es in Wirklichkeit fast gar nichts zu ver.
1634 1898 2767 1966 nung besteht, die schwerverletzten Arbeiter Joachims¬
472 1915 1629 1986 lieren hat, 70.000 Mann Militär entsendet, was für
1625 1947 2554 2022 thaler und Afrat am Leben zu erhalten.
464 1967 1630 2034 das Land natürlich eine große Belastung bedeutet. In¬
460 2013 1631 2087 folge der revolutionären Bewegung sind die Verfassungs¬
466 2070 1620 2141 garantien aufgehoben worden; über ganz Spanien
1793 2047 2607 2165 Theaker und Kunst.
471 2114 1602 2185 wurde der Ausnahmszustand verhängt.
1872 2117 2511 2225 Carusos erstes Austreten.
552 2169 1624 2243 Aus Madrid traf hierüber gestern folgendes
452 2194 844 2280 Telegramm ein:
1923 2202 2456 2287 Eine neue Tanzdichtung.
577 2250 1617 2325 Ein königliches Dekret hebt die Verfassungs¬
1716 2261 2773 2328 Enrico Caruso, der König aller Tenore, hat gestern!
460 2288 1608 2366 garantien für ganz Spanien bis auf weiteres auf.
1615 2312 2766 2375 ein Wiedersehen mit seinen Wiener Enthusiasten gefeiert.
565 2353 1611 2413 Der Allgemeine Arbeitsverband hat für ganz Spanien
1613 2349 2764 2399 Trotz vierfach erhöhter Preise war die Oper seit Tagen aus¬
445 2384 1611 2452 den Generalstreik beschlossen. Der Tag der Arbeitsein¬
1610 2403 2770 2458 verkauft. Tausende Besteller von Billets mußten abgewiesen!
449 2427 1612 2494 stellung wird in einem späteren Zeitpunkte bestimmt werden.
1617 2432 2762 2477 werden. Hunderte von Menschen, welche sich mit einem
558 2477 1615 2515 In Cullera ermordeten Revolutionäre
1624 2472 2772 2523 Stebplatz begnügen wollten, hatten sich schon in der Mittags¬
445 2493 1611 2564 den Richter und Gerichtsboten und verwundeten
1612 2505 2769 2556 stunde vor den Eingängen des Hoftheaters angesammelt. Als
457 2538 1606 2620 mehrere Gerichtsbeumte schwer. Der Gerichtsschreiber ist seinen
1617 2545 2762 2612 die Kassen geöffnet wurden, begann ein beängstigender
451 2576 914 2647 Verwundungen erlegen.
1604 2576 2766 2646 Kampf um die Eintrittskarten. In wenigen Minuten waren
573 2617 1609 2688 In Balencia haben die Truppen zwei Barri¬
1608 2631 2762 2682 alle Billets ausgegeben und wiederum mußten ungezählte
450 2639 864 2726 kaden genommen.
1604 2663 2760 2710 Leute enttäuscht abziehen. Sie werden wohl versuchen, für
553 2685 1605 2761 In Alcira und Carcagente wurde die
1610 2700 2759 2777 das nächste Auftreten Carusos ein Plätzchen rechtzeitig zu
1603 2735 1833 2805 erwischen.
449 2720 1601 2796 Kommune erklärt; in Aleirg wurden mehrere
448 2760 1608 2845 Häuser und Nonnenklöster niedergebrannt,
1707 2759 2773 2830 Auch vor der Oper hatten sich viele Hunderte ange¬
451 2811 1599 2880 Brücken gesprengt, Verbindungen unterbrochen, viele
1616 2803 2770 2868 sammelt, die den beängstigenden Kampf um die Kassen sich
452 2857 1597 2916 Häuser geplündert, Polizei= und andere Beamte gefan¬
1607 2853 2758 2902 neugierig ansahen. Vor dem Operngebäude entwickelte sich
2260 2898 2310 2932 11
1300 2888 1600 2951 Teteleng. #und.
1598 2897 2764 2959 ein schwunghafter Handel mit Eintrittskarten. Große Gruppen
536 2913 1608 2988 „Parblen!“ rief die Verschleierte. „Und wenn dies
1609 2939 2745 2990 umstanden die einzelnen Agioteure und es wurde buchstäblich
1605 2970 2759 3041 bei jedem Billet eine regelrechte Anktion veranstaltet. Es
1607 3014 2462 3055 wurden die abenteuerlichsten Preise gezahlt.
2483 3018 2759 3078 So eczielten
1610 3047 2573 3120 Stehplätze auf der vierten Galerie
2557 3050 2755 3118 — die
1598 3088 2700 3154 billigsten Karten, die an der Kasse 3 Kronen kosteten -
1601 3113 2105 3179 häufig 30 Kronen,
2095 3133 2206 3183 in
2197 3125 2754 3200 einem Falle sogar
1595 3173 2751 3239 150 Kronen. Und dabei ist noch zu berücksichtigen, daß
1595 3203 2743 3261 diejenigen, die zu so später Stunde sich eine solche Eintritts¬
1604 3244 2740 3304 karte kauften, selbstverständlich nicht die geringste Aussicht
1602 3284 2519 3350 hatten, von der Bühne irgend eiwas zu sehen.
2520 3287 2751 3354 Für Sitze
1587 3333 2756 3396 wurde ohne Widerrede bezahlt, was nur verlangt wurde;
1597 3360 2749 3438 Preise von 100 und 150 Kronen für einen
1596 3396 2407 3462 Sitz waren keine Seltenheit.
1688 3419 2745 3502 Kurz vor ½8 Uhr, dem Beginn der Vorstellung, nahm
1580 3464 2737 3535 das lebhafte Treiben vor der Oper plötzlich ein Ende: Jeder¬
1589 3506 2796 3589 mann hatte sich beeilt, rechtzeitig seinen Platz einzunehmen.ig
1685 3558 2752 3615 Nach Schluß der Vorstellung hatte sich beim „Bühnen¬
1597 3582 2753 3640 tür!“ eine vielhundertköpfige Menge angesammelt, welche die
1599 3637 2739 3698 einzelnen Künstler stürmisch begrüßte. Als letzter kam kurz der
1600 3673 2739 3737 11 Uhr Caruso. Es fiel auf, daß bis zu seinem
1591 3704 2742 3768 Automobil ein starker Polizeikordon den
1591 3756 2736 3812 Weg für den Künstler frei hielt, — ein am
1591 3784 2736 3842 Bühnentürl höchst ungewohnter Aublick. Trotz aller Hochrufe
1594 3828 2754 3900 und Begrüßungen trachtete Caruso eiligst in sein Automobil!
1587 3878 2758 3927 zu kommen, dem erst Sicherheitswache den Weg freimachen“
1583 3904 2307 3969 mußte, und fuhr dann in sein Hotel.
1680 3937 2734 4019 Ueber den Caruso=Abend in der Hofoper selbst berichtes
1581 3984 2005 4059 unser Musikreferent:
2749 3235 2818 3312 3
2887 4098 2964 4166 Aue
