3436 4384
1923 159 2360 247 box 28/1
192 189 1763 275 23. Der Schleiender- Pierrette
1680 840 1973 927 1. Belblatt
1398 895 2224 982 Redaktion und Expedition: Berlin SW 68
1011 872 1250 1002 ng
1153 1052 2310 1121 Im Zeichen der Befreiung stehen die Frühlingstage, die uns
1088 1111 2300 1182 jetzt beschieden sind. Die Erde hat die Bande des Winters ab¬
1096 1148 2298 1210 geworfen, und das deutsche Volk begeht freudig die hundertjährige
1091 1191 2297 1243 Wiederkehr jener Tage, an denen das Werk der Befreiung vom
1077 1228 2305 1299 Joch des Eroberers begonnen und glücklich fortgeführt wurde. Man
1086 1266 2294 1318 mag sich in diesem Zusammenhang eines guten Geistes erinnern,
1081 1311 2302 1358 auch eines Befreiers, der die Sorgen und die Kümmernisse des
1086 1343 2302 1403 Alltaglebens freundlich zu bannen weiß: des deutschen Humors. Er
1081 1384 2297 1444 hat in den „Meggendorfer=Blättern“ die von altersher
1090 1424 2296 1483 zu den Lieblingsblättern der deutschen Fomilie gehören, eine Stätte
1087 1457 2305 1531 gefunden, wo er sein lustiges Amt ausüben kann; wer sich die
1099 1506 2296 1558 „Meggendorfer=Blätter“ verschafft, wird immer den Spuren seines
1096 1541 2294 1595 Wesens begegnen. Das Quartalsabonnement kostet ohne Porto nur
1090 1575 2300 1638 Mk. 3.— und kann bei allen Buchhandlungen, allen Postanstalten
1082 1619 2301 1676 und eventuell auch direkt beim Verlag in Eßlingen a. N. bestellt
1088 1667 1263 1721 werden.
1167 1683 2303 1760 Die Freiwillige Sanitätskolonne vom Roten Kreuz, Berlin,
1098 1742 2293 1799 begeht am 12. April ihr 25jähriges Stiftungsfest. Der Militär¬
1107 1792 2299 1842 inspektor der freiwilligen Krankenpflege und Vertreter fast aller
1094 1820 2294 1880 Organisationen vom Roten Krenz haben ihr Erscheinen zugesagt.
1095 1878 2310 1916 Hochherzige Freunde und Gönner des Roten Kreuzes haben aus
1091 1897 2301 1947 Anlaß des Jubiläums dem Vorsitzenden Sanitätsrat Dr. Schultze¬
1090 1948 2317 1994 Berlin namhafte Beträge zu einem Fonds für die um das Ge¬
1088 1977 2112 2024 meinwohl Berlins hochverdiente Kolonne überwiesen.
1309 2066 2054 2185 Polizei und Bericht
1325 2170 2050 2247 Das Urteil im Prozeß Stallmann
1291 2228 2304 2285 Spielerprozeß Stallmann und Gen. wurde
1174 2225 1297 2295 Im
1085 2265 2307 2324 Donnerstag nachmittag das Urteil verkündet. Es werden
1089 2322 2306 2370 verurteilt Stallmann wegen Betruges zu einem
1100 2360 2310 2416 Jahre Gefängnis unter Anrechnung von neun
1093 2402 2309 2463 Monaten der Untersuchungshaft, sowie drei Jahren Ehr¬
1096 2459 2312 2508 verlust. Kramer wegen versuchter Erpressung
1096 2488 2307 2550 zu drei Jahren Gefängnis, fünf Jahren Ehr¬
1085 2526 2301 2587 verlust, unter Anrechnung von drei Monaten der erlittenen
1089 2576 2314 2642 Untersuchungshaft. Der Angeklagte Niemela wird frei¬
1095 2632 1446 2702 gesprochen.
1166 2686 2312 2723 Zu lebenslänglichem Zuchthaus verurteilt. Der Tagelöhner
1095 2715 2309 2759 Kuhberg, der am 28. November vorigen Jahres den Gefängnis¬
1093 2752 2309 2813 aufseher Schick im Landgerichtsgefängnis zu Mannheim überfallen
1089 2806 2307 2860 und mit einem Hammer zu Boden geschlagen hatte, wurde Mittwoch
1098 2841 2310 2883 vom Mannheimer Schwurgericht zu lebenslänglichem
1099 2875 2326 2927 Zuchthaus verurteilt. Außerdem erhielt Kuhberg wegen Ein¬
1088 2912 2325 2967 bruchdiebstahls im Krankenhause zu Sandhofen drei Jahre Zuchthaus. —
1169 2954 2328 3016 Todesurteil gegen einen Gattenmörder. Das Schwurgericht in
1089 2997 2328 3059 Göttingen sprach den Polizeibeamten Romahn der wegen
1103 3042 2385 3098 vorsätzlicher Tötung seiner Frau angeklagt war, des Mordes —
1105 3075 1876 3136 schuldig und verurteilte ihn zum Tode.
1236 3158 2169 3267 Kunst und Wissenschaft
1463 3258 1922 3331 Deutsches Opernhaus
1160 3297 2331 3369 Mittwoch zum ersten Male: „Tante Simona“ Spielopen
1090 3360 2295 3409 in einem Akt von Viktor Heindel, Musik von E. v. Dohnanyi
1092 3403 2325 3455 und „Der Schleier der Pierrette“ Pantomime in drei
1100 3434 2218 3495 Bildern von Artur Schnitzler, Musik von E. v. Dohnänyi.
1166 3468 2306 3534 Die beiden Novitäten rühren von demselben Komponisten her.
1092 3507 2336 3560 Wer es nicht auf dem Theaterzettel lesen würde, der würde es kaum
1107 3550 2307 3604 glauben, so verschiedenartig ist ihr Charatter, auch der rein musi¬
1096 3576 2328 3648 kalische. „Tante Simona“ ist ein allzu harmloses Lustspiel aus längsts'
1112 3622 2353 3686 vergangener Zeit. Diese alte Jungfer, die, weil sie selbst einmal ∆
1100 3678 2343 3719 Unglück in der Liebe gehabt hat, ihre schöne Nichte ängstlich von der „
1109 3702 2300 3756 Berührung mit Männern fernhält, ist ein uraltes Inventarstück,
1107 3737 2300 3788 Und schon, nachdem die Herrschaften auf der Bühne drei Worte ge¬
1104 3773 2316 3842 sprochen haben, weiß man, wie die Sache ausgehen wird: die Nichte
1107 3875 2322 3928 Schicksal seinen Lauf nehmen! Da fiel ihr Blick auf den Brief,
1104 3925 2302 3988 der angefangen auf dem Schreibtisch lag. Sie ließ die Hände
1109 3961 2311 4028 von den Ohren sinken und wollte ihn ergreifen. Plötzlich
1105 3999 2316 4061 aber kam ihr ein Gedanke, und sie warf rasch einen Blick nach
1095 4059 1294 4116 hov
2810 4057 3016 4142 S —
