3344 4384
190 171 397 276 23
293 865 377 1026 *
401 195 1785 263 Der Schlefender-PierreL
1207 742 1473 852 gon 12.801.
673 786 1268 1010 SSENVER
371 970 1463 1077 1. österr. beh. konz. Unternehmen für Zeitungs¬
595 1036 1269 1120 Ausschnitte und Bibliographie.
565 1084 1324 1191 Wien, I., Conoordiaplatz 4.
796 1166 1112 1238 Vertretungen
395 1193 1495 1289 in Berlin, Brüssel, Budapest, Chicago, Cleveland, Christlania,
401 1245 1493 1327 Genf, Kopenhagen, London, Madrid, Mailand, Minneapolls,
385 1287 1503 1371 New-Vork, Paris, Rom, San Francisco, Stockholm, St. Peters¬
802 1342 1112 1399 burg, Toronto.
744 1381 1150 1441 (Quellenangabe oine Gewühr.)
393 1455 1479 1527 Ausschnitt aus ( Mndedaten
1468 1499 1559 1568 35
411 1582 755 1677 Vem
806 1518 999 1668 27
1091 1581 1618 1701 Uate d## #
552 1684 1356 1779 Det kgl. Tneater.
484 1783 1444 1853 „Pierrettes Sler“. — „Fjernt fra Danmark“.
549 1860 1440 1910 Som Afdansningsbal for Sommeren havde
487 1903 1423 1961 Jallettens Pen ionsfond i Aftes sin Aarsfore¬
480 1940 1421 2021 stilling. Nu maa det veere Alvor med Efier¬
476 1980 1428 2052 aaret. Privattheatrene taeller i den Henseende
479 2044 1421 2103 ikke rigtig med, de kan falde paa at begynde i
483 2077 1423 2149 Hundedagene. Men naar de elektriske Fakler
474 2136 1418 2210 teendes over Holbergs Hus, samles vi atter paa
484 2184 860 2246 de vante Pladser.
549 2215 1431 2292 Endun Aftes kneb det lidt med Samlin¬
472 2287 1422 2330 gen. Der var kun halvt Hus, og deraf en Del
478 2323 1427 2383 der talte ned fremmede Tunger. J Foyeren
477 2367 1427 2431 var Professor Emil Poulsens desverre ikke
479 2410 1419 2470 meget karakterfulde Buste stillet op. Ellers var
473 2459 1423 2530 alt ved det gamle. Rundt i Gangene lugtede
466 2505 1425 2574 der nyvadsket. Men de to Balletter var uden
474 2553 1069 2616 alt Praeg af Hovedrengoring.
591 2583 1425 2680 Virkeligheden trenger „Fjernt fra Dan¬
467 2662 1415 2706 mark“ til en grundig Oppudsning. Baade
467 2684 1424 2756 Trope=Dekorationen og Krstumeballets Indfat¬
464 2736 1423 2798 ning virker sveert falmet. Dansene er munire
465 2779 1421 2843 nok, som neesten alt, hvad vor udmarkede Bal¬
468 2850 1418 2895 letmester har at gore ned. Det er en Ballet,
474 2878 1428 2943 suld af naio og fortryllende Stemning. Men
466 2930 1420 2988 som den nu er indrammet, kreever den vor vil¬
470 2983 1415 3033 lige hjemlige Modtagelighed. Udseendingene saa
466 3026 1421 3083 uforstagende ud. Vi andre klappede af Fru
458 3063 1417 3134 Legners sydlandske Skonhed, Hr. Becks spaustige
465 3117 1422 3181 Mandighed og de to nydelige Kadetses. Fru
466 3169 1221 3228 Lanesgaard=Jensen og Irk. Ditlevsen.
547 3203 1392 3270 I „Pierrettes Sier“ har Fru Price de
456 3272 1428 3341 Planes Pierreite vundet i fantasifuldt Liv. El¬
471 3337 1446 3415 ters sovner Forestillingen unagtelig — Hr. Jo¬
466 3381 1414 3446 hannes Pouisen ene undtaget — den unge og
455 3436 1410 3510 smertelige Poesiens Skelven, der skal sitre fol¬
463 3484 1405 3540 somt gennem de raffinerede, neesten perverse Si¬
456 3537 1404 3603 tuationer, saadan som Valsens Sodme synger
465 3568 1409 3649 gennem Musiken. Det vil sige, som Valsen
465 3615 1404 3697 skulde synge. Thi ogsaa den klinger noget mi¬
460 3665 1063 3730 kanisk i Orkestrets Gengivelse.
535 3721 1412 3800 Men det var meget pynteligt. Og i Dag
452 3748 1406 3839 begynder altsaa den rigtige Seson, hvor vor
467 3814 1414 3888 udmeerkede Ballet forhaabentlig faar fortrinlige
467 3855 1029 3940 og ansporende nye Opgaver.
1155 3902 1347 3974 Chr. G.
1942 161 2396 263 box 27/5
2912 454 3092 558 —
2428 485 2784 724 WEK
2288 704 2976 773 M. Unternehmen für Zeitungs¬
2195 737 2772 841 hnitte und Bibliographie.
2083 803 2844 907 Wien, I., Conoordiaplatzt4.
2283 885 2618 951 Vertretungen
1877 913 2991 1007 in Berlin, Brüssel, Budapest, Chicago, Cleveland, Ch-istiania,
1886 976 2981 1027 Genf, Kopenhagen, London, Madrid, Mailand, Minnsapolls,
1892 1011 2992 1093 New-Vork, Paris, Rom, San Francisco, Stockholm, St. Peters¬
2283 1056 2596 1110 burg, Toronto.
2239 1096 2647 1156 (Quellenangabe ohne Gewühr.)
1883 1140 2711 1258 Ausschnitt aus: J 7e4se#.—
2287 1243 2429 1322 2
1901 1293 2268 1383 Te
2419 1272 3051 1409 Dn dge.
2100 1440 2604 1525 Det kgl. Teater
2175 1505 2560 1569 „Pierrettes Slor“
2079 1546 2650 1622 og „Fjernt fra Danmark“.
2019 1601 2756 1662 1 Torsdags aabnede Teutret atter sine
1951 1661 2754 1702 Porte til Fordel for Ballettens Pensions¬
1962 1695 2760 1757 fond. „Pierrettes Sler“ og „Fjernt fra
1957 1736 2765 1801 Danmark“ havde samlet godt, omend ikke
1966 1780 2755 1820 fuldt Hus, og den moderne Pantomime
1967 1815 2767 1877 og den gamle, men dog evigunge Ballet
1961 1859 2633 1916 kappedes om Publikums Hyldest.
2014 1900 2771 1973 Den egentlige Sieson begyndte dog
1949 1928 2754 1995 „erst i Aftes med det nyindstuderede
2412 1981 2756 2040 Drachmanns be¬
1966 1981 2416 2038 „Der var engang —
1954 2018 2764 2083 kendte -ventyrkomedie, der allerede har
1956 2070 2771 2126 over 200 Opferelser bag sig, er jo mere
1962 2106 2753 2158 en Rukke smukke Illustrationer til Dig¬
1964 2150 2772 2201 tets Poesi end et egentligt Skuespil. Men
1963 2189 2766 2254 da Poesien deri — skont meppe san ledig
1965 2244 2758 2285 som i mange andre Digte fra samme
1961 2266 2769 2314 Haand — baade er rig og varm, har den
1958 2305 2767 2369 altid haft en stor Stjerne hos Publikum.
1964 2350 2767 2417 Hertil har selvfelgelig Lange-Mül¬
1957 2386 2779 2450 1ers Musik, der er noget af det bedste, F
1960 2438 2760 2493 denne Komponist har ydet, viesentlig bi¬
1962 2472 2764 2534 draget. Den smukke Serenade og Mid¬
1959 2530 2766 2591 sommersangen har sierlig medvirket til,
1957 2558 2385 2615 at „Der var engang
2457 2558 2767 2614 har fanet Ka¬
1954 2596 2766 2659 rakter af et nationalt folkeligt Skuespil,
1965 2634 2763 2697 som paa festlig Vis forener alle de 3
1952 2678 2767 2747 Kunstarter, vor ferste Scene dyrker, i sig.
1959 2728 2769 2776 Den ny Indstudering havde navnlig In¬
1962 2770 2770 2829 teresse ved Nybesattelsen af Prinsen og
1960 2805 2765 2879 Prinsessens Roller. Hr. Johannes
1960 2841 2767 2906 Poulsen havde en svier Arv at lefte
1955 2892 2772 2956 efter sin Fader, men han leste Opgaven
1961 2926 2769 2988 nned megen Hieder. Ungdom, Spienstig¬
1960 2963 2774 3026 hed, Kraft og forst og fremmest hans
1963 3005 2763 3055 store Dannelse kom ham paa bedste Man¬
1967 3049 2761 3105 de til Hjelp til at skabe et naturtro Bil¬
1960 3088 2768 3139 lede af den vandrende Prins, hans Man¬
1962 3137 2765 3186 dighed var maaske paa enkelte Steder
1953 3170 2770 3234 lidt sterre end en Fantasiprins som den
1962 3213 2784 3290 Drachmannske kunde taale, men navnlig)
1963 3253 2754 3306 ide sidste Akter rev han Publikum med,
1973 3290 2766 3356 og han lennedes med stierkt og fortjent
1963 3339 2755 3397 Bifald. Frk. Ingeborg Larsen
1968 3383 2763 3444 saa godt ud som Prinsessen, og havdle
1960 3427 2754 3473 sikkert arbejdet meget med Rollen. Men
1966 3465 2752 3510 hendes Organ var altfor kebenharnsk og
1956 3496 2734 3555 Lespende, tilat hun rigtig kunde illudere,
1955 3546 2751 3587 saa at hendes Fremstilling paa ingen Maa¬
1964 3586 2762 3660 de kunde nan op 1 Nerheden af hendes
1956 3615 2749 3691 beremte Forgiengerindes. Hr. Jorn¬
1966 3661 2763 3740 Nielsen sang Serenaden nalmindelig
1954 3713 2732 3766 nydeligt, og IIr. Heeberg bordeen
1953 3750 2688 3811 sink Sukees mied Midsommervisen.
2135 3868 2593 3937 Dagmarteatret.
2180 3932 2545 3994 „Syysoverdag“
2009 3970 2745 4048 Det gamle Festspil, hvormed Dagmar¬
1955 3996 2746 4074 #teatrets unge Direktion havde valgt at
1958 4058 2744 4122 indlede den uy ra, harde ikke for¬
1965 4119 2748 4163 mnauet at fride Teatret, og skont Iscene¬
1968 4151 2752 4198 Stestteisen vidnede om megen Sans for den
