3392 4352
276 121 1846 209 23. Der Schleide Bierrete
1261 1345 1619 1448 Fesesden Mee.
698 1476 1332 1575 „ODSERTER
471 1523 1602 1639 f. Ssturv. bebördl. konz. Unternehmen für Zeltunge-Ansselnitte
667 1597 1434 1694 Wien, I., Conoordiaplats 4.
884 1658 1211 1744 Vertrotungen
465 1707 1593 1807 in Bertia, Basel, Budapert, Chlcago, Clevelund, Chrtsdha ##
606 1751 1601 1845 Kopenhagen, London, Madrid, Malland, Minneapolts.
472 1767 1589 1894 Now-Vork, Paris, Rom, San Francisco, Stockholm, 5. Pete#¬
878 1835 1193 1901 burg, Toronto.
783 1860 1258 1948 (ünelenasseb. — 1
464 1914 848 2011 Ausochaftt aus:
1256 1957 1300 2041 *
621 2018 885 2115 11
455 2045 596 2104 vom:
872 2047 1574 2168 NIER ABENDPOST
854 2078 899 2170 *
585 2188 1599 2292 Als Festvorstellung kamen Donnerstag im Neuen Theater
534 2223 1602 2333 in Prag „Der Schleier der Pierrette“ Pantomine
1162 2269 1604 2343 von Dohnanni, und
855 2300 1120 2356 Musik von
538 2321 725 2372 von Sch
555 2316 1596 2420 S Geheimnis“, Intermezzo in einem
551 2361 1597 2457 Akte nach dem Französischen von Golisciani Musik von
547 2387 1607 2478 Wolf=Ferrari, zur ersten Aufführung. Dohnanyis Pantomime
555 2439 1598 2530 ist ein Drama der Eisersucht das in drei lose aneinander¬
553 2473 1613 2584 gesügten Bildern vorüberzieht und Schnitzlers Schauspiel
563 2525 1610 2618 „Der Schleier der Beatrice“ das Motiv des verräterischen
553 2551 1607 2669 Schleiers entnimmt, sonst aber die Hanhlung aus Bologne
562 2577 1614 2698 nach Alt=Wien und aus der Renaissance in die Biedermeier¬
558 2635 1616 2723 zeit versetzt und die Hauptpersonen dieses Schauspieles, den
559 2661 1621 2775 Herzog, Beatrice Nordi und den Dichter Loschi zu den
565 2722 1618 2802 blutleeren Helden der Pantomime Arlechino, Pierrette und
567 2759 1622 2843 Pierrot, schematisiert. Das eigenartige Werk fand im Verluse
573 2803 1612 2889 des Abends ein wachsendes Verstänbnis bei dem festlich ge¬
571 2834 1625 2931 stimmten Publikum, das anfänglich dem ungewöhnlichen
578 2873 1635 2972 Sujet etwas befremdet gegenüberstand, dann aber den starken
582 2922 1634 3010 Wirkungen der Nooität sich nicht verschließen konnte. In
575 2966 1640 3054 weit durchsichtigeren Formen präsentiert sich die zweite
578 3014 1421 3093 Opernneuheit des Abends, die gleichfalls gesiel.
2029 116 2237 202 DOX
2608 1152 2951 1239 Telephon 12.801.
2703 1234 2753 1301 1
2058 1304 2702 1389 „ODSERTER
1833 1373 2955 1441 1. Usterr. hehördl. konz. Unternehmen für Zeitunge-Ausschaltte
2036 1433 2783 1512 Wien, I., Conoordlaplatz 4.
2237 1488 2570 1561 Vertretungen
1847 1530 2967 1598 In Berlin, Basel, Budapest, Chicago, Cleveland, Christianin,
1850 1590 2972 1633 Oenf, Kopenhagen, London, Madrid, Malland, Minnespolls,
1844 1628 2967 1696 New-Vork, Paris, Rom, San Francisco, Stockholm, St. Peters¬
2253 1669 2565 1720 burg, Toronto.
2157 1699 2631 1766 (Quelienangabe ohne Dewähr).
1840 1755 2906 1848 Ausschnittlaueiner Börsen Oourier, Berde
2016 1834 2730 1922 3 8 1010 Morgenausgabe
1849 1898 2053 2003 vom
2121 2024 2749 2112 Vor den Kulissen.
1967 2072 3021 2159 Alus Prag schreibt uns unser Korrespondent vom
1911 2142 3019 2191 19. d. M.: Nachdem die Spielzeit seit dem 1. Augustle
1917 2173 2969 2239 wieder in vollem Gange war und neben den Reprisen
1917 2207 2991 2269 aus dem lezten Winter auch Novitäten leichteren!
1916 2254 2982 2309 Genres gebracht hatte. wurde gestern aus Anlaß des
1927 2306 2981 2358 Geburtstags des Kaise## die eigentliche Saison mit#
1909 2337 2979 2393 zwei bemerkenswerten musikalischen Werken eingeleitet.
2526 2382 2972 2451 Pantomime „Der
1916 2388 2633 2485 Das erste, Schul##ere#e
2679 2413 2966 2477 Musik von
1926 2427 2217 2493 Schleier
2018 2471 2973 2527 von Dohnänyi, #urde, nachdem das
2251 2492 2979 2570 erst abwartend verhalten hatte,
1918 2503 2158 2565 Publikum
1918 2539 2972 2610 mit lautem Beifall ausgenommen. Das zweite war
2666 2589 2968 2643 Susannens
2344 2593 2613 2648 Intermezzo
1923 2602 2281 2653 Wolf=Ferran
1921 2624 2977 2698 Geheimnis“. Auch hier ist Eifersucht das treibende
1919 2680 2989 2732 Motiv der Handlung. Aber schon das Vorspiel läßt#
1922 2719 2982 2766 erkennen, daß es sich im Gegensatz zu der herben
1931 2756 2991 2805 Tragik von Schnitzlers Sujet um eine harmlos=heitere
1932 2790 2979 2849 Begebenheit handelt. Leicht, anmutig und graziös wie
1918 2836 2982 2886 die Handlung und ihr ganzer Rahmen ist auch die
1929 2883 2989 2933 Musik, die fließend im Stil ist, Geist und Geschmack
1915 2925 2981 2983 atmet und mit ihren Feinheiten im Rhythmik und
1918 2956 2985 3018 Melodik den geistvollen Musiker kennzeichnet. Das
1928 3005 2986 3055 Orchester führte unter Ottenheimers leicht be¬
1929 3035 2978 3103 schwingter Leitung die anmutige Kauserie vortrefflich!
1930 3066 2992 3143 durch und Frl. von Catopol und Herr Kanti
1929 3126 2994 3188 trafen sehr glücklich in Wort und Sang den anspruchs=K
1928 3175 2986 3227 losen Ton der kleinen Komödie, die sich nohl längers
1926 3212 2982 3270 auf dem Spielplan halten wird, als das vorausge¬
2738 3251 2976 3320 N. M.
1918 3253 2394 3328 gangene düstere Spiel.
