3344 4320
707 107 795 189 S
2008 104 2418 201 box 28/1
287 112 1849 232 23. Der Shleiender- Bierrette
671 953 2090 1046 durch ein Hindernis aufgehalten. Wahrend | 4#.
1830 1082 2967 1144 Und wenn Frau Alice Coonen, die Pierrette, mehr wäre
972 1087 1513 1185 Tairoff=Theater.
1827 1123 2962 1190 als die reizvolle, zur Begabung entschlossene Frau, die sie
1836 1179 2957 1238 ist, nämlich eine Persönlichkeit, wäre der Abend unter einem
871 1169 1611 1253 „Der Schleier der Pierrette.“
1835 1231 2788 1300 ganz besonders freundlichen Sowjetstern gestanden.
737 1244 1821 1320 Das ist eine, hier schon gespielte, zart dramatische Pan¬
1919 1274 2954 1346 Tairoffs Pantomimen=Bühne ist sehr schlicht. Ihre
666 1312 1821 1356 tomime von Schnitzler, mit Musik von Dohnanyi.
1829 1335 2954 1392 Pointe sind die lotrecht gespannten Stricke, entleibte Säulen,
676 1343 1811 1399 Pierrot, die bekannte Figur aus Mondschein, Reismehl und
1822 1388 2957 1453 die den Raum ungemein luftig gliedern. Dem Szenenbild
674 1391 1812 1459 etwas himbeerfarbenem Herzblut, liebt Pierrette, weil sie aus
1835 1438 2956 1496 geben diese Stricke zwar bißchen das Aussehen eines „verreg¬
672 1449 1809 1503 den gleichen Substanzen ist. Doch können sie einander nicht
1826 1489 2961 1530 neten“ Films, aber sie geben auch die Illusion gespannier
673 1486 1810 1556 gehören, denn Pierrette ist Arlechinos Braut. „Was sollen
1833 1532 2960 1586 Saiten, durch die die Pantomime harft. Mit Licht=Stimmungen
672 1539 1817 1602 wir tun?“ mimt sie, „wir haben kein Geld“. Ich muß in der
1829 1583 2960 1654 wird gespart. Selbst Pierrots Geist entlockt dem Scheinwerfer
677 1587 1816 1656 Partitur nachlesen, wie Dohnanyi das musikalisch ausdrückt.
1826 1632 2959 1684 nicht das blasseste Strählchen. Das tänzerische Geschick der
661 1646 1813 1702 Das Liebespaar beschließt, Gift zu nehmen. Pierrot trinkt
1837 1679 2955 1745 Spielenden, insbesondere der Herren, ist groß, musikalisch
661 1686 1812 1745 zuerst, der Mann ist immer die Wurzen, Pierrette, natürlich,
1841 1729 2962 1790 fließende Bewegung, Posen wie in die Luft geschnitzt, Gebärden
671 1734 1812 1797 bringt keinen Tropfen über die Lippen. Da schlägt er ihr,
1840 1779 2957 1835 von hoher Anmut loben Tairoffs Schule der Geläufigkeit sämt¬
669 1782 1814 1845 sterbend, das Glas „verächtlich“ aus der Hand. Warum ver¬
1829 1825 2960 1886 licher Gliedmaßen. Nicht nur die Solisten, alle sind mimisch an
674 1834 1809 1900 ächtlich? Schöner wäre es, wenn er ihr das Glas liebevoll
1832 1876 2959 1934 den Vorgängen lebhaft beteiligt und dem Rhythmus mit jeder
674 1893 1811 1942 aus der Hand schlüge, noch mit seinem letzten Athem zwischen
1832 1924 2965 1972 Muskel ergeben. Beachtenswert, wie sie Gemütsbewegung in
661 1923 1810 1988 den Tod und die schwache Gefährtin träte. Im zweiten Bild
1831 1973 2960 2036 Körperbewegung umsetzen ohne eigentlich zu spielen (wie das
675 1987 1812 2045 wird Hochzeit gefeiert, Pierrots Geist erscheint der tanzenden
1831 2018 2964 2072 törichterweise Kino=Darsteller oft tun, im Film Über=Panto¬
672 2032 1807 2090 Pierrette, und sie muß ihm folgen. Im dritten Bild läßt
1831 2072 2964 2126 mime treibend, obgleich jener eine ganz andere Art der Ge¬
668 2084 1807 2132 der rachsüchtige Arlechino die Braut mit dem Toten allein.
1835 2124 2954 2183 bärdensprache will als diese, denn er supponiert taube Zu¬
667 2131 1808 2200 Da wird sie irre und tanzt was sie kann (im gegebenen Fall
1838 2169 2955 2226 schauer, die Pantomime aber stumme Schauspieler.
669 2193 1565 2241 ist das nicht viel), bis sie hinsinkt und vergeht.
1832 2214 2398 2292 Der Unterschied ist sehr groß.)
746 2217 1804 2295 Diesen zierlich spukhaften Vorgängen schmiegt sich Dohna¬
1907 2265 2949 2339 Herrn Rumneffs Pierrot, leichter als Luft, bezaubert
669 2273 1816 2331 nyis gefühlvoll und auch witzig pointierende Musik enge wie
1827 2333 2958 2395 durch die morbide Anmut, durch das Fliehende, kaum den
676 2327 1801 2414 nasses Trikot an. Im Schnitt ist es wohl schon bißchen alt¬
1828 2384 2950 2446 Boden Streifende seines Spiels. Er weht nur so dahin, und
674 2388 846 2457 modisch.
1835 2439 2753 2502 noch als Toter fällt er melodisch vom Sessel herab.
754 2434 1801 2508 Pantomime scheint die Kunstform, in der die Grundsätze
671 2485 1811 2554 des Tairoff'schen Theaters am reinsten sich auswirken können.
2184 2507 2589 2582 „Das Gewitter“
670 2537 1813 2612 Hier ist ganz sinngemäß alles Bewegung, Tanz, Expression,
1829 2574 2951 2638 von Ostrowsky, ein auch im alten Rußland oft gespieltes
727 2587 1808 2643 das Geistige bleibt Nebensache. — Alles hat eine natür¬
1827 2633 2963 2696 Volksstück, ist ein schlichter dramatischer Beitrag zum Thema
661 2648 1800 2702 liche Unnatur, die von Geburt her mit Stil behaftet ist,
1834 2679 2959 2752 „Väter und Söhne“. Die arme Katerina, ihres Anspruchs auf
675 2677 1814 2742 und sich der gesteigerten Geste als ihrer Muttersprache be¬
1832 2733 2961 2782 Liebe und Glück im Innersten gewiß, aber zu schwach und hilfe¬
666 2729 1809 2804 dient. Es war auch, obgleich im Ganzen wunderlich zahm
1826 2777 2957 2845 los, um ihn durchzutrotzen, bezahlt eine kurze Auflehnung gegen
663 2787 1813 2848 und verhalten, stellenweise sehr reizend, durchgearbeitet bis
1835 2836 2963 2905 das Moralgesetz mit ihrem Leben. Kenner rühmen den lied¬
662 2847 1814 2901 in's Kleinste, intensiv bis in die Fingerspitzen der Akteure.
1463 2916 2072 3106 Wurc. 6
1069 3107 1299 3219 7 1/8
2984 1079 3154 1144 haften:
2981 1128 3141 1184 Natur
2982 1178 3155 1240 Stimme
2976 1228 3137 1283 Balken
2984 1273 3145 1337 sind sie
2973 1325 3157 1384 Nur ga
2987 1369 3159 1430 es in d¬
2977 1422 3145 1488 zu den
2978 1456 3158 1528 dessen 2
2985 1515 3159 1583 Scheinn
2987 1562 3163 1629 der Spi
2989 1616 3176 1683 Melanch=
2979 1661 3162 1726 um das
2973 1711 3146 1772 Theater
2983 1762 3166 1833 Spiel di
2986 1849 3189 1932 kein Pap¬
2974 1942 3192 2019 prachtvoll
2987 2005 3179 2069 Gottes, 1#
2987 2046 3192 2118 Szene ist
2985 2103 3192 2170 wurschtig
2970 2151 3187 2216 gültig, ob
2972 2199 3196 2263 lebendigen
2979 2247 3202 2322 und Geist
2978 2291 3223 2364 lockt, die sei
2977 2344 3240 2413 wichtiger a
2977 2387 3195 2457 bewegung,
2984 2441 3198 2501 pien in des
3054 2482 3203 2560 öpfer is
3008 2541 3198 2599 ialen Wes
2990 2585 3245 2651 Kraft, den#
2974 2630 3267 2711 hat Herz #e
2969 2680 3221 2749 das gewine#
2971 2724 3222 2800 aller Zeit#
2968 2777 3165 2847 bedeuten
2968 2835 3182 2913 anschauun
