3392 4384
1928 159 2360 255 box 28/1
198 187 1789 277 23. Der Schleiender-Bierrette
706 1039 1158 1133 Gl  O.
829 1087 1565 1178 Weser Zerrung, Brmmnn
546 1113 764 1200 itt aus:
717 1180 1046 1281 A-Mbl. 1973
534 1263 915 1323 naseneeenne
1590 1301 3321 1420 elend im Irrenhause zugrunde gehen mußte, wollte über die Schmach der Strafe hin
786 1351 1394 1438 Berliner Theater.
2642 1364 3319 1441 Tochter, die dem eifersüchtigen
1596 1379 2632 1450 ein Künstlerdrama schreiben. Den Konflikt dachte
2635 1416 3312 1468 Bräutigam hat opfern müssen, ze
962 1406 1584 1499 F. D. Berlin, Anfang Mai.
1594 1430 2634 1501 er darzustellen, in den ein genialer, aber auch un¬
2644 1449 3328 1512 Veit Stoß vom Pranger in seine
1593 1478 2643 1534 gebundener und zuchtloser Künstler gerät, wenn er
628 1475 1602 1551 Das zenn' ich Glück haben! Im Abgeordnesen¬
2646 1506 3323 1562 kehrt und von seinem Werke he
1596 1524 2635 1577 sich von den starren bürgerlichen Rechtsgrundsätzen
546 1521 1607 1597 hause wirh das Königliche Schauspielhaus — nicht
2641 1550 3307 1621 Segen einer letzten Entfühnung
1608 1567 2651 1620 seiner von Patrizierhochmut verwalteten Vaterstadt
537 1548 1612 1645 zum erstenmal übrigens — wegen seiner literarischen
2638 1587 3315 1653 fließen fühlt, bringen ihm stu
1668 1605 2652 1671 seinem Schaffensdrange jämmerlich gehemmt
1600 1618 1682 1669 in
542 1610 1606 1679 sind künstlerischen. Rückständigkeit heftiglangegriffen,
2647 1638 3321 1693 triefender Bahre den Leichnam se
1605 1647 2655 1717 sieht und aus dem Kerker der Untätigkeit keinen
544 1639 1608 1734 und geradel in diesem Monat weist sein Spielplat
2645 1673 3322 1736 sie im Morgengrauen aus der Peg
1600 1685 2650 1756 andern Ausweg findet als den, der über Sünde und
558 1709 1607 1761 drei, sagelußd schreibe drei Stücke auf, die man zur
2637 1722 3328 1781 Da erst fühlt sich Veit Stoß gerich
1599 1727 2652 1800 Verbrechen geht. Dieser Bildschnitzer, der schon zu¬
577 1742 1617 1811 Not wirklich zur „modernen Literatuk“ rechnen
578 1762 3323 1860 könnte. Iwbar sind Björnsons Dramen „Zwischenl vor in Krakan unsterbliche Werke schuf, erschwindelt von einer Macht, gegen die es k
577 1836 3323 1905 den Schlachten" und „Die Neuvermählten“, gut sich in Nürnberg den Auftrag zu einem großen gibt. Er greift zum Dolche und
2651 1854 3327 1914 Leiche seines Bärbele entseelt zusc
1596 1870 2653 1929 Votivrosenkranz, bildet dann aber, erst einmal in
583 1883 1615 1939 breißig Jahre alt und gehören nicht gerade zu den
2706 1892 3331 1974 Das dramatische Handwerksg#
1611 1898 2654 1971 der Glut der Arbeit, etwas so Schönes, Reines und
587 1928 1603 1998 kühnsten Pronunciamientos dieses immer beweg¬
2644 1935 3325 1999 Schriftstellers ist unverkennbar.
1603 1961 2653 2015 Herrliches, daß kein menschliches Auge einen Flecken
592 1970 1615 2037 sichen, immer temperamentvollen Kopfes, aber an
2655 1984 3339 2047 in den Adern und weiß auf dem ##
1607 2005 2657 2055 der Schande zu entdecken vermag, die doch an dem
587 2018 1612 2085 Frische und Gegenwartsfarbe nehmen sie es auch
2655 2027 3346 2103 ment der Bühne geschickt zu spiele
1603 2047 2653 2104 Werke klebt. So wächst in ihm der Glaube, alle
555 2062 1609 2122 heute noch mit jedem Lindau oder Philippi auf.
2642 2076 3343 2134 Gerichtsszene, bricht sogar ein sta
1610 2071 2653 2143 moralische Schuld sei mit der Vollendung dieses
555 2092 1619 2160 sind dann war da sogar ein blutjunger Antor, der
2645 2119 3329 2177 mit vehementer dramatischer Kraf
1604 2126 2651 2186 Werkes getilgt und keine von den Ehren, die ihm
556 2134 1616 2210 das Wunder an sich erfuhr, bei lebendigem Leibe mit
2642 2160 3343 2222 so daß man eine ehrliche Erschüt
544 2169 2664 2253 einem seiner ersten Stücke ins Schauspielhaus am dafür zukommen, dürfe ihm gekürzt werden. Das
557 2240 3340 2295 Schillerplatz zu kommen. Und gerade in diesen Schicksal und das unbeugsame Recht der Stadt übrigen freilich ist dieser junge A
2656 2244 3289 2320 philologische Realitätenkunde
563 2270 2652 2346 Wochen beschuldigt man das Haus des Herrnmeinen es anders. Der Betrug des Künstlers wird
2648 2305 3339 2354 dramatischem Temperament misch
566 2298 2648 2380 Generalintendanten Grafen Hülsen=Haeseler, der aufgedeckt, er wird, nachdem er sich eine Weile dem
2657 2341 3344 2404 Sklave theatralischer Außerlichkeit
1608 2351 2662 2410 Blutbann zu entziehen gesucht hat, vor ein hoch¬
556 2357 1626 2442 doch im vorigen Jahre den Wagemut seines Stutt¬
2655 2383 3339 2445 schweren Wucht des Apparates, den
566 2393 2665 2455 garter Kollegen Baron von Puttlitz so begeistert ge=Inotpeinliches Halsgericht gestellt und zu entehrender
566 2418 3342 2524 feiert hatte, in der Wahl der dramatischen Nenheiten] Prangerstrafe verurteilt. Vergebens hat er den dopbeltem Selbstmord und Hochge
1606 2481 3346 2536 Herren des Rats mit all der leidenschaftlichen In-setzt, leidet empfindlich die Entwich
568 2496 1618 2559 rückständig zu sein! Das nenn ich entweder eine
1612 2527 3332 2594 brunst eines gottbeseelten Schöpfers entgegen=Konfliktes, die in der Seele des J
573 2548 1612 2603 ausgesuchte Bosheit der Menschen oder eine aus¬
2651 2558 3331 2637 und Vaters feiner und zugleich
572 2565 2662 2658 frlesene Güte des Himmels, dies Zusammentreffen. gehalten, daß er im Innersten seines Herzens vom
2648 2606 3342 2684 abspielen müßte als es bei
1614 2622 2657 2671 Himmel selber Vergebung für sein Vergehen emp¬
647 2612 1618 2681 Doch im Ernst gesprochen! So wenig wie die
2660 2647 3116 2733 Szene geschehen kann.
1609 2655 2662 2718 fangen habe, wie hätte Gott ihn sonst dieses stolze
555 2664 1626 2746 Aufführung der beiden Björnsonschen Stücke aus
2721 2688 3336 2757 Dabei hätte man sich denken
1616 2703 2669 2759 und fromme Werk so schlackenlos vollenden lassen
659 2714 1613 2769 siebziger Jahren eine Pflichterfüllung gegen
2653 2740 3347 2808 immerhin hoffnungsvolle Anfäng
1609 2755 2652 2807 können. Die Ratsherren bleiben ungerührt, aber
557 2757 1621 2832 die dramatische Produktion unserer Zeit bedeuten
2663 2792 3347 2857 ständnisvolleren Regie und Darstel
1613 2780 2660 2848 auch Veit Stoß schnellt wieder empor in dem Be¬
560 2804 1617 2861 kann, so wenig hat das fünfaktige Schauspiel
2651 2823 3352 2900 stützt sein können, als das Schaf
1618 2840 2660 2907 wußtsein daß all die Demütigung, die ihm da zu¬
567 2840 1627 2916 Veit Stoß“ von Tim Klein (Buchausgabe
2656 2863 3344 2933 gönnte. Kraußneck als Veit G
567 2867 2660 2957 bei Georg Müller in München) etwas mit der lgedacht ist, zerstäuben muß vor der innern persön¬
2649 2926 3351 2974 fang an viel zu aufgeregt, als
566 2915 2662 2992 modernen Literatur zu tun. Dieses Stück könnte lichen Gewißheit, ein über dem irdischen Gesetz
1615 2960 3352 3027 stehender Künstler zu sein. Doch das Schicksal weiß seinen Seelenkampf hätte hineinb
563 2980 1623 3046 genau ebensogut in den siebziger Jahren des
2652 3011 3357 3065 von den nicht unwichtigen Neben
1615 3016 2665 3078 ihn dennoch zu treffen. Nicht bei sich selber, den der
564 3014 1573 3092 porigen Jahrhunderts geschrieben worden sein -
559 3077 3349 3111 denn es ist ein Handwerksstück, keine Offenbarung Trotz unverwundbar gemacht zu haben scheint, son=Iwenige eine Interpretation, die ti
1081 3087 3350 3149 und dann hätten die dern bei dem Liebsten und Teuersten, was seinelischen Ehrgeiz kannte. Ein Eh
575 3104 1097 3175 bichterischer Kunst —,
566 3144 3349 3201 Meininger ihm wahrscheinlich die Inszenierung und Seele im zartesten Winkel seines Herzens vor der muß auf das schlichte Blondhaar
567 3181 3354 3257 Darstellung zuteil werden lassen, nach der es sich bei Welt hegt und pflegt: in seiner Tochter Bärbele, die IThimig gesetzt werden. Sie gas
569 3239 3345 3297 seiner ganzen historisch=antiquarischen Aufmachung ihm Gefährtin und Beraterin, angebetetes Modell jener effektlosen Einfachheit und
583 3277 3355 3332 zu sehnen scheint. Tim Klein, übrigens ein Sohn und zu allem Großen und Schönen inspirierendel keit einer empfindungsstarken Nat
557 3307 3354 3398 bes braven Fröschweiler Chronisten, der dann so Muse ist. Der Mann und Künstler Veit Stoß konnte innen herausholt, und hätte so ma
