3344 4352
1934 110 2316 203 box 28/
206 122 1776 197 23. De Schlde Pierrete
787 373 918 435 374
1675 376 2055 447 „DAS FORUM“
2717 391 2965 464 V. Jahrg.
758 492 1870 567 beiden Namen vereint ein andermal auf dem Theater¬
1898 499 2988 578 ventiovelle nicht hinaus und die Regie, auf die doch
756 543 1452 608 zettel der Hofoper wiederzulinden.
1881 559 2994 618 jetzt in der Oper so viel Wert gelegt wird, tat nichts
845 588 1861 658 Der Theaterplanderer des „Fremdenblatt“ wusste
1888 608 2994 668 zür Milderung des Grotesken. Das dritte Bild namentlich
758 631 1873 694 zu berichten, dass die Anregung zum „Schleier der
1883 638 2989 708 hätte einer solchen dringend bedurft. Wenn man die
756 676 1861 740 Pierette“ indirekt vom Direktor des Wiedner Theaters,
1883 695 2995 753 ganze Szene bei dem toten Pierrot hinter Schleiern auf
759 726 1863 777 Wilhelm Karczag, ausging, der für Girardi eine
1888 739 2995 794 die rückwärtige Bühne des zweiten Bildes verlegt und
759 767 1870 829 seiner würdige Aufgabe brauchte. Die Idee, Schnitzler
1886 787 2990 844 die Hochzeitsgäste zu Zeugen dieser bizarren Vorgänge
755 820 1866 879 als Textdichter für eine Wiener Operette zu gewinnen,
1887 822 2987 888 gemacht hätte, wäre vielleicht eine grössere, jedenfalls
754 846 1869 904 war sicherlich genial. Sie scheint auch dem Dichter
1879 872 2874 932 aber eine künstlerischere Wirkung erzielt worden.
758 899 1867 947 nicht unsyirpathisch gewesen zu sein. Drei Einakter
1966 908 2985 978 Dohnanyi hat den ersten Schritt auf die Bretter
760 943 1863 1001 wollte oder sollte er liefern. Er sandte den „Schleier der
1892 953 2984 1001 gemacht. Mir will scheinen, dass der Schleier der
756 976 1856 1039 Pieretle“ und den „Tapferen Kassian“, das Buch für eine
1891 1001 2988 1064 Pierette sein Genie noch verhällt; geniale Blitze aus
755 1046 1855 1095 „Altwiener Operette“ blieb er schuldig. Dolmnanyi kom¬
1877 1045 2994 1096 feurigem Auge dringen allerdings durch die feinen
759 1081 1852 1147 ponierte die Pantomime, Oskar Strauss den „Kassian“,
1880 1088 2988 1154 Maschen des Gewebes hervor, das auch die edle Linie
755 1122 1730 1186 die Wiener Operetle blieb leider ungesebrieben.
1889 1139 2986 1198 geradezu klassischer Formen verrät. Hoffentlich zeigt
841 1150 1857 1216 Die Kenntnis dieser Vorpeschichte der nunmehr
1881 1186 2987 1245 sich sein Genie bald unverhüllt im strahlenden Glanze
754 1210 1859 1276 aufgeführten Pantomime scheint mir nicht unwichtig
1885 1224 2983 1300 einer Oper. Er bedürste hiezu, glaube ich, nur eines
768 1251 1868 1314 für die Beurteilung dieses Werkes, Im Rahmen des
1881 1278 2838 1352 guten Buches — etwa von Artur Schnitzler.
758 1299 1863 1349 geplanten Einakterabends hätte der „Schleier der
2799 1307 2953 1393 E. P.
752 1352 1866 1409 Pierette“ vielleicht anders gewirkt, als in der Hofoper.
757 1384 1872 1470 Eine volle Aufklärung dafür, wie Schnitzler dazu kam,
755 1432 1862 1488 eine Groteske dieser Art zu schreiben, enthält allerdings
758 1472 1862 1540 auch diese Vorgeschichte nicht. Es scheint, als wäre die
754 1519 1865 1565 Pantomime der Entwurf des späteren Versdramas „Der
760 1562 1862 1637 Schleier der Beatrice“ gewresen. Wäre doch eine Oper
753 1614 1862 1670 daraus geworden! Wer wäre berufener, ein Libretto zu
750 1657 1873 1735 schreiben als der so eminent musikalische Schnilzler?
840 1706 1851 1779 Die Pantomime als Veredelung des Balletts beden¬
761 1769 1870 1827 tet einen Fortschritt, als selbständige Kunstlorm ist sie
753 1810 1867 1876 ein Rückschritt der Oper, die aus der Pantomime her¬
748 1857 1853 1917 vorgegangen ist. Das Sprechen mit Händen und
749 1900 1854 1959 Gebärcen ist für die Dauer einfach unerträglich. Seelische
756 1940 1859 1992 Emotionen können mimisch verdolmetscht werden,
751 1986 1857 2058 tragische, dramatische Konllikte nicht. Darum versagt
750 2039 1858 2096 die Wirkung des „Schleiers der Pierette“, die sich bei
754 2073 1856 2140 der Lektüre des Buches einstellt, auf der Bühne voll¬
756 2123 1854 2168 ständig. Vielleicht wäre einer Duse dasjenige gelungen,
751 2163 1861 2231 worum sich Fräulein Jamrich mit so viel anerkennens¬
755 2210 1858 2263 wertem Fleisse vergeblich bemühte, vielleicht hätte uns
749 2250 1864 2334 die Kunst Girardi’s den Pierrot menschlich näher¬
756 2299 1857 2353 gebracht? — Ich sah einmal in einem französischen
757 2349 1859 2410 Kinotheater geschickt zusammengestellte Szenen aus
758 2393 1854 2452 „Macbeth“, von den grössten französischen Künstlern
747 2440 1849 2499 dargestellt. Die Sache wirkte wie ein dramalisierter
750 2470 1852 2541 Kolportageroman ärgster Sorte. Achnlich wirkt die
752 2513 1854 2586 Pantomime Schnitzlers, von der nur das Grauenhafte,
748 2570 1854 2623 Bizarre und Abstossende der Handlung augenfällig wird,
748 2616 1846 2659 auf der Bühne, während man bei der Lektüre unschwer
745 2659 1855 2719 die mannigfachsten Beziehungen zum Anatol-Dichter findet.
842 2699 1847 2765 Die Musik hinwiederum kann die Handlung nur
756 2756 1850 2811 untermalen und Stimmungen erzeugen, wenn sie des
760 2785 1860 2871 Wortes entraten muss. Für die heitere Pantomime
747 2839 1843 2895 genügt das, für die tragische nicht. Dohnanyi ist ein
756 2882 1849 2939 Musiker von Esprit und Intelligenz, man kennt ihn in
749 2921 1856 3002 Wien als -warmfühlenden, temperamentvollen Pianisten
745 2971 1846 3029 und als ernsten Symphioniker von beachtenswertem
747 3017 1854 3093 Können. All diese Eigenschaften zeigt auch die Musik
742 3055 1857 3120 zur Pantomime. Am besten gelingen die graziösen
744 3106 1847 3170 Szenen mit den archaistischen Tänzen. Nur der Walzer,
747 3142 1851 3207 der zum zweiten Bilde hinüberführt, fällt aus dem
751 3193 1841 3248 Hämentlich im Menziett so glänzend getroffenen Stile.
745 3239 1843 3297 Der Wahinsinnswalzer am Schlusse des dritten Bildes
746 3287 1853 3346 zeigt ungewöhnliche Charakterisierungkunst, der man
743 3332 1852 3390 übrigens auf jeder Seite der Partitur, wenn auch nicht
745 3376 1838 3427 immer in gleicher Vollendung begegnet. Dass Dohnanyi
742 3411 1841 3469 im tragischen Ausdruck nicht ganz frei ist, ab und zu
741 3468 1850 3522 in ein ausgefahrenes Geleise gerät, wer wollte das an
750 3502 1844 3545 einem dramatischen Erstlingswerke tadeln? Ich möchte
744 3548 1848 3602 ihm auch eine gelegentliche Reminiszenz an Wagner
743 3586 1848 3652 oder Bizet nicht so stark ankreiden, als es die Beck¬
740 3638 1856 3694 messer der Wiener Kritik getan. Sonderbar! Diejenigen,
746 3676 1842 3745 die sich der Talentprobe Dohnanyis gegenüber so
747 3723 1841 3770 frostig verhielten, sind dieselben, welche sich für den
754 3766 1842 3828 „Schneemann“ des kleinen Korngold so sehr erhitzten.
838 3813 1853 3871 Die Aufführung der Pantomime hat mich nicht
741 3860 1848 3915 betriedigt. Die Hauptdarsteller kamen über das Kon¬
