3392 4384
194 179 1772 256 23. Der Schleiender Pierrette
321 746 1451 801 ssenamt ans Münchener Neueste Nachrichten
529 798 1159 892 I7ArR. 10:3 München
304 840 429 924 90:
1146 901 1245 958 E.
419 943 1278 1019 Musikalisches aus Groß=Berlin. Das Deuische
349 993 1279 1054 Obernhaus in Charkottenburg setzte sich am Mitt¬
348 1031 1276 1102 woch mit dem gesamten Aufgebot keiner reichen
349 1068 1281 1137 Mittel für das musikdramatische Schaffen des be¬
349 1101 1291 1173 kannten, vortrefflichen Pianisten Ernst von
347 1143 1292 1212 Dohnsnyi ein. Man brachte, wie ich schon
352 1186 1282 1258 kurz meldete, die einaktige Oper „Tante Si¬
355 1211 1311 1294 mong“ und die Pantomime „Der Schleier!
952 1266 1321 1319 aber seine!
364 1292 466 1365 8n
376 1360 1298 1422 der Pierrette“ zum ersten Male zur Auffüh¬
379 1394 1302 1458 rung; zwei Werke, die zwar keineswegs in allen
381 1439 1295 1491 Teilen befriedigen, immerhin aber — namentlich
379 1461 1300 1536 vas die Pantomime anbelangt — eine derartige
376 1510 1301 1574 Talentprobe bedeuten, daß man dem weiteren
366 1538 1303 1608 nusildramatischen Schaffen Dohnänyis mit dem
366 1588 1293 1652 Lebhaftesten Intereise entgegensehen darf. Die
373 1634 1288 1678 kleine Oper — textlich eine hypernaive Komödie,
381 1668 1307 1710 in welcher der egoistischen Motiven entsprossene
383 1707 1307 1766 Männerhaß der Tante sehr bald zur Freude der
380 1751 1297 1791 übrigen ins Gegenteil umschlägt, als der unge¬
369 1790 1294 1842 treue einstige Geliebte plötzlich wieder auf der
365 1818 1295 1885 Bildfläche erscheint und dem verspäteten Mäd¬
370 1865 1295 1920 chen Herz und Hand wieder anträgt — hat der
371 1906 1290 1947 Komponist sehr glücklich im leichten Plauderton
354 1939 1293 1988 begonnen. Kleine zierliche Motive in sein disse¬
369 1982 1300 2022 renzierter Rhythmisierung versprechen Gutes. Lei¬
362 2018 1293 2069 der bleibt es im weiteren Verlauf beim Verspre¬
364 2048 1303 2118 chen: denn anstatt mit leicht gewogener Phantasie
368 2100 1293 2143 sich über die Nichtigkeiten des Textes hinwegzu¬
367 2140 1292 2183 setzen, verliert sich Dohnänyi in technische Schwer¬
364 2177 1293 2243 fälligkeiten, die den Vorgängen des Stückchens
372 2219 1081 2281 in keiner Weise zu Gesicht stehen we
404 2254 1292 2315 Auf weitaus höherem Niveau als diese Ver¬
362 2296 1297 2379 suchsoper steht die Pantomime, zu der Artur
647 2348 1290 2413 Handlung mit scharfen Stri¬
388 2345 602 2405 W
361 2390 1296 2437 shen wie foigt gezeichnet: Pierrette hat den un¬
358 2427 1301 2492 geliebten Arlechino geheiratet. Sie verläßt heim¬
364 2473 1301 2530 lich das Hochzeitsfest, um mit Pierrot zu sterben.
360 2510 1299 2565 Pierrot trinkt das Gift, Pierrette entgleitet schau¬
362 2545 1331 2604 dernd der Becher. Er stirbt, sie entflieht zu!:
363 2595 1294 2637 ihrem Hochzeitsfest. Den ob ihres Ausbleibens
365 2618 1294 2675 zornwütenden Arlechino bewegt sie bald zum Tanz.
353 2663 1296 2701 Immer aber erscheint ihr Pierrots Geist. Ar¬
358 2701 1296 2761 lechino stellt sie ob ihres Verstörtseins und wegen
353 2743 1296 2801 des Fehlens des Brautschleiers zur Rede. Der
363 2780 1288 2823 Geist Pierrot# rscheint mit dem Schleier. Pier¬
358 2821 1283 2874 rette eilt der entschwebenden Vision nach, Arle¬
357 2852 1295 2910 chino folgt Pierrette. So kommen sie zu gleicher
367 2904 1298 2951 Zeit in das Zimmer Pierrots. Arlechino erkennt
361 2927 1289 2989 die Situation, schließt Pierrette mit der Leiche
362 3009 1291 3059 stirbt Pierrette zu den Füßen Pierrots. Die
360 3046 1299 3108 grausige Realistik dieser tragischen Vorgänge hat
349 3093 1298 3146 Dohnänyi in vollendeter Weise musikalisch aus¬
359 3132 1294 3186 gedeutet. Seine Ausdrucksskala fand für die
349 3165 1286 3215 große Zahl der psychologisch stark differenzierten
361 3212 1288 3254 Situationen Töne von ebenso überzeugender
353 3252 1281 3303 Kraft als in ihrer Realistik erschütternder Macht.
361 3291 1293 3340 Jeden kleinsten Vorgang deutete der Komponist
364 3321 1289 3380 in seiner mit dem ganzen Rüstzeug moderner
359 3360 1263 3406 Kompositionstechnik gesättiaten chara#t##i###
359 3403 1290 3456 Tonsprache in wahrhaft erschöpfender Weise aus.
363 3429 1292 3490 Die Partitur darf als ein hervorragendes Doku¬
355 3481 1278 3543 ment modernen musikdramatischen Schaffens an¬
362 3591 1302 3639 gesprochen werden. Die Aufführung, insbesondere
364 3627 1291 3688 des zweiten Werkes, das unter persönlicher Lei¬
358 3670 1295 3710 tung des Komponisten stapd, war ausgezeichnet.
367 3702 1296 3761 Vielfache Hervorruf=Glatssiten den Komponisten
364 3729 1270 3815 und die Darsteller4# Abolf Göttmann
395 3794 1295 3870 * Kleine Chronik. Für das Gärtnernlatz¬
1934 142 2349 233 box 28/1
1855 536 2196 614 AusschnittA
2405 547 2979 679 R TAGBLAT T
2055 589 2351 678 I M
2337 643 2459 681 10
1873 651 2028 705 vom:
2196 1771 2824 1854 Elsa Galafrès Becter & Mag#.
1868 1827 2848 1895 in der Pantomime „Der Schleier der Pierrette“ von Schnitzler
1861 1876 2871 1931 und Dohnányi im Charlottenburger Deutschen Opernhause.
1756 2178 2802 2275 Ausschnltt aus Theater-Courier, Berlin
2083 2246 2469 2345 APRIL 1913
2044 2268 2091 2348 *
1752 2309 2021 2403 vom:
2085 2371 2553 2441 Charlottenburg.
1700 2416 2923 2497 „Tante Simona“, Spieloper in einem Akt von Victor Heindel,
2042 2451 2575 2518 Musik von E. von Dohnänyi.
1706 2466 2930 2562 „Der Schleier der Pierette“ Pantomime in drei Bildern
2117 2521 2541 2594 von Arthur Schnitzler
2037 2567 2596 2638 Musik von E. von Döhnnyi.
1781 2592 2935 2657 Deutsches Opernhaus. Die Ehren des neuesten Premieren¬
1706 2635 2937 2702 abends bestritt Dohnänyi. Der bekannte Klaviermeister hat auch als
1715 2673 2937 2759 Komponist bewiesen, daß er ein tüchtiger Meister ist. Aus den beiden
1724 2743 2933 2794 Schöpfungen spricht ein echtes Talent, dessen Art zu musizieren mehr
1713 2751 2941 2822 als sympatisch berührt. Es braucht ja nicht immer der Hauch des
1715 2800 2935 2869 Genies zu verspüren sein, und doch kann man Beifall zollen. Die
1716 2836 2945 2902 Spieloper mit ihrem zahmen Text — die nicht unbekannte altjungfer¬
1725 2875 2948 2948 liche Männerfeindin wird bekehrt — ist auch in der Musik, in der
1722 2909 2935 2986 Dohnänyi viel zu schweres Geschütz auffährt, der schwächere Teil.
1731 2952 2943 3019 Tant de bruit pour une omelette! Wie ganz anders mutet die
1735 2987 2953 3068 Musik zur Pantomime von Arthur Schnitzler an! Hier musiziert
1726 3032 2953 3102 Dohnänyi scheinbar mit ganz anderer Lust und Liebe. Ob er die
1726 3069 2954 3147 ernsten, teilweise recht gruseligen Szenen musikalisch illustriert oder
1731 3091 2958 3186 ob er wunderschöne echt Wiener Walzer ertönen läßt, immer erscheint
1731 3152 2958 3229 er interessant, und der Hörer ist auch von der Musik gefesselt. Es ist*
1726 3177 2960 3263 ein eigenes Kapitel „Die Pantomime“. Ein Zweig, der noch immer
1729 3227 2954 3295 Sohne die rechten Blüten ist. Es wäre erfreulich wenn Dohnänyi den
1746 3262 2950 3341 Anstoß gegeben hätte dieses Genre mehr zu pflegen. Hoffentlich ist
1747 3306 2947 3383 dieser neuen Pantomime auch ein Publikumserfolg beschieden. Ihre
1743 3353 2955 3428 Aufführung mit Elsa Galafres und Einar Hinden ist jedenfalls
1745 3396 2949 3467 sehenswert. Die Pantomine dirigierte Dohnänyi selbst, während die
1740 3434 2967 3493 Spieloper Kapellmeister Krasselt leitete. Mizzi Fink und Louise Marck
1742 3455 2983 3533 överhalfen auch der Spieloper zu einem Erfolg Nach der Pantomime 1
1753 3525 2966 3585 swurde Dohnänyi verdientermaßen sehr gefeiert. Spielleiter des Abends“
1744 3542 2963 3622 Zwar Dr. Hans Kaufmann, und die Szenenbilder riefen wiederwie
1743 3586 2776 3686 stets im Deutschen Opernhaus ehrliches Entzücken hervor.—
2531 3617 2935 3688 Julius Urgiß.
