3392 4320
662 135 713 183 C
262 129 1825 238 23. Derschleiender- Pierrette
779 335 1262 456 SEHUSTERPAANE
557 346 785 484 AOO
462 569 1341 675 Oadarren erurzene ei austennterrsdao
468 646 1338 724 BERLIN SO 16, RUNGESTRASSE 22-24
510 906 1156 1007 Ausschnitt aus der Nummer vom:
983 954 1252 1029 Extract Tron.
866 1009 1371 1073 SATURDAY REVIEW.
955 1056 1311 1119 New Vork, U.S.A.
837 1164 1397 1273 Ps
766 1298 1699 1416 The Play of the Weck
677 1371 1495 1500 C. By Ourvea M. SAvLER
1554 1394 1657 1498 11
693 1478 1750 1553 THE BRIDAL VEIL, a Pantomime-Ballet in
737 1542 1752 1600 Three Acts. By AkrnuR ScHNrrzLER, with
732 1595 1753 1651 Music by ERNsr voN DOHINANVI. Pröduced by
743 1648 1755 1705 ELIZABETH ANDERsON - Ivawrsorr for the
743 1703 1749 1766 American Laboratory Theatre, 222 East Fifty¬
730 1748 1705 1834 Fourth Street, New York, January 26, 1028.
791 1814 1642 1893 Reviewed from Performance and Manuscript
787 1887 1760 1956 AS'1’ fall when I began this series of criticisms
842 1950 1762 2012 of contemporary plays in the light of their
695 1984 1758 2062 literary values as qualified by purely theatri¬
694 2048 1757 2117 cal expedients and transmuted thereby into an inde¬
693 2093 1764 2163 pendent art which is not merely literature, but
691 2146 1757 2216 inevitably related to it, I filed a claim for ballet as
692 2203 1760 2262 innate if remote participant in this esthetic process.
698 2258 1756 2313 The word, it seemed to me, has a vital, essential, and
694 2314 1756 2367 more or less significant function to perform in bal¬
696 2365 1762 2419 let, the word as concrete conceptual idiom as con¬
696 2415 1777 2478 trasted with form, color, sound, or movement in the
691 2469 1768 2521 abstract. The word is necessary, in the first place,
692 2509 1761 2578 purely as a mechanical medium of exchange to con¬
690 2572 1769 2621 vey the thought and purpose of the author to the
688 2611 1767 2675 performer. Only an author who could turn ballet
699 2661 1755 2733 regisseur and illustrate in person the workings of
699 2723 1765 2772 his creative imagination could dispense with it. The
705 2765 1754 2827 word, in the sccond place, is eminently desirable,
701 2816 1761 2879 if not strictly necessary, to insure comprehension
695 2869 1764 2932 of the author’s iden on the part of the audience.
688 2931 1763 2988 In this sense, the word becomes interpretation, °pro¬
701 2984 1766 3039 gram,“ in contrast to the word as mechanism, and
697 3027 1760 3097 hence partakes more obviously of, and lends itself
702 3078 1270 3134 more freely to, literature.
751 3115 1762 3175 To illustrate and point these general reflections
699 3172 1760 3244 concerning the word-bridge between ballet, pan¬
694 3226 1773 3295 tomime, or other forms of wordless drama and the
704 3276 1775 3347 literary art, the American Laboratory Theatre has
706 3324 1766 3383 conveniently produced in its new home in East
694 3383 1773 3437 Fifty-Fourth Street, as the third item in its third
697 3452 1770 3503 scason, Arthur Schnitzler’s pantomime-ballet,“ The
711 3494 1761 3543 Bridal Veil' (“The Veil of Pierrette'’) with the
696 3534 1775 3605 original score by Ernst von Dohnanyi, for many
704 3584 1777 3659 years a favorite in European repertories and the first
704 3645 1765 3709 notable production of the now-celebrated Kamerny
719 3697 1165 3768 Theatre in Moscow.
1116 3719 1379 3809 * K
757 3784 1765 3855 I hope that no one who values a brave and intel¬
695 3847 1768 3918 ligent experimental spirit or who prizes an unusual
713 3900 1768 3976 and sensuously exhilarating evening in the theatre
701 3944 1786 4026 regardless of experiment, will be swerved from.
705 4007 1776 4066 attendance by what I have to say in regard to the
703 4056 1785 4121 literary shortcomings and neglected opportunitics of
706 4104 1768 4146 #The Bridal Veil.' That aseet of ballet, after
1979 125 2398 217 box 28/1
1778 1277 2853 1364 or movement. The prompt book or scenario, as it
1783 1355 2849 1423 were, of the American version, which, by the way,
1785 1420 2848 1475 has been freely adapted by Mme. Anderson, came
1786 1465 2852 1524 into existence after the fact and then only in the
1790 1518 2856 1575 baldest and most technical of stage directions. But
1788 1574 2856 1632 the case differs. Mme. Anderson embodied her con¬
1784 1613 2851 1671 ceptions in person without the need of a word link,
1795 1676 2862 1737 whereas Schnitzler had to work through a second
1790 1722 2194 1785 party as regisseur.
1863 1757 2838 1821 It is on the second count of the word in ballet—
1954 1815 2853 1879 vion as interpretation, as “program’—that
1801 1869 2853 1924 I ferl the Laboratory Theatre has been remiss. How
1794 1921 2854 1984 much more effective, how much more emotionally
1795 1971 2851 2042 satisfying, the production would be with such an
1788 2036 2854 2090 inspired and inspiring poetic résumé of the action,
1801 2074 2851 2141 we can only surmise. The old classic ballet, of
1808 2119 2857 2189 course, could afford to ignore this literary legend.
1797 2182 2860 2246 Absolute dancing—the pas seul, the pas de deux,
1796 2231 2854 2297 the entire corps—has no story. It is esthetically
1793 2293 2860 2349 pleasing only in the most abstract sense. It can
1791 2332 2853 2405 mean to the spectator anything which he brings to
1798 2385 2871 2444 it at the moment. Even a title is gratuitous. But
1798 2433 2868 2503 when the pantomime-ballet, the dance-drama, the
1791 2484 2857 2563 ballet with a story, emerged, it brought with it the
1794 2541 2852 2597 opportunity if not the necessity for the word, for
1795 2592 2853 2650 a literary résumé. In this sense, the pantomime¬
1794 2634 2852 2705 ballet corresponds to program music. The practi¬
1800 2689 2858 2766 tioners of the latter frequently find inspiration in
1798 2758 2858 2815 an already created work of literature—a poem or
1795 2793 2865 2856 a passage of descriptive or narrative prose, If the
1803 2846 2858 2921 process is reversed, they are usually careful to pro¬
1805 2906 2857 2964 vide the interpretive “program'’ in a form worthy
1795 2948 2867 3023 of their own musical contribution. Such a “pro¬
1795 3007 2860 3066 gram'’ is lacking in The Bridal Veil.?' A single
1798 3051 2864 3105 inept and banal paragraph attempts lamely to do
1816 3106 2856 3170 duty for it. It is not too late to fill this gap in
1810 3163 2866 3224 an otherwise exquisite contribution to the season’s
1808 3204 2864 3274 theatrical record. But it must be filled by a poet
1798 3256 2865 3307 or a master ef lyric prose worthy of the collaborat¬
1803 3323 2749 3376 ing author, composer, regisseur, and designer.
1895 3371 2870 3425 have said that the pantomime-ballet brought
1809 3411 2859 3480 with it the opportunity or the necessity for the
1810 3464 2872 3521 word. I have purposely phrased the case thus alter¬
1808 3521 2862 3585 natively. For I recognize the legitimacy of the
1798 3563 2869 3636 contention of the newer school of dance-dramatists
1807 3622 2863 3679 that the pantomime-ballet can and should be so self¬
1805 3668 2873 3737 evident in its meaning as to need no interpretation
1806 3722 2858 3780 —a kind of motion picture without sub-titles. I
1816 3779 2870 3836 venture to doubt, however, whether any but con¬
1805 3821 2884 3896 noisseurs of the art can ever successfully waive this
1813 3876 2879 3945 literary key. And even were it possible to do so,
1796 3926 2879 3997 an appropriate “program'’ should be a pleasant and
1811 3976 2508 4058 unobtrusive grace note or l’envol.
