3436 4352
1933 142 2402 246 box 28/1
250 150 1934 250 23. De Slde ieL
804 302 1752 376 Mrugsten, wenn auch nicht bedeutsamsten
2841 322 2979 395 373
1746 312 2069 413 (AS FORUM“
1908 439 3004 511 lich die beste Remplaçantin der Kurz, vielleicht nicht
780 434 1885 513 italienischen Buffo-Opern der Vergangenheit zu ent¬
789 492 1896 542 reissen und dem zeitgenössischen Geschmacke etwas
1901 501 3007 569 aus Wien hinausgeckelt worden, Wien wäre aber aller¬
788 554 1885 602 anzupassen, musste scheitern, weil alle Vorbedingungen
1910 534 3016 603 dings um die Sensation eines Konfliktes gekommen, auf
791 588 1887 634 für das Gelingen schlechterdings fehlten. Sprechen wir
1901 582 3010 654 den ich nicht näher eingellen will, obwohl der Abgang
1903 631 3013 671 der Forst einen ernsten Verlust für unsere Hofoper be¬
791 640 1880 688 zunächst allgemein von der Spieloper. Sie kann so
791 674 1887 722 wenig wie das feine Lustspiel einer gewissen Intimität
1911 672 3010 744 deutet, weil ich dieses Blatt nicht für das geeignete
783 730 1888 780 entraten. Schion vor etwa 20 Jahren regte ich in einer
1917 714 3021 796 „Forum“ zur Erörterung so unerquicklicher Vorgänge
1904 762 2050 830 halte,
793 767 1885 832 Wiener musikalischen Zeitschrift die Schaffung eines
782 810 1888 862 dritten, kleinen Hostheaters an, in welchem Lustspiele,
1987 784 3023 878 Frau Francillo-Kauffmann verfügt nicht
781 855 1892 895 Spielopern und kleine Ballette aufzuführen wären. Dieser
1902 851 3011 898 über genügende Qualitäten für die Norina. Herr
792 898 1894 947 nicht nur vom künsllerischen, sondern auch vom materi¬
1905 903 3006 955 Schrödter wäre noch vor zehn Jahren ein aus¬
783 935 1888 983 ellen Slandpunkte erwägenswerte Vorschlag hat seither
1903 939 3016 989 gezeichneter Ernesto gewesen, heute hälte man ihm und
1913 982 3005 1051 seinen unzähligen Verehrern die traurige Erkenntnis,
791 982 1889 1031 an Aktualität nichts verloren. So oft ich im Hofopern¬
789 1031 1889 1096 theater eine Spieloper, im Hofburgtheater — ich kannte
1905 1026 3016 1088 dass dieser Mann mit der jugendlich süssen Stimme
786 1074 1885 1126 eben noch das alte — ein Lustspiel hörte, vermisste
1906 1072 3019 1140 alt geworden ist, ersparen sollen. Die ganze Wirkung
1905 1115 3022 1177 der Duette, Terzette und Quartette, aus denen „Don
781 1124 1889 1179 ich die Intimität des Raumes, den Kontakt zwischen
780 1163 1890 1218 Bühne und Publikum, ohne die eine volle Wirkung nun
1897 1162 3006 1224 Pasquale“ besteht, ist auf den Zusammenklang wohl¬
784 1216 1887 1270 einmal nicht möglich ist. Die Stimmen auf der Bühne
1911 1205 3007 1263 abgetönter, frischer Stimmen aufgebaut. Die Kauffmann
790 1263 1888 1318 und im Orchester zerflattern im grossen Hause, unserem
1905 1256 3016 1304 ist stimmlich unzureichend, Schrödters Gesang klingt
774 1289 1889 1373 an Polyphonie und krasse dynamische Effekte gewöhnten
1912 1304 3015 1358 gequält, trotzdem die Partie punktiert und teilweise
1307 1348 1909 1420 Osohee lorhanlailiine noch“
1905 1344 3005 1398 transponiert gesungen wurde, Mantler als Don
1907 1399 3017 1453 Pasquale versucht durch allerlei, oft übertriebene
1909 1441 3014 1489 schauspielerische Details die Humorlosigkeit seines Ge¬
1910 1476 3014 1533 sanges zu ersetzen; am besten wird noch Herr Ritt¬
1906 1520 3002 1570 mann seiner Partie gerecht. Aber diejenigen, die da
1907 1564 3011 1623 gehofft hätten, in Stimmenwohlklang zu schweigen,
1907 1614 2529 1672 wären arg enttäuscht worden.
1990 1632 3009 1700 Unter solchen Umständen kann es nicht wunder¬
1903 1702 3014 1760 nehmen, dass alle Wiederbelebungsversuche an dem
1903 1745 3005 1805 alten „Don Pasquale“ scheiterten. Auch die künstliche
1904 1792 3008 1848 Atmung, welche eine übereifrige Regie anwenden zu
1905 1843 3010 1894 müssen glaubte, verfing nicht. Die Sänger sind in ewiger
1902 1879 3013 1925 Unruhe, jede Figur der Koloratur wird durch eine
1909 1914 3018 1976 Körperbewegung unterstützt, Don Pasquale klettert auf
1909 1968 3013 2021 einen Tisch, Norma springt auf ein Sofa und setzt
1911 2015 3006 2079 während ihrer Kavatine, nachdem sie einige Zeit nicht
1910 2045 3017 2116 eben sehr ästhetisch auf dem Bauche liegend gesungen,
1900 2102 3011 2155 vier oder fünf Polster unablässig in Bewegung. Es
1915 2142 3020 2194 scheint fast, als liessen die Erfolge Reinhardts
1906 2183 3023 2243 Herrn Direktor Gregor nicht schlafen. Ich will aber
1902 2235 3017 2288 hoffen und wünschen, dass der neue Direktor der Hof¬
1899 2273 3014 2337 oper nicht nur den Ehrgeiz haben wird, schöne Bilder
1907 2337 3012 2391 zu stellen und seine Regiekunst und Regiekünste
1901 2371 2145 2439 zu zeigen.
1979 2397 3017 2468 Die musikalische Leitung hatte Kapellmeister
1902 2454 3012 2508 Reichenberger. Das Orchester war jedenfalls
1911 2506 3024 2550 das Beste an der ganzen Aufführung. Die Ouverture und
1911 2551 3008 2601 die Zwischenspiele, von denen das erste besser weg¬
1909 2590 3005 2652 bliebe, wurden fein nuanciert gebracht. Dass die Regie,
1910 2633 3015 2696 wie ich oben andeutete, die musikalische Interpretation
1907 2695 3016 2741 eines Werkes ungünstig beeinflusst, ist bedauerlich, ja
1910 2725 3014 2788 gefährlich. Was kann der Dirigent, wenn er nicht eine
1908 2768 3019 2826 ganz überragende Persönlichkeit ist, gegen die Autorität
1911 2809 3017 2879 des Direktors ausrichten? Diese Frage könnte noch
1914 2868 2561 2934 eine grosse Bedeutung erlangen.
1988 2883 3013 2952 Das neue Tanzpoem „Nippes“ hat den Verehrern
1905 2950 3024 2998 des Balletts sehr gut gefallen. Eine nicht ganz originelle
1905 2990 3022 3049 Idee, die Belebung von Nippesliguren auf einer Rokoko¬
1902 3052 3019 3096 etagère, gibt zu netten Tänzen und in weiterer Folge
1900 3079 3017 3140 zu drei entzückenden lebenden Bildern Anlass. Josef
1906 3133 3013 3192 Bayer, der Vater der „Puppenfee“ hat diesem Enkel¬
1900 3170 3012 3220 kinde einen Strauss netter, wenn auch nicht ganz
1901 3215 3020 3256 frischer Tanznummern- in die Wiege gelegt Aus der
1901 3252 3025 3321 Taufe wurde das Kind im Schönbrunner Schlosstheater
1896 3307 3011 3376 gehoben; es war auch für dieses Tanzpoem das richtigere
1906 3350 2061 3421 Milieti.
2807 3351 2975 3412 E. P.
2080 3379 2195 3478 4%
2559 3372 2898 3490 Schn.
2863 3448 3026 3542 22
2050 3457 2869 3547 „Der Schleier der Pierette.“
1980 3532 3010 3616 Eine Pantomime, z der ArnSchnitdler die
1903 3582 3005 3644 Handlung, Ernst v. Dohnanyi die musik beigestellt hat.
1902 3632 3005 3694 Die Tatsache, dass sich diese beiden Talente zu gemein¬
1907 3668 3007 3730 samer Arbeit zusammengelunden, ist an sich so
1908 3722 3013 3774 erstaunlich, dass mir die weitere Tatsache, dass dieser
1905 3769 3008 3823 erste Versuch nicht ganz geglückt ist, diese Fraude
1882 3807 3022 3872 nicht zu trüben vermag, besonders weil ich heffe, diese
