3436 4384
1969 125 2416 218 box 28/1
241 150 1817 234 23. Der Schleiender Pierrette
1654 609 2209 713 Schaubühne, Berlin
1137 658 1523 748 vom: 17. APf
1556 678 1736 778 191
1121 741 1164 780 —
2043 738 2328 826 F
999 748 1176 844 „
942 844 1869 957 Spieloper und Pankomime
1652 924 2326 1035 von Fritz Jacobsohn
1009 1020 2324 1100 EErnst von Dohnanyi hat sich auf beiden Gebieten versucht
1009 1092 2320 1139 S und hat mit der Spieloper Tante Simona' ebensoviel Miß¬
1001 1130 2327 1187 erfolg gehabt wie mit der Pantomime „Der Schleier der
994 1179 2326 1230 Pierrette Erfolg. Die Spieloper ist zum großen Teil an dem
991 1233 2321 1293 minderwertigen, ganz indiskutablen Text gescheitert, und bei
988 1278 2324 1337 der Pantomime hat Schnitzlers handfestes, spannendes und
993 1323 2317 1392 raffiniertes Buch den Hauptanteil am erfreulichen Eindruck.
1091 1375 2320 1430 Dohnänyi ist als Pianist geschätzt, als Kammermusik=Kom¬
999 1429 2320 1476 ponist geachtet und als dramatischer Komponist ein Neuling.
994 1479 2326 1515 Nach dieser Spieloper zu urteilen, steht er den Anforderungen
993 1527 2333 1587 der Opernbühne hilflos gegenüber. (Davon gar nicht zu reden,
974 1609 2301 1675 daß ein Komponist, der dieses Textbuch dem Papierkorb vor¬
978 1675 2308 1727 enthält, nicht gerade schmeichelhafte Rückschlüsse auf sein geistiges
976 1714 2305 1795 Niveau zuläßt.) Aber dem Musikantentum Dohnänyis in
990 1787 2309 1828 absolutem Sinne ist die Sympathie nicht zu versagen. Er
977 1808 2304 1862 hat sich bei dieser Spieloper im Stil und Ton zwar ganz
984 1856 2315 1933 und gar vergriffen, hat ein Sammelsurium bekannter Phrasen
981 1937 2310 1972 und Themen zusammengeschrieben und macht von der schlimm¬
977 1955 2312 2021 sten Untugend des Opernkomponisten, zu langweilen, herzhaft,
972 2022 2310 2068 naiv und ausgiebig Gebrauch. Aber Ansätze sind nicht zu
979 2066 2317 2124 verkennen. Er baut in Liebesduetten auf volkstümlichen Themen
977 2118 2311 2182 Steigerungen auf, die sich hören lassen können, operiert ge¬
979 2155 2315 2219 schickt mit dem Orchester (wenn auch im Affekt viel zu derb)
982 2218 2317 2274 und ist sogar so revolutionär, als Hochschul=Lehrer eine ganze
980 2263 2318 2328 Strecke munterer Quinten zu schreiben. Die Gemeinplätzlich¬
983 2301 2318 2357 keit seiner Ausdrucksweise, ihre vollkommene Unoriginalität,
978 2357 2322 2417 wird gemildert durch eine innere Verwandtschaft mit Schumann
969 2412 2309 2480 und Brahms, die ja auch, wie ihr Nachtreter, der Opern¬
978 2464 1463 2525 bühne fremd blieben.
1069 2488 2314 2550 Die Pantomime ist ein erweiterter und vergröberter Schu¬
980 2540 2320 2620 mannscher Karneval', steht aber turmhoch über der Spiel¬
974 2609 2308 2661 oper, und zwar so, als wären beide Werke von ganz ver¬
987 2652 2326 2720 schiedenen Komponisten geschrieben. Hier, wo es nur eine
978 2699 2318 2765 illustrierende Musik auf symphonischer Grundlage gilt, zeigt
978 2735 2320 2804 es sich, was Dohnänyi kann. Er hat nicht nur das technische
981 2789 2322 2856 Rüstzeug des in klassischer Schule groß gewordenen Musikers,
989 2856 2312 2906 sondern verfügt auch, angeregt durch Schnitzler, über Phan¬
976 2871 2326 2969 tasie und eigene Ideen in der Ausarbeitung. Seine Thematik
989 2958 2315 3012 hat zwar auch hier keine ausgesprochene Physiognomie. Aber
988 2999 2321 3054 ihr Charakter neigt sich wenigstens modernen Vorbildern zu
979 3044 2323 3123 und paßt sich den Vorgängen der Handlung im Ausdruck und
992 3101 1451 3165 Kolorit geschickt an.
1065 3141 2320 3194 Das Deutsche Opernhaus hatte bei der Pantomime von
987 3200 2329 3255 vornherein gewonnenes Spiel, weil zu Schnitzler und Dohnänyi
981 3252 2325 3299 die Schauspielerin Elsa Galafris käll. Sie hat eine
987 3287 2325 3352 größere mimische Ausdruckskraft im Affekt als eiwa Grazie
990 3339 2319 3402 und Liebenswürdigkeit, was bei dieser Rolle nur gut ist.
993 3396 2329 3454 Ihre Leistung ist durchdacht und verdeutlicht ohne Zwang die
980 3445 2326 3497 musikalische Absicht. Ohne das Letzte, Packende, aber klug
991 3492 2331 3551 und impulsiv: so ist ihre Pierrette. Sonst fiel noch Einar Linden
995 3537 2318 3589 durch Nijinski=Beine auf. Im Mittelbild zeugten die angst¬
985 3586 2325 3629 voll durcheinanderstürmenden Hochzeitsgäste von fleißiger Regie¬
980 3634 2334 3694 arbeit. Die stimmungsvolle Dekorationen priesen Wunderwalds
982 3692 2326 3757 Geschick. Wogegen in Tante Simona' auch gesungen wurde,
986 3730 2333 3818 was für die Sänger und Zuhörer gleichermaßen undankbar war.,
