3436 4384
1969 222 2367 330 box 28/
256 243 1832 365 23. Der Schleier der bierrette
744 1581 3199 1679 ein Quell von Energien; ihre reizbare Zartheit wird Ursache forderlich), mußte er unter günstige Wachstumsbedingun¬
183 1623 734 1697 daß Dohnanyi nirgends
740 1656 3187 1733 von außerordentlichen Willensakten. Hedda ist die leiden=gen gestellt werden. Die ergaben dann das scheinbar In¬
163 1657 732 1751 und auch niemals versucht
733 1704 3195 1775 schaftliche Revolte gegen alles Enge, Kleine, Unfreie, Re= dividuell=Wichtigste des Falles. Aber sie sind das Neben¬
153 1717 741 1790 soluten Instrumentalmusik
1968 1761 3180 1825 sächliche; sie sind nichts als experimentellen Hilfen. All
742 1757 1961 1833 signierte, Dumpfe, Verkümmerte, Alltägliche. Sie ist der
148 1772 732 1846 erisches Prinzip, das des
1948 1821 3170 1875 dies: die Schwangerschaft, die Hysterie, die Rasse, die
740 1824 1591 1882 gesthetische Protest gegen das Leben.
153 1822 735 1898 . Die dramatische Hand¬
1958 1856 3177 1920 ökonomischen Verhältnisse, der besonders läppische Ehe¬
827 1846 1967 1930 Hier schwellen die Wurzeln bösester Konflikte zwischen
163 1871 747 1946 das typisch=Wienerische in
1961 1906 3176 1966 mann: all dies gibt, gemengt, nur gleichsam den idealen
735 1920 1970 1978 Mann und Weib. Wie eine Harfe ist das Nerveninstru¬
161 1923 733 1999 he Walzer im Stile Lan¬
1969 1960 3185 2023 Nährboden, auf dem jener Keim üppig in die Höhe trei¬
748 1963 1958 2040 ment hochgearteter Frauen, eine rührend schön und süß
176 1967 743 2045 originelle Polka auf den
1964 2001 3177 2083 ben konnte. Bei weniger guten Bedingungen wäre er eben
754 2022 1957 2080 tönende Harfe, wenn behutsame, zarte und zärtliche Finger
165 2017 731 2091 kumente machen dem Kom¬
1966 2059 3182 2118 nur bis zu kümmerlichen Nervositäten, zur Unverträglich¬
743 2067 1962 2132 daran rühren. Eine Schleuder aber, eine tötlich treffende
169 2075 744 2162 die motivische Musik zeugt
1961 2105 3180 2189 keit, zur morosen Laune gediehen, vielleicht auch ganz
749 2116 1959 2177 Schleuder wird es für den Mann, der zu plumpe oder zu be¬
1969 2151 2237 2232 abgestorben.
749 2162 1958 2249 schäftigte Hände hat, oder dessen Sinn nicht auf Musik
161 2161 755 2267 mtkunstwerkes einzuhalten,
749 2229 1041 2309 gerichtet ist.
2049 2212 3192 2300 Die Dramen Henrik Ibsens haben fast alle diesen
170 2243 748 2306 kstellung das Gepräge der
846 2274 3186 2334 Die Hedda Gabler ist durchaus ein typischer Fall Charakter eines fesselnden, zwingenden, scharfsinnig erdach¬
166 2281 750 2360 ht den Darstellern der Pan¬
1964 2322 3183 2390 ten, kühn und sicher vollendeten Experiments. Wie ein
750 2307 1958 2389 (so bedingt er sich auch darstellen mag.) Knirschend spürt
168 2337 756 2414 aß sie in ihrer Gebärden¬
1963 2371 3179 2438 exakter Forscher arbeitet er. Setzt die Materie, um ihre Ge¬
748 2375 1958 2443 Hedda das Ehediktat und haßt das Kind unter ihrem
171 2386 744 2469 sten Schablone der Ballett¬
1962 2422 3178 2489 heimnisse zu enthüllen, ihre eigentümlichsten, sonst schlum¬
748 2418 1970 2513 Herzen. Es ist das Kind eines ungeliebten Mannes, und
168 2440 747 2520 stumme Spiel aus der un¬
1977 2474 3183 2535 meinden Kräfte frei werden zu lassen, besondern Druck,
755 2475 1971 2538 es ist für sie, die Schönheits= und Bewegungsschwärmerin,
177 2476 759 2557 inneren Vorgänge erstehen
1965 2521 3183 2591 besonderen chemisch=mechanischen Einwirkungen aus. Was
766 2517 1979 2591 der qualvoll merkbare Ausdruck des Schwer= Breit= Unbe¬
178 2537 763 2612 wirkte das Spiel der Frau
759 2564 3193 2646 weglichwerdens. Regt sich nicht in jeder feiner fühlenden sich jedoch dann erkennen läßt, das ist Eigenart des ganzen
163 2588 763 2668 #ngen lag Natürlichkeit, und
763 2624 3191 2684 Frau, für Augenblicke wenigstens, dumpf und unklar viel= Stofses, dessen Enträtselung das Experiment galt, nicht
165 2639 762 2728 uch nur um eine Fingerbe¬
761 2673 3193 2752 leicht, ähnliches Empfinden? Wenn es auch gleich auf= des speziellen Stückchens im Versuchsapparat. Nicht Zu¬
174 2677 762 2757 les von einer Klarheit und
770 2723 3186 2794 gesogen wird von Mutterinstinkten, Pflichtbewußtsein und fälle werden sichtbar, sondern Naturgesetze. Naturgesetze,
184 2733 766 2812 t auf das gesprochene Wort
1974 2781 3181 2845 die der Forscher, hier der Dichter, durch weise Häufung
771 2771 1975 2837 den Lyrismen des Kinderkriegens. In jeder Frauenseele
176 2791 770 2861 ers markante Momente in
1970 2825 3186 2883 und Lenkung hilfreicher Zufälle zur sinnfälligen Erschei¬
766 2825 1964 2884 liegt der Hedda=Gabler=Keim. Die Dichtung zeigt ihn nur
178 2835 775 2916 kritt im zweiten Bilde, der
760 2858 3194 2962 in seiner üppigsten Entfaltung. Und damit er sich so nung zwang... Der Hedda=Gabler=Keim schlummert in
179 2879 766 2960 uungen Pierrots und schließ¬
187 2913 2388 3016 desangst zum Wahnsinn sich kraß entwickeln konnte (wie's zum dramatischen Zweck er= jeder Frauenseele.
