3436 4352
1475 135 2226 250 —
798 199 1471 279 Enhver, som kjender Richard
1476 221 2247 319 rad Hopfner kaldes til sin svoger,
712 229 2241 357 Wagners senere verker, vil vite, at#friherre Hugo von Neustift for at
710 308 1465 390 der findes dramatiske situationer,
1480 332 2237 436 undersoke denne, da han foler sig
704 366 1463 451 Evor ord ikke alene er overflodige,
1478 391 2230 457 syk. Doktoren erklarer, at den unge
707 425 1465 510 men vilde virke likefrem forstyrrende,
1472 447 2234 547 mand bare har en kort tid at leve.
712 502 2226 589 mens det stumme spil og orkestret i! Friherren gripes forst av en forfar¬
705 554 2247 657 forening utfylder de kunstneriskedelig angst, men fatter sig saa og
696 611 2225 690 krav. Idealet av en pantomime vilde Itruer med at skyte doktoren for av
701 679 2231 749 viere, om en riekke av saadanne sce-Idenne at lare, siger han, hvoriedes
695 708 1468 799 ner kunde sammenfoies til et helt
1473 733 2238 817 man skal se deden i einene. Litt
704 780 2224 895 verk. En saa streng fremgangsmaate efter litt begynder doktoren at tro,
699 845 2233 952 vilde sikkert volde de storste van-at truslen er alvorlig ment. Han
695 909 2234 996 skeligheter, og — saavidt mig be-gaar da fra moraliseren over til at
698 959 2231 1074 Kjendt — er det heller ikke forsokt. Itrygle om sit liv, idet han samtidig
750 1015 2227 1130 Man er i pantomimen vant til at forsikrer Hugo, at han ikke skal de:
685 1075 2205 1166 finde optrin, hvor tale eller sang er  „Jeg skal gjere alt for at redde dig.“
688 1119 2229 1231 underforstaat. Dette er da ogsaa til- Men da hverken benner eller lofter!
688 1177 2212 1278 stoldet i Schnitzlers og Dohnanvis nytter, skjalder han Hugo ut for po¬
693 1253 2224 1349 pantomime „Brudesioret“, som bel og roper det pleiske hat, han
691 1301 1462 1384 igaaraftes opfertes for ferste gang paa
1456 1307 2214 1406 altid har felt til sin svoger. Hugo
682 1353 1016 1435 nationalteatret.
1443 1353 2211 1468 lofter pistolen idet han siger: „Nu er
747 1417 1446 1520 Da personerne er og skal vare
1452 1438 2219 1537 du ferdig“, og doktoren falder be¬
675 1488 1437 1576 stumme, maa saa et eller andet or¬
1456 1499 1882 1573 svimet om i stolen.
683 1549 1453 1627 kesterinstrument optrade paa deres
1497 1547 2211 1652 Dette korte referat gir bare til¬
678 1609 1451 1694 vegne og uttrykke, hvad situationen
1463 1612 2225 1713 narmelsesvis en idé om, hvor lavet
684 1671 1446 1745 kraver. Orkestret maa altsaa kom¬
1458 1668 2224 1749 stykket er. Det er den rene konstruk¬
672 1728 1442 1803 me til at spille en endnu sterre rolle
1457 1727 2227 1812 tion, uten natur og — paa enkelte
676 1774 1442 1852 end i den moderne opera. Det skal
1446 1781 2243 1882 repliker ner — uten poesi. Doktoren:
681 1829 1439 1926 ikke alene overta karaktertegningen,
1448 1852 2202 1941 er saaledes mermest en bunke sur
676 1910 2206 1994 sjeielivets avskygninger og stem-pidagogik. Jo mere man ser av ham,
677 1969 2211 2057 ningsmaleriet; men det skal ogsaa desto mere undrer man sig over, at
677 2030 2200 2084 ved forskjellige leiligheter forestille denne kolde moralprakende dum¬
677 2078 2235 2148 selve den menneskelige stemme. rian, som bare beundrer sig selv, harst
730 2130 2245 2239 Naar dette gjeres i „Brudesloret“, kunnet vinde et navn som lage. Det!
665 2202 2198 2281 synes virkningen mig at vare- man derfor regnes hr. Nicolai Hal¬
663 2244 1435 2336 langt ringere, end ved de strengt pan¬
1449 2250 2249 2361 vorsen til ire, at han fik gjort dok¬
674 2301 1425 2400 tomimemessige optrin. Blandt disse
1440 2312 2195 2401 toren saapas utholdelig, at man
675 2359 1430 2451 sidste skal jeg navne den gripende
1434 2367 2192 2459 fulgte hans optraden med en slags
672 2434 1430 2508 avslutning, hvor Pierrette danser sig
1429 2410 1866 2502 nysgjerrig interesse.
672 2483 1430 2555 ind i vanvid og ded. Her har baade
1478 2457 2233 2568 Ludvig Müller hadde som friherre
664 2530 1425 2634 forfatter og komponist gjort det hel¬
1440 2538 2237 2658 Huge en naturlig replikfering. Og
664 2596 942 2685 digste grep.
1427 2609 2192 2712 han fik godt frem den fordringslese
728 2666 2216 2741 Forovrigt er musiken for det meste levnhet hos denne adelsmand, Selv¬
1425 2712 2197 2824 telgelig kunde han ikke aapenbare
663 2723 1414 2809 holdt i en meget fornem stil. Dens
1436 2771 2198 2866 os det, som forfatteren omhyggelig
659 2785 1417 2858 karanter er avgjort nytysk, og paa¬
1423 2808 2181 2910 holder skjult, nemlig hvorledes
661 2847 1409 2926 virkningen fra Wagner let paaviselig
1424 2895 2177 2981 Hugo pludselig fatter sig fra sin for¬
658 2899 1416 2984 Et meget morsomt indfald er den
1424 2937 2178 3035 tvilede dedsangst saa meget, at han
659 2963 1409 3041 snurrige orkesterkolorit, som anven¬
1430 3006 2194 3105 kan koldblodig eksperimentere med
664 3017 1426 3090 des, efter at Arlechino i raseri har
1428 3059 1638 3136 doktoren.
660 3064 1426 3155 halvveis edelagt musikanternes in¬
662 3132 916 3203 strumenter.
1480 3118 2181 3211 Som friherrens sester og dokto¬
1418 3187 2182 3259 rens hustru har Aagot Nissen i et
723 3185 1402 3282 Opfereisen paa nationalteatret
1417 3237 2178 3319 par scener at optra maglende mel¬
657 3260 1407 3336 forekom mig at vire meget god. Sar¬
1423 3288 2195 3368 lem de to meend. Hun gjorde det
649 3316 1410 3396 lig blev hovedrollerne udmerket frem¬
1419 3353 2066 3442 tekkeligt og ganske nuanceret.
657 3365 1425 3449 stillet av fru Gyda Chrisiensen
1474 3410 2185 3519 Det geut besatte hus kaldte de
671 3436 1420 3514 samt herrerne Eide og Ingolf
1422 3475 2133 3552 spille: ’e frem under sterkt bifald.
651 3487 1418 3576 Schanche. Dansen tror jeg kun¬
656 3544 1440 3627 de ha veret fantasifuldere arrangeret.
1981 3543 2149 3624 L. H.
717 3619 1421 3698 Orkestret var fortrinlig indstude¬
651 3655 1424 3752 ret av kapelmesier Halvorsen, og
656 3726 1422 3819 treblaserne, som var betankt med
666 3801 1418 3872 nange soloer, utferte sine taknem¬
646 3836 1372 3936 lige partier med tydelig interesse.
698 3910 1430 4008 Pantomimen blev mottat med liv¬
639 3965 905 4056 ligt .bifald.
1416 3986 1469 4059 1
1218 4054 1484 4154 Hj. B. r.
