3392 4384
194 235 384 318 23.
1916 199 2333 291 box 28/1
387 230 1808 312 Derschieier der ferrette
1222 890 1976 982 —————
2036 993 2124 1068 9
2172 1018 2484 1101 ben 251
769 1053 1073 1130 s 2. „ahr 114#
1007 1051 2420 1174 AU
1626 1155 2541 1231 verräterisch dürftig und nichtssagend wird,
752 1185 1625 1254 hat Dohnanyi derart versagt als in diesem letzten
1641 1210 2511 1268 wenn sie, bloß vom Willen und vom Verstand
764 1236 1633 1297 Bild, in dem das dämonische, furchtbare Spiel
1644 1257 2501 1318 gelenkt, dem ihr nicht Gemäßen tönende Ge¬
756 1283 1627 1330 in seinen Kontrasten von Hochzeit und Tod,
1640 1282 2519 1352 staltung geben soll. Man wird Dohnanyi gern
752 1310 1636 1369 von Lieben und Verraten, von Grausamkeit
1635 1333 2516 1395 wiederbegegnen, am liebsten Arm in Arm mit
757 1353 1623 1418 und Wahnsinn duren Töne überzeugen könnte,
1649 1370 2519 1433 Arthur Schniteler; sei es wieder mit einer
762 1397 1626 1454 die einer fieberischen Phantasie entsprungen, als
2002 1403 2508 1457 — was noch schöner wäre —
1634 1420 2009 1475 Pantomine, sei es —
756 1437 1632 1489 klingende Sinnbilder eines entsetzlichen Trau¬
1645 1433 2518 1515 mit einer Komödie: aber dann wirklich mit
770 1470 1631 1538 mes einer angstgeschüttelten Seele abgerungen
1642 1482 2521 1545 einer, in der Wien steckt, seine Plätze und
772 1512 1629 1577 worden sind, widerwillig empfangen, zur Selbst¬
1644 1516 2518 1591 Brunnen, seine lächelnden schönen Frauen,
769 1549 1633 1613 befreiung aufs Papier gebannt, geisterhafte,
1652 1566 2518 1634 galante lünglinge, eine bestrickende Atmosphäre
776 1591 1631 1651 aufpeitschende, die Kehle zusammenschnürende
1649 1604 2522 1682 von Sinnlichkeit und nonchalanter Sentimen¬
767 1628 1642 1689 Klänge von schauerlicher, aber gebieterischer
2111 1642 2479 1716 Kichard Specht.
1654 1656 1873 1725 talität
769 1667 1634 1726 Gewalt. Während hier nur kühle Verstandes¬
768 1719 1636 1765 technik waltet, nirgends ein impulsiver Laut
1828 1736 2327 1811 Deutsches Volkstheater.
773 1746 1646 1820 erklingt, nur die Geschicklichkeit eines witzigen
770 1790 1647 1854 Kopfes, ohne innere Erschütterung, fast gleich¬
1956 1797 2230 1853 Anathema.
778 1826 1651 1895 giltig in ihrem Aufruhr, absichtlich in ihrer Dar¬
1716 1831 2537 1905 „Ein Spiel zwischen Himmel und Erde“.
771 1865 1646 1927 stellung des Irrsinns (der Wahnsinnstanz Pier¬
1661 1880 2518 1944 Aber keines für die Bühne. Gleichsam ein drama¬
781 1900 1637 1971 rettens ist aus zweiter Hand und dem originären
1651 1918 2520 1975 tischer Versuch am untauglichen Objekt (würde
784 1946 1636 2005 genialen Einfall der sprunghaften unsinnigen
1662 1956 2531 2020 ein lurist sagen). Problematische Auseinander¬
785 1980 1635 2047 Tonfolgen der Herodesmotive in „Salome“ ge¬
1652 2005 2533 2070 setzungen über Gott und die Welt, Ewigkeit
775 2020 1639 2087 wandt nachgebildet) — vor allem aber gänzlich
1666 2036 2538 2100 und Erkenntnis als Bausteine zu einem Theater¬
777 2068 1654 2119 leer und nichtssagend in all ihrem Tumult und
1662 2081 2525 2138 stück .— welch ein Riesengebäude müßte das
775 2100 1644 2157 ihrer kalten Raserei. Ganz anders der wirklich
1658 2107 2524 2176 werden! Und kann es auch. Beweis der Goethe¬
787 2139 1644 2211 geistreiche erste Akt, dem leider nur das Alt¬
1657 2148 2539 2227 sche Faust oder Byrons „Kain“ oder Madachs
780 2181 1642 2238 wienerische in der Musik völlig mangelt, der
1672 2188 2528 2265 „Tragödie des Menschen“. Andrejet gibt nur
788 2220 1645 2286 aber, ohne wirkliche Eigenart der Erfindung,
1663 2223 2534 2298 die Basis und baut mit porösem Material. Auch
790 2260 1659 2321 doch auf das witzigste und charmanteste die
1673 2273 2535 2338 der Kitt ist schlecht. Kein Monumentalbau
780 2297 1649 2362 Vorgänge illustriert, in Einzelnheiten (wie in
1661 2323 2531 2394 aere perennius. Mehr Ankersteinbaukasten...
784 2335 1657 2396 dem unheimlichen Marsch beim Abschiedsfest, in
2051 2359 2098 2422 □
780 2372 1653 2453 der Liebesszene) und in dem musikalisch und
1732 2398 2546 2471 Wedekind über den Dichter: „Mit Gott und
782 2412 1649 2476 dramatisch vortrefflichem Umbilden und Ver¬
1669 2450 2537 2524 Weltall spielt er kühne Spiele — der Dichter
790 2454 1663 2516 weben der Motive wirklich fein gearbeitet ist
1672 2498 2542 2548 wird longleur...“ Auch Andrejew jongliert.
794 2497 1648 2557 und den ernsthaft zu wertenden Musiker zeigt,
1668 2522 2536 2587 Aber die Virtuosität fehlt. Hundert Probleme
798 2534 1651 2595 dem auch in der (allerdings sichtlich den Klavier¬
1668 2565 2547 2625 schleudert er in die Cuft; aber die empfangs¬
795 2573 1655 2644 künstler und nicht den orchestral Denkenden
1667 2580 2571 2667 bereiten Hände des longleurs fangen sie nicht
785 2608 1654 2672 Verratenden) Instrumentation viele überraschend
1672 2663 2551 2707 wieder. Eines nach dem andern fällt zu Boden.
786 2651 1655 2716 feine Gourmandisen gelingen.Bedenklicher wirkt
1678 2686 2564 2746 Man ermüdet im Zusehen ob der steten Ent¬
794 2695 1656 2751 der Hochzeitswalzer im zweiten Akt, der nur derb
1677 2724 2543 2783 täuschung und ist froh, daß er wenigstens jenes
788 2731 1654 2788 und auf robuste Wirkung angelegt ist; ein
1686 2755 2579 2825 wieder fing, mit dem er dies Spiel zwischen
793 2773 1668 2831 zierliches Nenuett in G-Dur bringt endlich den
1682 2814 2203 2881 Himmel und Erde begann.
803 2821 1671 2871 altväterischen Ton — nur zu kurz, wie denn
802 2846 1670 2916 überhaupt helle, freundliche Kontraste, die in
2073 2858 2153 2926 □
802 2899 1674 2951 der Hochzeitsszene nützlich gewesen wären,
1735 2883 2581 2964 Symbole. Anathema, der gefallene Engel,
801 2924 1674 2993 allzu sehr vermieden sind. Ein paar hübsche
1676 2950 2555 2999 dem die letzten Erkenntnisse versagt sind, der
795 2967 1664 3028 Züge: die Verbindung der Motive, wenn der
1681 2994 2549 3045 Empörer wider Gott, David Ceiser, der von ihm
799 3005 1676 3080 tote Pierrot mit dem Schleier erscheint, die
1684 3016 2555 3091 zur Unsterblichkeitsgloriole hinaufgeschleuderte
810 3043 1675 3118 variierten Themen bei den analogen Situationen
1683 3051 2573 3125 arme Mensch, der Wächter des Tores (nenn ihn
800 3089 1672 3143 des ersten und dritten Aktes, die (an sich sehr
1686 3096 2559 3161 Gott selbst, Naturwalten, oder Erzengel mit
813 3133 1668 3188 nibelungenhafte) Erfindung des Pierrotmotivs,
1684 3143 2554 3204 dem flammenden Schwert des Himmelshüters).
806 3177 1674 3222 in dem ein Teil des Pierrettenthemas wie ein
1683 3178 2560 3228 Vorspiel: Anathema fieht den Wächter an, einen
812 3208 1667 3270 Herz schlägt. Daß ihm viele sehr sicher kontu¬
1688 3217 2550 3283 Blick in den Spalt tun zu dürfen, der zwischen
812 3235 1672 3310 rierte kleine Tonbilder gelingen, braucht bei
1687 3255 2557 3322 den Felsen klafft, die irdische Wissensendlichkeit
809 3288 1677 3340 einer Begabung seines Ranges nicht erst gesagt
1690 3301 2558 3362 von göttlicher Unendlichkeit scheiden. Verzweifelt
816 3310 1684 3385 zu werden. Und eigentlich spricht es für die
1682 3334 2557 3400 über seine Ausschließung von den letzten Er¬
817 3357 1674 3416 Geradheit dieser durchaus heilen, freundlichen
1688 3355 2588 3437 kenntnissen will er einen vernichtenden Streich
812 3409 1677 3462 Begabung, daß sie sich nicht zum Ausdruck des
1701 3410 2568 3488 gegen die göttliche Überhebung führen und
811 3435 1684 3514 ihr Abseitsliegenden zwingen läßt und sofort
805 3479 2630 3574 —————————
