3392 4352
545 209 635 269 e
296 207 1875 330 23. ## Schleier der Pierrette
1371 1073 1742 1172 Trlenhen 72. 38t. C
1452 1155 1581 1235 ###
950 1160 1126 1258 90
1114 1196 1271 1256 8
840 1226 1509 1305 USUHRVEN
656 1279 1739 1357 Isterr. bebördl. konz. Unternehmen für Zeitange-Ausacaalite
831 1342 1548 1408 Wien, I., Concordiaplats 3.
1035 1397 1372 1465 Vertretutgen
633 1431 1752 1507 in Berlin, Basel, Budapest, Chicago, Eleveland, Christlani.s,
646 1487 1744 1536 Oenf, Kopenhagen, London, Madrid, Malland, Minneapolis
651 1530 1753 1590 dems-Vork, Paris. Rom, San Francisco, Stockheim, St. Peters.
1039 1572 1343 1625 burg. Toronta.
961 1597 1351 1669 Gauienangebe  0.
1214 1612 1871 1709 erger Hartung'sche Zeit##
633 1667 1093 1753 Ausschnitt aus:
1213 1689 1714 1772 Königsberg 1. Pr.
992 1762 1288 1839 74. 1. 1910
645 1760 807 1832 vom
646 1811 1272 1883 Lr
597 1871 1814 1927 Dresdener Oper. Ueber die Uraufführung der Pe omime Artur
509 1929 1821 1986 Schitlers „Der Schleier der Pierrette“ mit der Musik den Ernst von
519 1962 1811 2032 h die am Sonnabend in Dresden stattfand, schreibt uns
516 2021 1282 2079 unser Dresdener E. R.=Korrespondent:
593 2072 1807 2129 Des Dichters und des Komponisten Namen birgt für einen Erfolg
518 2107 1818 2165 und hatte für ein ausverkauftes Haus gesorgt. Der Beifall war stür¬
516 2151 1810 2193 misch. Wohl 15 Male hob und senkte sich am Schlusse der Vorhang.
525 2190 1808 2236 Der Komponist, die Darsteller und Generalmusikdirektor von Schuch
517 2229 1813 2284 mußten sich immer wieder dem Publikum zeigen. Wir halten die Musik
520 2262 1815 2309 für eine starke Talentprobe, ein selbständiges Meisterwerk wollte uns
517 2300 1813 2359 schließlich der Komponist garnicht geben. Die Handlung, der
525 2342 1818 2401 Motive des Trauerspiels „Der Schleier der Beatrice", das
519 2381 1416 2434 der Dichter vor zehn Jahren verfaßte, zu
1417 2387 1818 2442 grunde liegen, ist
515 2418 1814 2486 fließend und packend. Vielleicht ist sie das Grausigste, was in
512 2458 1403 2507 der könglichen Hofoper je zur Darstellung kam.
603 2486 1814 2543 Immer klingt aber im tiefsten Schmerze das Lied der Sühne und
508 2521 1831 2585 Vergeltung und führt über all das Häßliche und Schaurige zu dem —
509 2577 1806 2631 sisthetischen Genuß des Tragischen. Eine Ballade ohne Worte ver¬
521 2620 1817 2656 tont, in der der Dichter den Grundton anschlägt und der Tonpoct die
512 2650 1802 2700 Stimmung aufnimmt und seiner Empfindung zu einer Schwingungs¬
515 2689 1802 2744 weite verhilft, in der sie sich ausleben konn. Er nimmt den Gedanken
510 2737 1801 2782 auf und gibt ihm erst sein Leben. Handlung und Ton fließen inein¬
514 2773 1810 2827 ander, ein Verschmolzensein, in dem der Gedanke an Intensität ge¬
514 2807 1811 2866 winnt und nachdrücklich zu uns spricht. Darin liegt der Reiz, das
525 2886 1833 2971 Geheimnis dieses großen Erfolges. Der Tonpoet hat seinen Dichter
531 2959 766 3026 gefunden.
622 2969 1832 3031 Die Musik hat Geist und Gefühlswert, sie ist schmiegsam, graziös,
542 3014 1837 3078 voller Leidenschaft, um dann wieder in tiefe Wehmut zu versinken.
547 3043 1845 3100 Sie durchsättigt die Handlung mit feinen Stimmungswerten und mit
548 3097 1851 3160 geistvollen Details. Der erfahrene Techniker zeigt Erfindungsgabe
549 3129 1837 3195 und Farbensinn. Es kommt zu prächtigen Klangwirkungen. Klare
557 3167 1849 3232 melodische Linien bauen die Gegensätze auf. Die Regie setzte die
558 3217 1776 3280 szenischen Ereignisse in eine Summe seiner Stimmungswerte um.
636 3233 1842 3311 Das Orchester unter von Schuchs Leitung schwelgte in edlem
545 3276 1847 3347 Wohlklang. Der Wechsel und die Gegensätze von den allerfeinsten
544 3325 1838 3384 dynamischen und rhythmischen Schattierungen, das tiefe Erfassen aller
546 3345 1847 3429 Nuancierungen und dann wieder die intuitive Art riß fort. Der ge¬
555 3392 1857 3452 niale Dirigent hatte einen Bonbenerfolg und wurde stürmisch ge¬
556 3459 707 3517 rufen.
644 3453 1847 3536 Man hatte mit großer Sorgfalt das Werk studiert. Die Dar¬
555 3510 1846 3586 steller, vor allem Frl. Tervani als Pierrette und Herr Soot als Pi¬
566 3545 1860 3618 errot, fanden sich überraschend gut in den Stil der Pantomime. Nach
570 3583 1857 3650 der vorzüglichen Wiedergabe des Werkes zweifle ich nicht, daß das
567 3623 1852 3690 Werk längere Zeit im Spielplane der deutschen Bühnen stehen wird.
2038 224 2460 315 box 27/5
2154 941 3094 1073 ADGLF SCHUSTERMANN
2043 1047 3195 1147 ZEITUNGSNACHRICHTEN-BUREAU
2214 1117 3014 1189 BERLIN SG. 16 RUNGE-STRASSE 25/27.
2147 1197 3206 1315 Zeitung Leipziger Neueste Nachrichten
2143 1311 2604 1422 Adresse: Leipzig
2143 1441 2358 1517 Datum:
2272 1536 2973 1667 Gheater und Wufift.
2043 1652 3257 1722 Der Schleier der Pierrette. Pautomime in drei Bildern von
1978 1667 3257 1755 Arthur Schnitzler. Musik von Eu#st von Dohnanyi. Ur¬
1987 1715 3256 1798 aufführung im königlichen Opernhause zu Dresden am 22. Januar.
1986 1752 3251 1842 (Telegxammsunseres Dresche musikalischen Mit¬
1975 1793 3254 1857 arbeitens.]Der als Klavierspieler und Komponist von Konzert¬
1976 1835 3250 1921 musik gut Gekankte, in Berlin lehende Ungar Ernst von Dohnanyi
1975 1870 3245 1956 betrat mit der Uraufführung der Pantomime „Der Schleier der Pier¬
1976 1905 3250 1997 rette“ zum ersten Male das Aich der Bühne. Der Vorgang beruht
1972 1948 3233 2039 auf einigen Szenen des dritten, vierten und fünften Aktes des Schau¬
1982 1983 3240 2083 spieles „Der Schleier der Beatrice“ von Schnitzler und ist vom Dichter
1971 2027 3242 2101 vor etwa sechs Jahren für die Pantomime zurecht gemacht worden.
1971 2063 3238 2160 Leider, muß man sagen. Denn aus der Menschlichkeit des Schauspiels
1958 2109 3229 2196 ist ein schauerlicher Bühneneffekt geworden, eine Handlung, die mit
1962 2139 3240 2232 Grausen erfüllt. Pierrots Geliebte soll heiraten. Am Hochzeitsabend
1950 2180 3227 2272 läuft sie ihrem Bräutigam Arlekino davon in die Arme des Geliebten.
1958 2222 3238 2309 Sie bringt ihm Gift, damit sie beide gemeinsam in den Tod gehen
1949 2249 3221 2340 können. Pierrot trinkt, sie aber schandert vor dem Tode zurück und
1941 2301 3220 2384 begibt sich wieder auf die Hochzeit. Dort erscheint ihr der tote Pierrot
1945 2344 3215 2409 mehrmals als Geist. Sie muß ihm folgen. Der Bräutigam geht ihr
1944 2383 3219 2466 nach. In der Wohnung Pierrots findet er den Toten. Nun zwingt
1951 2412 3218 2482 er die Braut, mit dem toten Geliebten an einem Tische zu sitzen und
1944 2450 3208 2535 ihm zuzutrinken und schließt sie mit dem Leichnam zusammen in das
1947 2489 3204 2586 Zimmer ein. Das arme Weib wird wahnsinnig, tanzt vor der Leiche
1931 2525 3213 2604 des Geliebte: einen schrecklichen Tanz und sinkt tot nieder. Der Vor¬
1931 2572 3207 2644 gang ist wohl das Fürchterlichste, was je auf der ernsthaften
1938 2612 3204 2690 Bühne geboten worden ist, und der Gedanke, daß die Nerven¬
1931 2654 3202 2714 stücke französischer Herkunft, die vor etwa acht Jahren die Haare
1933 2674 2323 2741 sträuben machten,
2355 2691 2564 2743 Schnitzler
2588 2698 2813 2753 beeinflußt
2845 2712 3210 2778 haben könnten,
1928 2718 3211 2811 drängt sich auf. Was die Musik zu geben hat, verrät viel Talent,
1931 2756 3196 2844 sowohl allgemein musikalisches als auch speziell für die Anforde¬
1924 2798 3195 2870 rungen der Bühne. Die Handlung bietet an sich Abwechselung, und
1929 2840 3194 2917 diesen verschiedenen Stimmungen hat sich Dohnänyi durchaus ge¬
1923 2874 3194 2957 wachsen gezeigt. Die schwungvolle Tanzmusik bei der Hochzeit atmet
1924 2913 3193 2990 Lust und Freude. Ein Walzer mit so viel Glut und stürmendem Tem¬
1918 2954 3190 3022 perament ist lange nicht dagewesen. Doch der Bräutigam zerbricht
1915 2981 3188 3073 wütend die Instrumente der Musiker, und nun spielen diese mit ihren
1912 3031 3181 3119 verstümmelten Instrumenten einen furchtbaren Galopp, ein Stück Höl¬
1914 3064 3189 3148 lenmusik, das einem Berlioz Ehre gemacht haben würde. Die Unter¬
1915 3107 3182 3175 malung der grausen Vorgänge legt sich naturgemäß besonders schwer
1910 3139 3178 3237 auf die Nerven, und das letzte Bild, das ganz davon erfüllt ist, ist
1919 3173 3177 3265 herzbeklemmend niederdrückend. Diese schwermütigen Momente durch¬
1909 3214 3186 3316 ziehen das ganze Stück. Hier zeigt sich etwas der Neuling, doch hat
1912 3260 3173 3346 die Musik Schwung und vor allem sehr viel Leidenschaft. Auch ist sie
1908 3298 3172 3377 gut aufgebaut, zeigt an einzelnen Stellen gut fesselnde Polyphonie und
1910 3329 3182 3426 hat, was vor allem zu schätzen ist, lange Linien. Sie zerfällt nicht.
1898 3377 3183 3458 Ein paar hervorstechende Leitmotive legen sich schnell ins Ohr. Die
1902 3411 3179 3497 lebenssprühende Dirigierkunst Schuchs brachte die Musik wirkungs¬
1904 3451 3177 3532 voll zur Geltung. Die Hauptrolle, die Pierrette, gab Irma Ter¬
1900 3489 3175 3580 vani. Ihr Körper war sehr ausdrucksvoll, ihr Mienenspiel ein klein
1895 3518 3164 3611 wenig hart in der Angst. Man konnte kein rechtes Mitleid mit ihrem
1898 3567 3171 3652 Geschick haben. Doch riß sie das Publikum zu lebhaftem Beifall hin,
1898 3606 3164 3680 der auch außer dem der Vorstellung beiwohnenden Komponisten und
1885 3639 3163 3725 dem Dirigenten, den verständnisvoll agierenden Herrn Soot (Pierrot)
1888 3685 2451 3739 und Trede (Arlekino) galt.
