3344 4352
1946 160 2369 256 box 28/1
214 163 1812 277 23. Der Schleiender-Bierrette
795 1328 3074 1407 Sichere, gewählte Satz= und Orchestertechnik läßt seine) vor dem Todestranke an „Tristan“ erinnern — wer würde
704 1369 1893 1432 Partitur so wenig vermissen, wie Anschmiegsamkeit an den
1893 1391 3085 1472 ihnen gerade diese Reminiszenz übelnehmen? Der
713 1424 1894 1493 szenischen Vorgang. Nur daß das, was sich anschmiegt,
1895 1431 3075 1487 kleine Walzer, den der Klavierspieler vorträgt oder vor¬
709 1481 1890 1537 wenig neu oder bedeutend ist. Der Anschluß an die Szene
1902 1484 3065 1561 tragen sollte, ist ein wenig zu salonmäßig zugeschnitten;
698 1511 1889 1593 wird durch Anreihung kleiner und kleinster Glieder, durch
1890 1533 3070 1593 das vorgeschriebene Spinett hätte seinen Charakter be¬
701 1568 1886 1620 den Wechsel von dramatisch illustrierenden motivischen Sätz¬
1891 1578 3063 1641 stimmen müssen. Dieser Walzer verdient aber jedenfalls
700 1622 1894 1678 chen und Tanzperioden gefördert; ein Stil, der Pantomime
1892 1624 3067 1688 vor dem in C den Vorzug, der das zweite Bild einleitet.
705 1663 1883 1728 sicherlich angemessen und von den älteren Komponisten
1894 1671 3071 1748 Ein inspirationsloser, ignobler Johann Strauß=Nachguß,
704 1714 1879 1769 so wenig verschmäht wie von Delibes oder Nedbal. Aber,
1886 1714 3061 1796 der empfindlich aus dem Stile fällt. Zeitgemäßer und an¬
706 1758 1886 1809 wie gesagt, die motivische und melodische Substanz hat
1886 1770 3060 1822 mutiger klingt das folgende Menuett. Der cholerische
704 1805 1875 1865 wenig individuelles Gepräge und schwingt sich nur ver¬
1884 1814 3061 1870 Arlechino hält sich von Bombast nicht frei; die kakophone
697 1855 1880 1905 einzelt zu einigem Reiz oder tieferer Ausdruckskraft auf.
1881 1857 3064 1931 Schnellpolka mit verstümmelten Instrumenten — ähnlich
691 1899 1880 1955 Man sehe die zwei wichtigsten Themen darauf an: das
1887 1906 3064 1984 hat schon Mozart gescherzt — war in ihren Zufälligkeiten
696 1948 1887 2002 des Pierrot mit seinem abgegriffenen Wagner=Pathos, wie
1893 1965 3062 2023 nicht schwer zu ersinnen. Daß der tote Pierrot sehr passend
697 1991 1874 2048 das der Pierrette mit seiner verwischten Carmen=Färbung.
1887 2012 3062 2065 zu dieser „schauerlichen" Musik erscheint, hatte der Dichter
696 2038 1874 2102 Wiederholt fühlt man, wie der gediegene Musiker all seine
1873 2052 3053 2107 vorgezeichnet. Ein Zwischenspiel, das die Bläser brüllen
696 2092 1876 2154 Feinheit, der geistreiche seinen Witz aufbieten muß, damit
1880 2104 3052 2161 läßt, ohne sich trotzdem Gehör zu schaffen, führt in
698 2137 1875 2205 ihm die Charakteristik nicht in leere Opernschablone gleite
1885 2142 3062 2193 Pierrots Wohnung zurück. Wenn Arlechino Pierrette zu
686 2181 1878 2245 oder vollends der hohlen Ballettgeste verfalle. Tod,
1867 2179 3055 2247 Tische nötigt, ertönt geistreich eine Variante der Marsch¬
697 2224 1875 2295 Gespensterspuk, Wahnsinn — daran mußte sich die Phan¬
1877 2235 3052 2303 musik aus dem ersten Bilde. Pierrettens Entsetzen ist mit
693 2265 1868 2339 tasie des Komponisten heißlaufen können, wenn sie von der
1870 2289 3053 2345 fahrigen Rhythmen gezeichnet, die allmählich irre zu reden
684 2312 1870 2368 unseren Besitz ergreifen wollte. Der Stoff forderte etwas
1878 2330 3055 2400 beginnen. Das dauert ein wenig lange, wie so manches
682 2363 1868 2430 von jener nervenerrengenden Angstmusik, wie sie die
1869 2377 3052 2433 in der Pantomime. Bis der Wahnsinnswalzer (in
693 2412 1864 2471 Mahler, Strauß, Dukas zu machen wissen, und hätte zu¬
1878 2430 3049 2478 F-moll) ausbricht, der mit krausem Chroma, unver¬
692 2466 1869 2533 mindest jenen Offenbach gebraucht, der den letzten Akt
1871 2471 3052 2543 mittelten Sprüngen, irrer Harmonik, wirren (auch lichten)
680 2506 1863 2571 von „Hossmanns Erzählungen“ geschrieben hat. Dohnanyis
1868 2523 3048 2579 Intervallen den Wahnsinn selbst charakterisieren will. Ein
677 2552 1865 2621 Musik wendet manches geistvolle Detail, manchen charakteri¬
1868 2578 3042 2638 Ehrgeiz, der dem Walzer der Lucia fremd ist; aber auch
689 2610 1858 2660 stischen Klang auf; aber seine Dramatik des Unheil¬
1876 2610 3053 2683 Saint=Saens' „Danse macahre“, ein hinlänglich charak¬
683 2648 1860 2712 schwangeren, Grauenvollen überzeugt nicht. Dem Sterben
1867 2665 3053 2727 teristisches Stück, läßt etwa die Spuren der Verwesung
683 2695 1866 2764 geht das dramatische Leben ab, der gespenstische Geist be¬
1866 2720 3035 2774 nicht in die Musik selbst eindringen. Dennoch will sich
691 2743 1862 2824 genügt sich, mit Geist zu spuken, der Wahnsinn hat zu
1872 2762 3043 2829 auch in dieser letzten entscheidenden Szene der Pantomime
681 2793 980 2861 viel Methode.
1876 2806 3047 2870 die beabsichtigte Wirkung nicht einstellen. Der starke, aus¬
785 2816 1850 2905 Im ersten Bild fällt das feine marschartige
1862 2864 3045 2915 druckskräftige, ungezwungene musikalische Einfall mangelt,
672 2867 906 2960 Sätzchen*
1122 2891 1247 2954 das
948 2887 1075 2966 auf,
1268 2886 1860 2962 Pierrots und Pierrettes
1868 2910 3043 2955 der mitreißende dramatische Furor noch mehr. Hier aber
671 2920 1851 3001 letztes Mahl begleitet. In seiner zwiespältigen
1869 2955 3038 3009 dürfte der Zuschauer ja nicht zur Besinnung kommen. Es
682 2989 1856 3059 Stimmung, in seinem Schwanken zwischen Dur und Moll
1873 3002 3045 3066 ist fatal, wenn er gerade, da der Vorhang zum letztenmal
670 3036 1853 3103 ist es dem unheimlichen Hochzeitsmarsche in. „Enkyanthe“
1857 3057 3037 3105 über dem verhängnisvollen Pierrettenschleier fallen soll,
678 3083 1861 3154 verwandt. Daß sich die Liebenden in der letzten Exstase
1856 3101 3028 3180 merken muß, wie rissig das schwache Gewebe des Dichters
793 3139 2698 3215 *) Seite 27 des im Verlage von Bernhard Herzmansky] in der Hand des Musikers geworden ist.
671 3177 1651 3278 erschienenen geschmackvoll ausgestatteten Klavierauszuges.
2438 3175 3016 3277 Julius Korngold.
