3344 4320
679 160 719 223 8
254 155 1820 263 23. Der schleiender Pierrette
572 478 1560 589 ADOLF SCHUSTERMANN
510 576 1629 659 ZEITUNGSNACHRICHTEN-BUREAU
715 646 1433 726 BERLIN SO 16, RUNGESTR. 22-24.
574 746 1227 838 Zeitung: Germania
825 823 1198 890 Abend-Ausgabe
564 864 1427 992 daene: Berly, SEP 1922
574 971 794 1053 Datum:
793 1039 1265 1179 Kammerspiele.
497 1169 1633 1242 Das russische Theater „Kikimora“ absolviert hier ein Gast¬
426 1197 1630 1279 *spiel mit Arthur Schnitzlers „Schleier der Pierette“,
436 1268 1634 1335 der vord dem Krieg öfimals gegebenen Pantomime. Für eine abend¬
425 1328 1628 1389 füllende Vorstellung ist dieser wortlose, nur auf die Geberde gestellte
432 1376 1622 1429 Extkakt seiner Renaissance=Tragödie „Der Schleier der Beatrice“
427 1420 1635 1481 doch zu dünn. Pierette flüchtet vom Hochzeitsmahl zu ihrem ge¬
425 1464 1641 1537 liebten Pierrot, der sich aus Verzweiflung tötet. Sie, von Grauen
421 1510 1629 1580 übermannt, läuft ohne ihren Brautschleier zu ihrem Gatten zurück
421 1559 1628 1631 und wird von dem betrogenen Arlechino hohnlachend zu dem Toten
423 1622 1625 1675 eingesperrt, bei dem sie entseelt niedersinkt. Der zweite Akt mit seiner
420 1663 1628 1719 lünten Augenfreude — die Dekorationen und Kostümentwürfe von
398 1717 1628 1784 Matalie Gontscharowa sind in ihrer Eigenart wohl zu loben
403 1756 1631 1833 7— mit seiner geschickten Regie (A. Tschabrow) und der Anmut
403 1816 1622 1864 der über Stufen und Treppen voltigierenden Tänzer und graziösen
416 1869 1622 1909 Tänzerinnen reißt, wie man zu sagen pflegt, die ganze Geschichte
415 1916 1620 1979 heraus. Starke tänzerische Ausdrucksmöglichkeiten zeigt auch der so
417 1960 1621 2027 gut disziplinierte Körper von Sam. Vermeil (zugleich künstlerischer
414 2012 1619 2085 Oberleiter des Ensembles) nicht, obwohl ihm zarte und sentimentale
420 2054 1622 2123 Stimmungen noch am besten zu liegen scheinen. Arlechino
423 2113 1622 2181 (A. Tschabrow) ist in seiner Art leider ebenso seelenlos wie die
415 2150 1625 2222 matte Süßlichkeit der Pierette (Sofia Fedorowa II). Diese
409 2206 1633 2275 russische Tanzkunst enttäuscht. Oder ist es, weil man gelerni hat,
413 2244 1659 2324 den Begriff mit den Triumphen der Pawlowna zu identifizieren?
1483 2313 1588 2397 a.
649 2515 1399 2670 gsoas ueseverkhbnden
550 2754 1425 2832 e#desret suursene roneaussenmerrane
559 2817 1422 2910 BERLIN SO 16. RUNGESTRASSE 22-24
760 3008 1212 3100 Der10s
590 3077 1380 3156 Die große nationale Tageszeitung
735 3124 1212 3221 S SERS2
637 3304 1469 3406 „Der Schleier der Dieretie.“
883 3391 1226 3453 Kammerspiele.
648 3415 1528 3510 In den Kammerspielen führte eine russische
602 3480 1520 3549 Gesellschaft die Schnitzlersche Pantomime „Der
604 3526 1509 3581 Schleier der Vierert##m Muftk von Ernst von
609 3559 1518 3613 Dohnanyi auf.— Vor etwa 10 Jahren ist das
616 3604 1513 3660 interessante Stück bereits hier im Deutschen
607 3644 1519 3696 Opernhause gegeben worden und erzielte damals
603 3680 1512 3738 infolge der sehr feinen charakteristischen Musik und
603 3703 1539 3769 der ausgezeichneten Darstellung einen bedeutenden
625 3753 1539 3809 Erfolg. Diese russische Vorstellung kann nur als
642 3811 1541 3849 Karikatur bezeichnet werden. Mittelmäßige So¬
631 3843 1541 3887 listen, ein ziemlich mangelhaftes Orchester,
629 3877 1544 3924 geschmacklose, kindliche Dekorationen und unzu¬
637 3917 1541 3968 längliche Regie, alles kam zusammen, um einen
639 3950 1534 4004 höchst unerfreulichen Eindruck hervorzubringen.
644 3988 1544 4042 Mehr über die Angelegenheit zu reden, lohnt nicht
1378 4033 1516 4103 c. k.
643 4036 850 4107 die Mühe.
1984 146 2395 243 box 28/1
2774 1021 2943 1113 22
1925 1037 2575 1182 Böersen Zeitung
2267 1172 2491 1262 Berlin
2269 1483 2737 1602 4 3 SEP.1922
2262 1637 2705 1718 Kammerspiele.
2096 1696 2850 1756 Gastspiele des Theaters „Kikimora“
1914 1726 3037 1797 „Der Schleier der Pierette“, Pautomime von Schnitzler.
2006 1796 3042 1842 Das Ureigene der Pantomime ist Rhythmus. Der mensch¬
1932 1827 3036 1883 liche Körper im Nacheinander der rhythmischen Bewegungen
1939 1879 3035 1920 als Ausdrucksgebärde. Statt der Wort=, Musikbegleitung als ver¬
1942 1908 3038 1952 stärkendes sinnliches Moment. Beides zusammen eine Sym¬
1931 1944 3033 1998 phonie von Sinnlichkeit und Leidenschaft, denn trotz der Zehn¬
1929 1982 3042 2032 tausenden von Kombinationsmöglichkeiten der Bewegungen
1942 2027 3028 2074 sämtlicher Körperglieder sind es nur die Affekte, die sich
1932 2066 3041 2121 uns mitteilen, nur die Extase, die uns berauscht.
2825 2102 3040 2150 sie in
1941 2099 2826 2157 Schnitzlers „Schleier der Pierette“ gibt
1932 2129 3040 2195 bürgerlicher Fassung. Pierrot sehnt sich in seiner Dach¬
1930 2176 3034 2234 kammer nach seiner Pierette. Sie kommt, aber im Braut¬
1927 2225 3043 2271 schleier. (Sie ist Harlelins Braut.) Die Beiden finden
1936 2251 3041 2301 keinen Ausweg als den gemeinsamen Tod. Pierrot trinkt
1927 2281 3042 2345 das Gift, sieht das Zandern der Pierette und schlägt ihr
1933 2337 3031 2385 den Becher aus der Hand. Sie flieht vom Toten nach Hause
1917 2367 3038 2431 zum Fest, Pierrots Bild verfolgt sie. Sie stürmt vom Fest
1927 2405 3028 2448 in die Dachkammer, vom Harlekin gefolgt. Seine Wut, dann
1929 2449 3021 2505 ssein Hohn. Er schließt sie mit dem Toten ein. Ihre Angst,
1934 2486 3026 2531 ihre Verzweiflung ihr Tod. Alles abgeschwächt, gedämpft
1929 2522 3033 2590 durch das Biedermeier=Milien. Ernst von Dohnanyi schrieb
1936 2564 2605 2623 dazu eine melodische, sinnliche Musik.
2009 2599 3032 2647 Die Aufführung hatte mit verschiedenen Widerwärtig¬
1931 2637 3027 2688 keiten zu kämpfen. Die Kammerspiele sind zu intim, sie
1934 2685 3029 2733 geben alles zu deutlich, zu nahe. Die Illusion, das
2860 2712 3028 2766 stellten
1935 2712 2862 2765 Charme — für alles Biedermeier unentbehrlich —
1932 2756 3030 2799 sich nicht ein. Das Improvisierte der Dekorationen, die
1928 2795 3037 2846 vielfach mißglückten Kostüme machten sich aufdringlich be¬
1934 2831 3033 2880 merkbar. Dazu kam eine Unsicherheit in den Masken
1938 2872 3032 2920 und — auch im Tanz. Nur ein einziger Schauspieler, in
1938 2909 3028 2963 einer Nebenrolle, G. Waldow, hat Rhythmus, ist
1946 2945 3026 2994 Tänzer in jeder Bewegung und Mimiker in jeder Ge¬
2872 2977 3033 3050 scheint
1943 2981 2880 3041 bärde. Die Pierette, Sofia Fedorowna II,
2929 3022 3034 3068 Da
1942 3023 2891 3069 nur auf das Tragische eingestellt zu sein.
1950 3063 3024 3117 werden ihre Glieder lebendig, ihre Bewegungen durchseelt,
1939 3103 3031 3139 ihr Spiel Kunst. Die Schauspielerin in ihr drängt die
1942 3139 3033 3184 Tänzerin vollständig in den Hintergrund. Samuel Ver¬
1941 3176 3026 3226 meil als Pierrot gab nicht mehr als einige gute
1946 3212 3036 3272 Stellungen, und der Arlechino Woloschins vergriff sich
1944 3250 3040 3303 sowohl in der Maske (eines Torero) wie im Spiel, da er
1948 3290 3035 3334 eine einzige Wutgebärde darstellte, ohne Steigerung, ohne
1950 3327 3038 3383 Nancen. Das Haus, die Premiere mögen wohl einen
1943 3378 3033 3427 Teil der Schuld tragen, die Ausstattung und die Regie
1949 3416 2686 3478 können doch nicht freigesprochen werden.
2832 3406 3029 3479 M. Ch.
