3392 4384
217 177 405 269 23
1942 136 2372 238 box 28/1
404 167 1783 269 Der-Schleiender-Bierrette
744 491 1845 630 nelagehule
941 588 1236 677 TEM 1913
657 628 817 686 vom:
1249 647 1657 754 Let
1156 1032 1991 1153 Berliner Musikbrief.
1270 1114 1922 1196 Von SIEGMUND PISLING.
1959 1140 2484 1243 Berlin, im April 1913.
841 1151 1061 1258 KINN
762 1229 2531 1297 Ineiner neuen einaktigen Oper von Ernst von Dohnänyi, die im Deut¬
653 1289 2536 1353 schen Opernhause zu Charlottenburg aufgeführt wurde, geht es ungefähr wie
669 1336 2527 1397 folgt zu: gTante Simonas — dies der Titel des Werkes — wünscht ihr Nicht¬
673 1381 2530 1447 chen Beatrice vor den Enttäuschungen der Liebe zu bewahren, die sie, die Alternde,
664 1443 2532 1495 hatte einst selbst durchkosten müssen. Da weißs sich Graf Ghino in der Maske eines
660 1491 2538 1542 taubstummen Gärtners dem argwöhnisch behüteten Mädchen zu nähern. Als er, das
658 1541 2541 1580 Inkognito lüftend, Beatricen seine Liebe gesteht, wird das Pärchen von Tante
662 1584 2528 1651 Simona überrascht. Mittlerweile läßt sich aber die männerfeindliche Simona in
659 1646 2522 1708 zärtlichem téte-à-téte mit ihrem alten Anbeter Grafen Florio ertappen, was einer
660 1688 2536 1739 Preisgabe ihrer Grundsätze gleichkommt. Sie muß wohl oder übel verzeihen
655 1725 1687 1799 und der Vorhang fällt über zwei Brautpaaren.
778 1785 2529 1848 Leider fällt er nicht auch über einer guten Spieloper. Viktor Heindl hat
660 1830 2529 1884 fadenscheinige Singspielsituationen aneinandergereiht und die im übrigen trefflich
655 1882 2533 1945 gearbeitete und hübsch orchestrierte Musik Dohnänyis erfreut sich eines fatalen
656 1944 2529 1999 Gedächtnisses für das, was adie anderns zu Zeiten, die gewesen sind, bei ähnlichen
658 1985 2526 2033 Anlässen vorzubringen pflegten. Es gibt da eine schreckliche kleine gErinnerungs¬
659 2025 2520 2081 melodies in Form eines Schnellpolkafragments ... Aber man muß ja nicht alles er¬
659 2078 2537 2132 zählen. Umsoweniger, als dieser bestrittene Dohnánvi von einem äußerlich höchst
654 2132 2527 2185 erfolgreichen abgelöst wurde: Der Schleier der Pierrettes, Pantomime nach Arthur
655 2176 1386 2240 Schnitzler, hat sehr gefallen.
778 2227 2534 2292 Wenn man Musiker ist und Schnitzlerfreund obendrein, so möchte man
662 2269 2528 2349 gern glauben, daß es die ausgezeichnete Pierrette der Frau Galafrès war,
656 2336 2527 2394 die Glasstückchen gleich Brillanten funkeln machte, weil man sonst beinahe von
658 2378 2533 2441 einer Wirkung ohne Ursache sprechen müßte. Pierrette stiehlt sich, bräutlich ge¬
662 2419 2528 2491 schmückt, von ihrem ungeliebten Bräutigam Arlechino zu Pierrot fort. Dieser nimmt
663 2489 2532 2525 die Abmachung, gemeinsam zu sterben, genau, indessen die plötzlich feige gewordene
660 2526 2535 2589 Pierrette vor seiner Leiche vom Vertrage zurücktritt. Begreiflich, daß mittlerweile
654 2575 2525 2645 Arlechino unter den versammelten Hochzeitsgästen Tobsuchtsanfälle bekommt. End¬
652 2636 2528 2671 lich kehrt die verstörte Pierrette zurück. Nach etlichen gruseligen Erscheinungen
662 2671 2523 2738 des seligen Pierrot ebrüllts Arlechino (mit Armen und Beinen natürlich): &Wo ist
655 2725 2533 2768 dein Schleier, Pierrette? Beide ab nach Pierrots Wohnung, wo sich der zerzauste
663 2767 2541 2835 Schleier der Pierrette denn auch wirklich vorfindet. Der sadistische Arlechino arrangiert
664 2817 2528 2885 nun mit der armen Pierrette ein fürchterliches Schäferstündchen, wobei der Tote in
664 2871 2528 2920 der Divanecke lehnen muß. Ist das nicht zum wahnsinnig werden? Jawohl, und
661 2916 2534 2980 Pierrette wird es auch. Eine getanzte Wahnsinnsarie beschließt die Pantomime.
662 2968 2535 3019 Man traut seinen Ohren, pardon Augen nicht, daß der Feinsten einer, daß Arthur
653 3016 1728 3077 Schnitzler jene knallige scène à faire ersonnen
780 3040 2529 3121 Und Dohnányi? Er gersinnts nur wenig — z. B.wäre ein stimmungsvolles Alla
663 3118 2525 3179 marcia im ersten Bilde auszunehmen — ebesinnts sich aber umso nachdrück¬
655 3162 2526 3214 licher auf Wagner, den er gleich in den Anfangstakten wörtlich zitiert, auf Richard
668 3224 2539 3287 Strauß, der sittsam glattgekämmt erscheint, besinnt sich wegen des Altwiener
683 3303 2542 3369 Milieus auf Johann Strauß. Satztechnik? Wieder famos. Instrumentation: Wieder
678 3351 2532 3423 meisterlich. Dir aber, lieber lgor Stravinski, der du die Musik zu ePetruschkas ge¬
686 3410 2540 3480 schrieben, bitte ich vieles ab. Auch dir fällt wenig ein, aber du hast doch wenigstens
675 3454 1597 3511 den Mut zur zeitgemäßen Dissonanz.
792 3484 2539 3552 Mit der Erstaufführung von Puccinis =Mädchen aus dem goldnen
676 3552 2537 3606 Westens hatte das Deutsche Opernhaus ungefähr 14 Tage vor den Dohnänyischen
675 3600 2536 3657 Premièren seinen ggroßen Abends. Puccini war anwesend, doch erschien an seiner
675 3654 2543 3729 Stelle der treffliche junge Waghalter am Dirigentenpult. Man darf von einem
677 3694 2545 3778 großen äußeren Erfolge sprechen, einem Erfolge, der, rund herausgesagt, in keinem
674 3747 2535 3795 Verhältnis zum innern Wert des Werkes steht. Das amerikanische Verdikt, das
674 3794 2537 3838 im Jänner 1911 im New-Vorker Metropolitan-Opernhause nach der Uraufführung
676 3853 2544 3913 gefällt wurde, besteht zu Recht. cLa fanciulla del Weste kann den Vergleich mit
671 3894 2540 3960 gLa Bohèmes, &Toscas, sMadame Butterflys und, meines Erachtens, selbst mit
681 3941 2537 4015 *Manon Lescauts nicht aushalten. Die teils blutrünstige, teils tränenselige Handlung
674 3981 2537 4033 darf als bekannt vorausgesetzt werden. Sie würde jedem elndianerbüchels zum
677 4029 2543 4094 Schmuck gereichen. Puccinis Musik ist invita Minerva erfunden. Man hat das
672 4076 2634 4156 Gefühl: Zuccini liebte den Stoff nicht, den er da in Musik setzte. Und das —
672 4140 1713 4193 kann man ihm schließlich auch nachfühlen
