3392 4352
1951 235 2361 332 box 28/1
214 234 1800 346 23. Der Schleier der bierrette
523 389 824 471 vertretungen
195 420 1213 525 #n, basel, Budapest, Chicago, Cleveland, Christiania,
145 465 1216 568 ienf, Kopenhagen, London, Madrid, Mailand, Minneapolis,
146 498 1226 611 New-Vork, Paris, Rom, San Francisco, Stockholm, St. Peters¬
1393 526 2282 611 Enrico Caruso als Canio in
525 565 840 632 burg, Toronto.
1648 593 1982 688 „Bajazzo“.
368 594 985 699 (Quellenangabe ohne Gewähr).
1374 655 2276 747 Zum gestrigen ersten Caruso=Abend in den
147 654 1169 772 Ausschnitt ##striertes Wiener Eiztre#
1721 722 1940 785 Hofoper.
245 682 325 839 *
146 747 890 873 rom: 2.1 BER 111 Wien
1552 776 1721 863 reri
2088 792 2230 873 Ahuin
1761 786 2078 888 Mrienenlu n
1549 842 1780 893 LE
1439 850 1921 938 R
2000 878 2061 946 1
1525 905 1760 950 T
482 846 1172 978 Theaterzeitung.
1460 918 1583 978 1
1624 922 1963 982 HHIHER
1753 955 1787 985 tr4
1390 952 1741 1011 TEATH
1412 965 2003 1045 IETNEEEMRS
601 979 1038 1071 Hofoperntheater.
1737 1003 1930 1070 P#
1390 1027 1807 1099 M
1574 1061 1654 1100 #
1830 1038 1985 1139 WNN
324 1051 1328 1124 (Zum ersten Male: „Der Schleier der Pierrette“
1561 1065 1805 1136 Mru
318 1093 1329 1168 Pantomime von Artur Schnitzler, Musik von Ernst
403 1144 1249 1197 v. Dohnanyi.  Bajazzo.)
427 1188 1329 1263 Von der Pantomime, die gestern zum ersten
1385 1179 1572 1262 Pn 1
1790 1220 1937 1295 41 —
311 1213 1322 1303 Male über die Bretter der Hofover ging, behauptet
1768 1245 2029 1334 A
303 1278 1321 1337 Herr Brandis-Buys, der einen kleinen Bädeker durch
302 1318 1331 1379 Dohnauyis Ballettmusik verfaßt hat, sie unterscheide
304 1368 1328 1431 sich, mit den übrigen Pantomimen verglichen, durch
302 1407 1318 1461 eine „vollkommen ernste, künstlerische Behandlung".
310 1451 1317 1512 Die größere Zahl der eingefügten Walzer und
311 1494 1321 1562 Themen brauche man nicht für mehr als für Kulissen
309 1550 1323 1601 zu halten. Herr Brandts-Buys hat leider recht.
306 1571 825 1630 Eine Pantomime von
820 1575 1330 1656 so vollkommen ernster,
298 1626 1320 1659 künstlerischer Lan weile habe ich noch niemals
307 1660 1328 1713 gesehen. Es ist sicher, daß sowohl Schnitzler, als
307 1692 1315 1754 Dohnanyi vorhatten, ihr Publikum zu schrecken und
303 1736 1319 1796 zu ängstigen. Zwei fleißige Wiener Theaterdirektoren
303 1786 1321 1842 billigten diese Absicht schon vor Jahren und
298 1831 1317 1890 rieten dem Dichter, ein Operetteulibretto zu verfassen.
300 1868 1322 1929 Schnitzler mühte sich redlich, aber der Plau blieb
298 1914 1312 1962 unausgeführt und statt der Operette kam eine Panio¬
1426 1949 2317 2005 Die neue Pautomime fiel mitten durch. Mau
306 1957 1311 2003 mime zum Vorschein, darin dem großen Künstler
1320 1991 2325 2044 gab den Darstellern zu verstehen, daß man ihre Mühe
307 1996 1318 2060 Girardi das Los beschieden werden sollte, einen toten
1326 2044 2319 2094 achte, aber in den Beifall mnischte sich immer stärkeres
305 2049 1311 2094 Liebhaber zu spielen. Der Anschlag ging fehl, was
1319 2080 2327 2127 Zischen. Allerdings war es wohl auch die Erwartung
305 2077 1303 2143 sicherlich nicht zu bedauern ist, und die Pantomime,
1325 2124 2323 2179 Carusos, die ihren Einfluß übte. Herr Caruso ist
307 2130 1303 2183 die nun ohne Ruder und Steuer in den Gewässern
1326 2159 2336 2222 noch immer das Ereignis des Tycaters. Der Umstand,
305 2158 1305 2223 der Theaterkanzleien segelte, wurde schließlich Herrn
1317 2207 2329 2252 daß der Gesang so sehr am Boden liegt, verleiht ihm
295 2218 1307 2253 Dohnanyi zugewiesen. Der „Schleier der Beatrice“
1329 2250 2333 2302 einen außerordentlichen Seltenheitswert. Caruso ist
310 2256 1312 2304 ging an ein Fräulein Pierrette über, aus Filivo wurde
1319 2288 2331 2340 gewiß eine Illusion, wie die anderen Illusionen auch.¬
299 2292 1313 2352 Pierrot, und der Herzog wandelte sich in einen
1318 2342 2324 2403 Wißt Ihr, warum die Mona Lisa auf dem Bilde
307 2332 1306 2400 dämonischen Arlechino. Schnitzlers fünfaktiges Schau¬
1770 2380 1820 2433 so
1325 2379 1754 2435 Leonardo da Vincis
1867 2375 2329 2441 merkwürdig lächelt?
300 2381 1307 2442 spiel war sehr schön. Die Personen des Stückes
1324 2409 2325 2467 Weil man ihr gesagt hat daß sie zwei Millionen
330 2433 1309 2486 srachen ein klangvolles, schweres und gedankentiefes
1321 2466 2331 2532 Francs wert ist. Aehnlich ist es mit Carusos Honoraren.
307 2471 1310 2531 Quinärdeutsch, und ich bekenne gerne, daß es bei
1321 2506 2323 2559 Auch Caruso lächelt. Er hat das Lächeln der Gio¬
306 2500 1307 2584 der Lektüre tiefen Eindruck auf mich gemacht hat.
1317 2550 2331 2608 conda... Die Tenöre werden teurer. Je älter sie
297 2553 1311 2611 Da geschah nun etwas, was niemals hätte
1331 2591 2337 2645 werden, desto teurer. Ich weiß nicht, ob es berechtigt
293 2602 1299 2658 geschehen sollen. Der Dichter in seiner Güte und Frei¬
1324 2632 2319 2692 ist. Weiß nicht, ob die Goldader in Carusos Kehle
304 2651 1309 2699 gebigkeit entäußerte sich der Sprache, nahm seinen
1326 2676 2319 2749 die Stimme noch immer so ergiebig liefert, wie
306 2686 1304 2728 Figuren die Seele, änderte ein wenig an ihrem Schick¬
1323 2717 2317 2767 früher. Wenn ich mich recht erinnere, glänzte er vor
308 2728 1306 2774 sel und verließ sich ganz auf die Kraft der Beine und
1316 2766 2334 2825 Jahren heller, war die Höhe siegreicher, dauerhefter,
306 2771 1308 2812 die Beredsamkeit der Hände. Natürlich sinkt die
1328 2799 2330 2856 imposanter. Aber schöner ist diese Stimme doch ge¬
302 2809 1307 2866 Tragik einer Braut, die vom Hochzeitsfest zu ihrem
1323 2846 2337 2885 worden, nobler, edler; sie hat den rauhen Hauch ver¬
299 2852 1301 2910 Geliehten eilt, um sich mit ihm zu vergiften, zusammen,
1323 2885 2331 2942 loren, der manchmal in der Mittellage mitschlich.
289 2886 1302 2949 da beidekein Wort dabei reden dürfen. Ohne Zweifel treten
1322 2928 2325 2990 Carnso geht in der Quantität zurück, die Qualität
304 2943 1299 2995 numaufregende Vorgänge ein. Pierrot vergiftet sich wirk¬
1324 2974 2327 3031 wächst. Er hat nicht viel echte Verzweiflung als
295 2977 1311 3034 lich, während Pierrette, zu feig zum Sterben, ins hochzeit¬
1323 3014 2337 3078 Bajazzo. Im Augenblick, da er die Frau mit
307 3023 1304 3078 liche Haus zurückkehrt. Der Bräutigam, springgistig
1328 3054 2321 3118 dem anderen überrascht hat, krempelt sich
306 3062 1312 3130 über Pierrettes verspätetes Erscheinen, demoliert vor
1324 3093 2323 3153 Canio ruhig die Aermel auf, die ihn genieren.
300 3108 1308 3153 Zorn die künftigen Schwiegereltern und die Instru¬
1321 3142 2325 3187 Es ist auch nicht anders möglich. Ein Künstler,
305 3149 1313 3204 mente der Musiker, die zum Tanz aufspielen. Pierrette
1328 3183 2322 3232 in dessen Leben kein Widerstand tätig ist, ein
309 3194 1309 3243 langt in beklagenswerter Verfassung an, der Geist
1322 3225 2336 3285 Künstler, dem das Geld im Kasten von selbst?
315 3234 1312 3278 des Pierrot, der vor ihr aufsteigt, schreckt sie, und es
1318 3271 2322 3335 wächst, dem die Damen nachlaufen, der von der
307 3271 1300 3334 bleibt nichts übrig, als den Bräutigam, der beständig
1325 3307 2337 3358 Impresa gehätschelt und gepflegt wird, wie eine
306 3317 1306 3371 wissen will, wo Pierrette ihren Brautschleier vergessen
1329 3349 2323 3412 Wöchnerin, wo soll der die Verzweiflung hernehmen?
300 3354 1304 3416 hat, ins Zimmer zu. führen, in welchem der tote Pierrot
1333 3398 2337 3453 Aber spielen kann er sie, und er ist wahrhaftig kein;
302 3413 1309 3464 noch immer auf der Diele liegt. Hier nun stellt
1324 3441 2330 3490 schlechter Schauspieler. Und wo ihm der innere Ton
303 3450 1307 3504 sich heraus, daß der Bräutigam Arlechino das Gegen¬
1319 3485 2300 3544 merklich fehlt, sorgt der äußere für Ersatz. Plötzlich —
305 3477 1307 3553 seil eines Gentleman ist. Er setzt den toten Pierrot
1326 3529 2321 3572 so in der berühmten Klage des Bajazzo und in der Arie
310 3546 1299 3597 wieder in den Sessel, zwingt Pierrette, ihm zuzutrinken
1328 3572 2321 3613 des zweiten Aktes — nimmt seine Stimme, aus sich
293 3569 1300 3631 und schickt sich an, noch weitere Ausschreitungen zu
1318 3611 2324 3660 selbst förmlich, die Farbe des echten Schmerzes an.
300 3612 1312 3669 begehen, die aber Pierrette taktvoll abwehrt. Kalt
1332 3656 2327 3710 Sie klagt für ihn, ringt die Hände, die ihr Herr zu
312 3666 1315 3725 lächelnd sperrt der Wüterich das arme Mädchen mit
1329 3704 2320 3755 ringen vergaß. Und der Jubel bricht los und alles
304 3707 1306 3768 der Leiche ein, wodurch sie sich einen wahnsinnigen
1328 3734 2324 3791 steht unter dem Eindrucke eines großen Sängers. Ein
306 3762 1309 3812 Tanz zuzieht, der mit ihrem Tode endet. Das
1324 3779 2326 3837 großer Säuger ist Caruso heute wie damals. Groß in
307 3792 432 3843 alles
457 3797 1309 3862 geschieht ohne einen Schrei, ohne
1318 3830 2321 3888 der Kunst, seine schönen Mittel schön zu gebrauchen.
299 3835 1314 3898 ein Wort, leider aber unter Mitwirkung
1317 3871 2323 3926 Seine Kunst liegt darin, daß er nicht mehr will, als
300 3880 1303 3924 eines großen Orchesters, das sich der aufsehen¬
1324 3914 2336 3963 ihm gegeben ist, daß er aus seinem Besitz den ange¬
311 3927 1309 3976 erregenden Vorfälle in einer Taubstummengemeinde
1320 3956 2330 4011 messenen Nutzen schlägt. So ward er denn auch gestern
305 3967 1302 4011 ausführlich mächtigt. Es ist bekannt, daß die großen
1326 3998 2331 4059 enthusiastisch gefeiert. Frau Kiurina errang als
313 4001 1306 4055 Komponisten zumeist schlecht Klavier spielen. Leider
1328 4036 2322 4088 Nedda einen Sieg für sich. Der Wohlklang ihres bis
306 4049 1308 4096 halten sich nun die meisten großen Klavierspieler für
1317 4086 2322 4141 auf den Grund schlackenreinen Soprans erfüllte
310 4094 1301 4142 verpflichtet, chlecht zu komponieren. Herr Dohnanyi
1330 4128 2328 4178 die Szene. Auch Herr Schwarz als Tonio hatte
309 4130 705 4185 hätte, trotzdem es
700 4138 1301 4191 sich um gransige Geschehnisse
1319 4151 2370 4234 schöne Augenblicke. Neben dem fremden Meister be¬
308 4165 1301 4235 handelt, ganz im Stillen einen liebenswürdigen Ton
1328 4208 2319 4258 standen die heimischen Künstler mit Ehren. Das Haus
317 4216 672 4259 aufsetzen können.
950 4219 1152 4260 hatte er
705 4217 917 4260 Schließlich
1202 4221 1310 4260 doch
2335 512 3327 585 gekauft haben, boten um 50 bis 100 Prozent mehr¬
2327 573 3319 629 als die Karten an den Kassen gekostet hatten. Die
2327 610 3307 659 eigentliche Agiotage setzte aber erst vorgestern ein und
2331 656 3316 702 es wurden außerordentliche Summen für die Eintritts¬
2324 681 3311 739 karten bezahlt. So wurden gestern nachmittags be¬
2326 724 3305 769 einem Agenten für eine Loge im zweiten Rang, di
2322 766 3303 819 80 K. gekostet hatte, 500 K. bezahlt und im Foye
2326 800 3304 849 der Hofoper für zwei Sitze ebenso viel. Stehparterre
2328 813 3318 882 billetts und Karten für die vierte Galerie wurder
2313 873 3313 924 knapp vor Beginn der Vorstellung im Foyer un
2313 910 3311 976 20 bis 40 K. verlizitiert. Eine Frau hatte nicht weniger
2319 944 3317 1001 als dreißig solcher Karten zu verkaufen, die sie mit
2324 983 3321 1031 10 K. ausbot und die nach wenigen Minuten bis zu
2322 1021 3312 1074 30 und 40 K. hinauflizitiert wurden. Einige der
2327 1058 3318 1111 Karten, für die sie zum Schlusse keine Käufer gefunden
2327 1101 3319 1148 hatte, mußte die Frau allerdings zum Kassenpreis
2323 1137 3314 1186 wieder weitergeben. Die Wenigen, die so zufällig zu
2318 1181 3316 1227 billigen Karten kamen, betrachteten es als Glücksfall.
2425 1212 3326 1265 Vor der Vorstellung bot das Foyer des Hauses
2317 1250 3308 1293 ein interessantes Bild. Zahlreiche Personen, die sich
2318 1292 3313 1341 zu Mittag schon angestellt und mit Proviant versehen
2322 1329 3315 1379 hatten, kamen jetzt erst recht nicht zu Billetts, da der
2320 1362 3312 1422 Andrang bei den Kassen ein so starker war, daß bald
2326 1400 3316 1452 alle Karten vergriffen waren. Vor dem Hause hatte
2316 1434 3319 1491 ein großes Wache=Aufgebot Mühe, die Ordnung
2321 1480 3315 1524 aufrecht zu erhalten und im Foyor durften#esich nur
2311 1513 3319 1573 jene Personen aufhalten, die sich mit Eintrittskarten
2316 1554 3314 1603 ausweisen konnten. Gegen 7 Uhr begann die Auffahrt
2319 1589 3317 1646 der Automobile und Wagen in endloser Reihe und
2320 1617 3321 1688 erst gegen ½8 Uhr hatte der Rummel vor dem Opern¬
2321 1669 2787 1716 hause sein Ende erreicht.
2424 1693 3320 1759 Nach der Vorstellung wurde Caruso belm
2323 1727 3314 1799 „Bühnentürl“ von einer großen Schar von Ver¬
2319 1784 3304 1835 ehrern erwartet und es wurden dem Künst##
2325 1813 2873 1891 stürmische Ovationen bereitet.
