3344 4352
1931 166 2334 261 box 28/1
204 176 1766 252 23. Der Schleiender-Pierrette
2135 951 2239 1013 845
940 1061 2231 1118 Und das Schlimmste ist: Dohnänyi versteht die szenischen
825 1102 2233 1159 und mimischen Vorkommnisse auf keine noch so konventionelle
826 1151 2234 1210 Art melodisch=rhythmisch zu illustrieren. Den Witz der Gattung,
827 1224 2236 1266 die haarscharfe Übereinstimmung von Bild und Klang, Gebärde
830 1247 2232 1321 und Tonfigur, hat er, wie es scheint, gar nicht gesucht, nirgends
831 1309 2246 1366 gefunden. So kommt die Form der Pantomime am meisten zu
832 1345 2234 1405 kurz, mehr noch als der Inhalt des Theaterstückes, und auch
827 1396 2244 1462 eine klügere und feinere Regie als die des Herrn von Wymetal
835 1442 2240 1517 würde da vergeblich nach unmittelbaren Wirkungen streben. Die
836 1486 2236 1567 trefflichen Darsteller der Hauptpersonen, Frl. Jamrich, Herr
840 1543 2234 1609 Godlewski und Herr Czadill, mühten sich gleichfalls umsonst. Es
832 1590 2239 1647 war eine verlorene Sache, für die sie kämpften. Langeweile des
839 1649 2240 1716 großen Publikums und Mißvergnügen der Kenner, demnach
843 1692 2256 1761 allgemeiner Unmut — das ist der einzige Effekt, der mit dieser
847 1749 1439 1828 Pantomime zu erzielen ist.
970 1795 2252 1861 Gregor hatte sich aber nicht damit begnügt, das Werk auf¬
843 1836 2244 1912 zuführen. Er verband die Aufführung mit dem ersten Gastspiel
841 1886 2231 1944 Carusos und gedachte so den Autoren eine Ehrung und Genug¬
836 1940 2250 2003 tuung zu bereiten, für die sie ihm nun wenig Dank wissen
835 1987 2244 2050 werden. Denn vor dem gewöhnlichen Premièrenpublikum wäre
838 2031 2249 2099 das äußere Ergebnis vermutlich günstiger gewesen. Die beiden
1870 2079 2243 2149 freundschaftliche
1354 2087 1800 2151 — nicht mit Unrecht
841 2099 1321 2167 Autoren genießen ja
843 2140 2244 2202 Achtung in Wien, was auch in dem größten Teil der Tages¬
844 2190 2245 2261 presse zum Ausdruck kommt. Die Leute aber, die, sei es im
837 2234 2249 2292 Zwange der Mode oder im Drange echter Kunstbegeisterung, die
836 2278 2253 2344 vier= bis zehnfachen Preise gezahlt hatten, um Caruso als
845 2325 2258 2401 „Bajazzo“ zu sehen und zu hören — eine Leistung, die, rein
850 2386 2244 2442 künstlerisch genommen, gewiß so sehens= und hörenswert, so
843 2422 2249 2492 schlechthin vollkommen und theatralisch überwältigend ist, daß sie
854 2481 2257 2549 mit dem Normalmaße unserer Hofbühne nicht gemessen und mit
858 2534 2257 2589 den sonst üblichen Preisen (die für den üblichen Kunstgenuß
853 2587 2243 2642 allerdings viel zu hoch berechnet sind) nicht bezahlt werden kann —
859 2633 2257 2692 diese Leute hatten ein Recht, für ihr teures Geld erlesene Genüsse
855 2680 2248 2756 zu verlangen und wurden ungeduldig, als die Pantomime sich
855 2721 2243 2787 sehr empfindlich in die Länge zog und das Auftreten des „Bajazzo“
861 2772 2252 2846 immer weiter hinausschob. Sie machten keine Anstrengung, ihre
854 2823 2259 2887 Ungeduld zu verbergen, und bedachten das Stück, als es endlich
850 2875 2262 2940 aus war, je nach ihrem gesellschaftlichen Rang und ihrem persön¬
849 2931 2277 2988 lichen Temperament mit kalter Verachtung, empörtem Zischen
853 2979 1882 3058 oder verlegenem Beifall für die Mitwirkenden.
1477 3140 1655 3282 62
