3436 4320
2005 125 2469 224 box 27/5
266 111 1871 239 23. Der Schleier der Pierrette
594 1218 678 1313 1
380 1290 1662 1362 ? Musik? Sie kann nicht über Stock und Stein jagen, braucht,
1696 1326 3380 1384 Die Aufgabe, das stumme Spiel mit umso beredterek Ueberdies wird die Pierrette
425 1351 3358 1433 wie das in ihrer eigensten Natur liegt, Zeit, sich auszu= Orchestersprache zu begleiten, hat Ernst Dohnanyi mit Menge kleiner Klangbilder,
420 1388 2803 1477 breiten. Dafür ist aber ausreichend gesorgt, der Atem wird großer Sicherheit gelöst. Sie überrascht geradezu bei einem
2799 1415 3365 1489 Alles für den Moment eing
428 1454 1631 1529 ihr nicht verlegt. Der Tanz der Bohémiens, zu dem auf
1609 1459 2801 1535 Komponisten, der noch niemals Bühnenluft geatmet hat,
2800 1471 3369 1530 den Bewegungen, dem Mienen
422 1509 1621 1577 einem Spinett lustig aufgespielt wird, die Liebesszene
1615 1511 2796 1590 den ersten Schritt vom Konzertsaal in die Welt der
2792 1519 3368 1589 sind zumeist zutreffend gewä
423 1551 1619 1616 vor dem Selbstmorde bieten schon hier der Musik er¬
1609 1560 2804 1625 Kulissen wagt. Selbst allerlei Herbes, Strenges, dem
2793 1555 3343 1637 Der Schleier Pierrettens
418 1600 1620 1668 wünschte Gelegenheit zu breiterer Entfaltung. Vollends
1610 1614 2805 1669 leichteren Ton dieses Genres nicht ganz Angepaßtes ist
2800 1612 3373 1699 gängen auf und nieder, e
424 1656 1620 1712 durchziehen bunte Tanzrhythmen das folgende Bild.
1619 1661 2796 1712 eher dem gediegenen, gern in sinfonische Tiefen hinab¬
2797 1660 3355 1730 Pierrette wird mit einem
419 1689 1618 1770 Durch den Saal in Pierrettes Elternhause wogt festlich
1610 1699 2798 1782 tauchenden Musiker anzurechnen. Auf einen Neuling des
2802 1705 3374 1780 launenhafter Anmut gezeichn
431 1743 1619 1816 geputzte Hochzeitsgesellschaft. Schon wurde zu Quadrille
1610 1748 2809 1834 Theaters würde niemand raten bei der Geschicklichkeit, mit
2790 1766 3373 1823 wie zähneknirschende Sexiole
425 1790 1624 1865 und Menuett aufgespielt, aber die Braut ist noch immer
1621 1806 2799 1874 der er seine Musik der Handlung anschmiegt, die Gestalten
2800 1810 3369 1882 bange, dumpfe: Thema Pier
426 1857 1618 1918 nicht da. Man fragt, man munkelt, man zischelt. Arlecchino,
1613 1863 2794 1915 zeichnet, die Szene, die Situation bis in die letzte Einzel¬
2799 1860 3379 1919 Schatten an Pierrette, verft#
424 1883 1616 1959 der düstere Bräutigam, wird immer unruhiger; wilde
1620 1906 2800 1959 heit, oft bis auf ganz bestimmte Bewegungen und Gebärden
2798 1918 3374 1985 mahnend, drohend, unerbittl
421 1927 1620 2002 Eifersucht erfaßt ihn, wütend zerschlägt er die Instrumente
1606 1954 2805 2029 der Personen charakterisiert. Das kann nur einer, der den
2871 1952 3375 2025 Dieses Hauptmotiv b
417 1988 1620 2049 der Musikanien. Endlich kommt Pierrette, atemlos, verstört.
1616 1988 2797 2058 Blick für die Erfordernisse der Bühne hat und dazu
2796 1999 3365 2068 bereitet die trübe Stimmun
422 2038 1603 2102 Auf seine Vorwürfe antwortet sie verlegen, kann ihre Ver¬
1605 2050 2793 2120 auch über alle Ausdrucksmittel des Orchesters gebietet.
2797 2061 3373 2127 beweglich seufzt und schluch
423 2075 1611 2158 wirrung nicht verbergen. Sie sucht ihn zu besänftigen,
1619 2103 2789 2170 Dohnanyis „Pierrette“=Musik hat den doppelten Vorzug,
2784 2105 3360 2178 losen Pierrot und es kichert
424 2133 1623 2207 schmeichelt ihm ein Tänzchen ab. Da schreitet, nur für sie
1620 2150 2783 2211 geistreich und dramatisch zugleich zu sein. Daß die Erfin¬
2781 2150 3332 2217 quartett in das Zimmer
424 2191 1613 2259 sichtbar, das Gespenst Pierrots durch den Saal. Sie zeigt
1615 2199 2789 2261 dung zuweilen aus abgeleiteten Quellen fließt, sei immerhin
2796 2206 3372 2278 improvisiert. Bei reizender W
415 2237 1618 2294 entsetzt auf die Erscheinung, die in nichts zerfließt. Und
1620 2248 2808 2316 angemerkt. Reminiszenzenjäger werden hier auf Wagner
2797 2255 3366 2327 Rhythmen wiegt. Eine Va
424 2285 1620 2354 wieder taucht das Gespenst beim Buffet auf, kredenzt ihr
1609 2285 2794 2360 und Goldmark, dort auf Liszt und Johann Strauß denten,
2788 2296 3371 2368 Betonung der Wiener Not
425 2339 1620 2404 ein Glas Wein. Pierrette taumelt zurück, will sich mit
1620 2345 2797 2407 mögen noch anderes herauswittern, das so ungefähr „in
2782 2344 3365 2413 Dreivierteltakt dreht. Ausde
422 2381 1617 2445 dem Brautschleier das Gesicht verhüllen. Der Schleier
1614 2390 2803 2455 der Luft liegt“ Aber Dohnänyi zeigt auch hier eine so
2788 2401 3357 2462 die Wiederbegegnung des
412 2423 1618 2499 fehlt. Arlecchino wird wieder von rasender Eifersucht
1617 2440 2798 2513 starke persönliche Note, daß solche fremde Einflüsse nie die
2785 2444 3361 2520 mit einer schmachtenden Kan
421 2474 1616 2554 erfaßt, verlangt, daß Pierrette den Schleier hole.
1616 2489 2801 2564 Oberhand gewinnen, höchstens nur wie eingewirkte Fäden
2794 2480 3370 2563 armungen zu zärtlicher D
424 2505 1626 2599 Da erscheint noch einmal der tote Pierrot und winkt mit
1613 2538 2797 2600 erscheinen in dem farbigen Gewebe seiner Musik. Man
2796 2545 3369 2622 aufregenden Vergiftungsszen
420 2575 1623 2645 dem Schleier. Sie will ihn erhaschen, das Gespenst ent¬
1611 2588 2785 2659 nannte die Tanzpoëme von Leo Delibes „Sinfonische
2792 2580 3346 2654 fen dramatischen Anlauf,
428 2632 1613 2700 schwindet, sie eilt ihm nach, Arlecchino dicht hinter ihr. So
1607 2635 2796 2706 Ballette“. Mit größerer Berechtigung kann man sagen,
2790 2640 3363 2716 düsteren und geell aufblitzen
424 2665 1608 2738 gelangt das Paar in die Wohnung des Malers. Der
1615 2684 2792 2753 daß Dohnänyi eine sinfonische Pantomime geschrieben hat.
2789 2688 3365 2752 stürzenden Braut wütend d
432 2727 1616 2783 Schleier liegt auf dem Boden und daneben die Leiche
1610 2733 2790 2790 Diese Musik steckt voll feiner, geistreicher, oft witziger
2781 2742 3360 2811 Walzerpotpourri besorgt al
425 2771 1609 2839 Pierrots. Arlecchino errät nun, was vorgefallen und er
1610 2769 2795 2843 Kontrapunktik, die jede trockene Gelehrsamkeit aus dem
2793 2795 3355 2852 gang zum Hochzeitsball. D
415 2828 1621 2901 nimmt furchtbare Rache. Er setzt den Leichnam auf den
1617 2834 2798 2894 Spiele läßt, den Reiz des rein Musikalischen mit den
2785 2842 3365 2903 meierzeit um einige Jahrzeh
424 2871 1616 2938 Divan, trinkt ihm höflich zu, umarmt dann höhnisch die
1608 2870 3357 2950 Zwecken der Charakteristik vereinigt. Sie steht auch zumeist der Sohn, hat hier das erst
409 2910 1619 2995 Braut, geht unter galanten Verbeugungen hinaus und sperrt
1606 2930 3359 3009 in engem Zusammenhang mit einer ganzen Reihe fest= also voriges Jahrhundert,
414 2964 1624 3031 die Türe hinter sich zu. Pierrette rüttelt verzweifelt am
1617 2980 2787 3046 stehender Themen und Motive. Ueber die Pantomime ist
2782 2980 3365 3055 vorgeschritten ist und au
414 3023 1617 3081 Schlosse, rennt in gräßlicher Todesangst durch das Zimmer,
1605 3035 2789 3087 im Wagnerschen Sinne ein Netz von Leitmotiven gespannt,
2790 3033 3344 3117 Anachronismus entschädigt
426 3067 1614 3137 sucht vergebens einen Ausgang. Plötzlich verzerren sich ihre
1608 3073 2792 3145 die sich kunstvoll kreuzen, durcheinander schlingen, in den
2779 3090 3325 3157 fesche Ton und die g
423 3125 1615 3180 Züge, sie umtanzt die Leiche, immer toller, bis zu rasendem
1612 3127 2789 3192 verschiedensten Umgestaltungen auftauchen, von bunten
2786 3124 3366 3193 Die graziös=steife Gavotte b
419 3164 1611 3229 Wirbel und sinkt endlich entseelt zu Boden. Draußen poltern
1602 3169 2783 3236 instrumentalen Lichtern umspielt werden. Der Musiker und
2783 3184 3355 3235 hübsch verzopfte, am Schluss
416 3212 1619 3288 die Kameraden an der versperrten Türe, brechen sie ein,
1611 3223 2792 3274 der Bühnenmensch verbinden sich hier zu dem gemein¬
2779 3211 3349 3298 Menuett, zu dem sich die G
418 3255 2801 3341 tänzeln in das G mach und stoßen entsetzt auf die beiden samen Ziele: zür möglichst getreuen Schilderung der
2781 3284 3354 3346 Braut entschließt, erinnern
410 3312 616 3390 Toten.
1610 3330 3356 3416 Szene, der dramatischen Aktion, der seelischen Voraänge. ordnuna. Wenn die Musikan
2607 4057 2994 4144 ——
