3344 4352
1990 151 2392 253 box 28/1
255 154 1827 271 23. Der Schleiender- Pierrette
433 1166 3346 1273 tragische Pantomime, richtiger eine gruselige. Die Argwohn Arlechino geforscht, Pierrette muß sich ihn immer ein klein wenig h#
447 1211 1605 1280 Pantomime wird bei unseren Poeten beliebt; sie ist das
1601 1231 2788 1304 zurückholen. Wie gebannt folgt sie der Erscheinung,
2778 1236 3352 1317 uns übrigens nicht wieder
431 1248 1621 1313 Neueste, was man in Dichterkreisen trägt. Ein Flirt mit
1610 1282 3340 1368 Arlechino an der Seite. Das dritte Bild zeigt beide in bei der Erwartung, Pierro#
430 1304 1617 1365 der Musik, ohne daß sich der Dichter, der das Wort
1608 1317 2784 1417 der Behausung des Toten. Arlechino faßt die Leiche,
2777 1337 3322 1404 zum Spaß den Toten?
420 1358 1610 1421 zurückhält, völlig hinzugeben brauchte. Das von einer
1612 1376 2778 1455 trägt sie auf den Diwan, „in die vordere Ecke“. Zwingt
2783 1379 3295 1455 Commedia dell' arte ge
427 1403 1613 1472 stillen Musik durchzogene Wort Schnitzlers — wie gut
1600 1431 2783 1485 „mit teuflischem Lächeln" Pierrette an den Tisch, tafelt
2779 1427 3346 1507 bärdensprache, die zur über
430 1444 1605 1508 bekäme es vielleicht der Oper! Weniger eifrig würden wir
1606 1479 2775 1547 mit ihr, wird zärtlich. Der Tote lehnt auf seinem Diwan,
2773 1477 3350 1554 begünstigt das Komische v#
433 1497 1605 1570 Hugo v. Hoffmannsthal der Pantomime abspenstig
1596 1517 2776 1594 in der vorderen Ecke. Für Zweifler sei nochmals be¬
2779 1528 3339 1604 Gebiete ernster Empfindu
417 1547 1600 1618 machen wollen. Nun berührt sich allerdings der „Schleier
1601 1566 2788 1644 kräftigt, daß diese Szene wirklich von Artur Schnitzler
2776 1568 3020 1647 rührenden
3003 1578 3334 1644 weit wahr
422 1585 1594 1656 der Pierrette“ scheinbar innig mit Schnitzlers Dramatik,
1599 1618 2771 1697 herrührt. Dann entfernt sich der angenehme Arlechino
2767 1623 3333 1709 Ausdruck, als hochgespannt
425 1635 1597 1704 stammt ja geradezu aus ihr her. Der Schleier der Pierrette
1597 1659 2765 1732 und läßt Pierrette in versperrtem Zimmer mit dem
2765 1655 3179 1760 Verzerrung laufen.
421 1672 1603 1766 war einmal jener der Beatrice, flatterte nun aus dem
1604 1713 2779 1791 Leichnam allein, Das Entsetzen macht sie wahnsinnig
408 1733 1594 1800 widerspenstigen Burgtheater ins Operntheater. Allerdings
2838 1730 3358 1808 Der Musiker wäre der
1595 1757 2771 1838 und im Wahnsinn beginnt sie zu tanzen, wie die
418 1772 1597 1843 gab das Drama wirklich nur den Schleier und eine
2768 1777 3339 1857 Kontraste schrecken würden.
1603 1807 2779 1896 Heldinnen der Koloratur zu trillern pflegen. Tanzt, bis
414 1831 1601 1893 Situation an die Pantomime ab: die Geliebte stiehlt sich
2770 1843 3344 1919 tischem Gebiete, wie Ernst
1602 1850 1938 1932 sie tot hinfällt,
423 1883 1493 1944 von der Hochzeit zum Liebhaber. Auf
1471 1890 1612 1970 den
2769 1891 3332 1969 geradezu locken. Diese Pant
1676 1890 2780 1985 Elektras Leichentanz hat seine Vorgeschichte, krönt
418 1930 1593 2010 ersten Blick eine Lustspielsituation, ein Anatol=Abenteuer.
2764 1937 3315 2009 Fußangeln dramatischen
1593 1935 2772 2038 gleichsam nur das Phänomen der Hysterie. Pierrette
408 1980 1598 2056 Um so pikanter zu erfahren, daß diese Situation
2771 1993 3334 2059 Bühnenschritt. Dohnanyi br
1589 2006 2764 2056 jedoch, mit keinerlei dramatisch vorbereitenden oder er¬
407 2024 1590 2105 ursprünglich, noch bevor das Dram. „Der Schleier der
2757 2033 3334 2123 spieler verhätschelt, nicht vorg
1593 2052 2772 2122 klärenden Charaktermerkmalen beschwert, ist nichts als
417 2074 1589 2130 Beatrice“ entstanden war, tatsächlich als heitere, vollends
2758 2089 3346 2168 Kühle gegen sein Instru
1591 2093 2771 2163 Pierrette. Allenfalls noch Wiener Hausherrnstochter, soweit
416 2117 1588 2199 als eine pantomimische gedacht war. So daß der Dichter
2761 2136 3331 2203 gemein; der ehrgeizig au
1583 2138 2770 2222 ihr bürgerliches Nationale in Betracht kommt. Sie sind
414 2165 1590 2254 auf dem Umwege des Dramas schließlich zu seiner
2763 2174 3326 2264 ringt gleichsam den begabte
1576 2180 2766 2264 nämlich alle aus Wien, Pierrette wie Pierrot und
411 2218 1594 2308 Pantomime zurückgekehrt wäre, auf die nun das Drama,
2767 2237 3326 2309 hatte vielleicht noch mehr z
1596 2239 2761 2310 Arlechino, zudem aus Altwien, dem sonst mit allem
415 2253 1076 2338 und zwar recht grell, abfärbte.
2771 2285 3156 2356 aber auch bereits
1592 2280 2761 2360 üblichen Inventar der Gemütlichkeit ausgestatteten Milieu
3136 2297 3201 2343 —
493 2308 1589 2405 Die Dinge entwickeln sich folgendermaßen: Pierrot
2765 2332 3342 2412 land“ zählt — Erheblicherh
1598 2334 2766 2411 dieser ungemütlichen Geschehnisse. Artur Schnitzler, der
394 2366 1585 2449 trauert in seinem Stübchen der ungetreuen Pierrette nach.
2759 2377 3325 2458 baute bislang das Feld der
1576 2388 2766 2457 seine Poet des Sterbens, spielt grausam mit dem Tode
405 2430 1588 2504 Da kommt die Reizende selbst, in Myrtenkranz und Braut¬
1580 2429 2760 2507 in dieser Pantomime. Er hat uns verwöhnt; gerade durch
2760 2430 3338 2505 Brahms ausging, um das
401 2454 1584 2538 schleier, eine Giftphiole im Gürtel, der vom un¬
1591 2480 2756 2553 die auffällig krasse Stofflichkeit der Handlung gestachelt,
2754 2478 3335 2556 als Ungar mit einigem nd
407 2519 1598 2597 geliebten Arlechino gelöst zu werden droht. Pierrot soll
1597 2529 2769 2584 forschen wir deren tieferen Absichten nach. Allein es hat
2758 2528 3346 2608 nalen Esprit zu würzen.
393 2549 1583 2648 mit ihr sterben. Er nimmt das Gift; sie verliert den
1581 2576 2753 2646 den Anschein, daß man sich mit der jüngstens wiederholt
2757 2571 3331 2652 bekommen; Kammermusik,
393 2614 1583 2689 Mut. Einer jener Doppelselbstmordverträge, bei denen
1582 2628 2754 2695 hervortretenden Vorliebe des Dichters für das Seltsam¬
2756 2628 3336 2706 Auch darin zeigt sich Do
390 2677 1581 2746 ein Teil im letzten Augenblick zurücktritt. Von Entsetzen
1568 2664 2766 2731 Abenteuerliche zu bescheiden hat. Die Gruselpantomime
2750 2677 3331 2744 gabtere und Wandlungsf
396 2707 1583 2783 gepackt, flieht Pierrette aus der Nähe des Toten. Flieht
1576 2730 2755 2788 gehört zu den letzten Pariser Moden. Von ihren Wirkungen
2754 2727 3331 2789 Bildung und Geist stärker i
401 2750 1577 2835 in den Hochzeitssaal zurück, wo der wütende Arlechino ihr
1576 2773 2751 2838 bestochen zu sein, darf man Schnitzler nicht zumuten.
2745 2769 3312 2851 keit, Eigenart und Tiefe.
390 2790 1581 2879 Verschwinden bemerkt hat. Sie will nicht sagen, woher
1570 2822 2745 2888 Eher mag die spielerische Ironie des Dichters, der sich
2749 2817 3330 2898 ihm die Zustimmung der ##
390 2848 1574 2929 sie kommt, sie will tanzen. Mitten im Tanze — Erscheinung
1577 2868 2749 2937 sonst meisterlich in feinschmeckerischer Psychologie ergeht,
2741 2875 3329 2946 er war die liebevoll gehegte
391 2906 1573 2983 des toten Pierrot. Das Gespenst schenkt der Erschauernden
1576 2920 2748 2999 sich auch einmal an dem gewürzten Bühnen¬
2751 2923 3328 2991 nie herausgefordert, ihr Oh
391 2939 1578 3028 Wein ein, wenn sie trinken will, und es lockt mit dem Schleier,
1570 2970 2749 3021 effekt als solchem habe vergnügen wollen. Zumal
2736 2963 3338 3039 wäre ihm einige aufrührerisch
385 2998 2751 3086 den Pierrette in der Wohnung des Geliebten zurück= da er unwillkürlich mit der Mitwirkung des Musikers
2742 3019 3334 3087 ziehung zur modernsten Ne
392 3044 3330 3146 gelassen hatte. Nach diesem Schleier hat in rasendem rechnete, dieses Musikers, dessen Gisellschaft die Dichter Pantomime zu statten gekom
