3392 4384
1925 150 2366 246 box 28/1
195 179 1777 287 23 Der Schleien der Pierrette
2369 918 2464 984 585
1565 925 1857 1005 SIGNALE
947 931 1374 1009 No. 16. 16. April 13.
952 1046 2470 1118 täuschung — abgewichen und lässt Gurnemanz und Parsifal zur Gralsburg
964 1113 2470 1172 emporsteigen, während die Szenerie hinter einem leichten Vorhang wechselt.
955 1154 2469 1232 Meinem Empfinden nach ist dieses „System“ durchaus akzeptabel. — Die Innen¬
964 1203 2476 1287 architektur der Gralsburg erinnert an die altchristlichen Basilikentypen. Hier, wie
955 1267 2483 1325 auch in den blühenden — nicht übertrieben üppigen — Landschafts- und starren
965 1311 2490 1365 Gebirgspartien, hat Gamper wirkungsvolle Bilder geliefert. Klingsor’s Schloss
958 1369 2256 1416 mit dem Turm ist eine düstere Stätte, ohne phantastisches Beiwerk.
1078 1398 2477 1467 Bei der Einstudierung des musikalischen Teils gingen die Orchester- bezw.
961 1463 2484 1514 Chordirigenten, die Herren Max Conrad, Paul Krause, Alois Lanzer und Albert
961 1502 2479 1563 Hengartner unter Dr. Lothar Kempter’s Leitung Hand in Hand. — Die Aufführung
961 1560 2478 1614 erzielte eine tiefgehende Wirkung, dank dem ausgezeichneten Orchester, den vor¬
965 1610 2482 1665 trefflichen Chören und Solisten. Wer von diesen in erster Reihe genannt werden
966 1654 2485 1713 soll, is schwer zu entscheiden. Ein jeder hat das Charakteristische seiner Rolle
971 1715 2477 1773 gut erfasst und vorzüglich ausgeführt. Frl. Emmy Krüger als Kundry, Willy¬
969 1746 2491 1813 Ulmer als Parsifal, Karl Gritzbach als Gurnemanz, Wilhelm Bockholt als Amfortas,
962 1809 2485 1864 Otto Janesch als Klingsor und August Stier als Titurel. Jedenfalls kann sich die
970 1847 2494 1914 Direktion zu dieser Künstlerschar gratulieren, und wir Zuhörer danken ihr für den
968 1898 2552 1957 unvergesslichen Abend. Ein extra Lob dem kunstsinnigen Oberregisseur Hans
2097 1943 2458 2023 Akosch Lägsle.
972 1958 1219 2029 Rogorsch!
932 1958 1394 2112 er  ee
1478 2115 1977 2206 Aus Berlin.
1045 2067 1446 2217 WLU
1491 2201 2498 2254 Das Charlottenburger Deutsche Opernhaus sollte in
1057 2230 1411 2293 Dohnányi als
1479 2239 2494 2297 der Auswahl von Novitäten besonders vorsichtig
1018 2261 1451 2337 Bühnenkomponist
1476 2293 2493 2359 sein. Einstweilen hat es den guten Willen der
973 2341 2485 2422 ganzen Stadt, zehntausende opernhungriger Musikfreunde stehen bereit, das
976 2389 2485 2453 mächtige Haus zu füllen ohne viel zu fragen, was gegeben wird und wer singt.
981 2437 2490 2517 Diesen gesunden Opernhunger muss man den Leuten zu erhalten suchen, indem
976 2492 2486 2561 man dafür sorgt, dass niemals ein Besucher mit dem Gefühl nach Hause geht,
976 2541 2502 2598 er sei überhaupt nicht warm geworden, er sei nicht auf seine Kosten gekommen.
976 2599 2489 2668 Was die Qualität der Darbietungen betrifft, so ist bislang wahrlich kein Grund
972 2631 2497 2700 zu irgendwelcher ernsthaften Klage gegeben worden, im Gegenteil. manche
967 2685 2504 2734 Erwartungen wurden noch übertroffen; wohl aber hat man sich Missgriffe
981 2739 2495 2806 in der Auswahl des Repertoires zu schulden kommen lassen. Würde die Wahl
978 2804 2495 2846 lediglich von der künstlerischen Qualität und der Geeignetheit des Werkes ab¬
985 2846 2502 2909 hängig gemacht, dann wäre sie damals wohl kaum auf „Wieland der Schmied“ und
979 2896 2492 2957 jetzt auf die beiden Dohnänyi'schen Stücke gefallen. Dass das Deutsche Opern¬
979 2939 2494 2998 haus der Königlichen Hochschule räumlich so nahe liegt, gibt noch nicht hin¬
983 2987 2497 3051 reichenden Grund dafür, des ersteren Bühne einem komponierenden Professor
976 3046 1747 3096 der letzteren zur Verfügung zu stellen.
1100 3073 2500 3149 Dohnányi hat sich nicht bloss als Pianist einen Namen gemacht, es sind
977 3138 2500 3196 ihm auch Instrumentalkompositionen geglückt. Eine prägnante Physiognomie
991 3184 2494 3248 hat er zwar noch nirgends gezeigt, aber man darf seine Kompositionsgabe mit
982 3231 2501 3292 gutem Gewissen als beachtenswert bezeichnen. Indessen, vom roten Opernblut
973 3279 2496 3340 hat er auch nicht einen Tropfen in seinen Adern. In dem Einakter „Tante Simona“
1029 3333 2507 3390 den uns das Deutsche Opernhaus am letzten Mittwoch vorsetzte — muss
983 3372 2512 3450 auch der Wohlwollendste schon nach der ersten Viertelstunde ungeduldig und
980 3424 2506 3504 nach einer weiteren unwillig werden, denn zu einem über die Massen naiv¬
2536 4049 2652 4149 ——
2895 4033 3116 4138 K
