3344 4384
1912 150 2382 253 box 27/5
181 160 1788 253 23. Der Schleien der Bierrette
2383 1471 3191 1575 Pedzous Mekka, somn laus Overalt ArT
2399 1541 3189 1618 à 10 O. Pk. Mod Efterligninger advares
478 1560 1617 1652 W
92 1647 3206 1771 nsaf Skuespilleren; her skal hau an- jikke ger noget Forsog paa at ka-l Akt og Danscmusiken i anden Akt shele Emnet og dets Dysterhed;
116 1712 1646 1787 -skueliggere og klarlaegge Figuren rakterisere de enkelte Personer,
1639 1728 2405 1791 er de eneste Momenter, hvor Kom¬
2396 1732 3197 1808 Pierrot var skarlagenred og stod
136 1764 1652 1831 alene gennem de Midler, der staarl men udelukkende seger Udtryk for
1651 1781 2405 1864 ponisten har ladet Melodien have
2396 1782 3181 1852 som selve Symbolet paa den breen¬
136 1807 899 1892 ti Mimikens Raadighed: Ansigtets
885 1820 1654 1885 Folelsen og de forskellige Sinds¬
1633 1825 1883 1908 frit Lob.
2388 1824 3184 1906 dende Keerlighed; Pierrette van
132 1857 902 1932 Istiftende Udtryk, Blikket og Ge¬
888 1872 1650 1928 stemninger, Personerne gennem¬
2379 1897 3187 1960 hvid, Harlekin kulsort. Disse Far¬
140 1901 1663 1987 slus; Kunstneren skal i alleregent-gaar; der er ingen Tvivl om, at der
2402 1932 3187 2005 vers Sammenstilling 1 de forskelli¬
1671 1912 2403 2018 Denne Pantomime adskiller sig
136 1954 2409 2075 lgste Forstand skabe Figurenhar fundet et intimt Samarbejde endnu i en Retning fra alle andre
2399 1991 3192 2056 ge Scener var af en ypperlig Virk¬
121 2003 2408 2116 Ha Grunden af; savner han denneSted mellem Forfatter og Kompo-Pantomimer, nemlig i den ydre
2396 2034 3196 2105 ning; jeg kan ikko forbigaa denne
102 2076 2409 2167 riWne, kan han i langt mindre Grad nist, der netop har truffet det, Iscenessettelse, denne spiller i det
2409 2095 3175 2157 Opferelse af Pantomimen i Kri¬
126 2107 1653 2204 leid i Skunspillet illudere, thi Figu-Schnitzler har villet give, men det
2400 2143 3189 2210 stiania, uden at fremheeve Udfe¬
1637 2152 2395 2223 hele taget en langt etorre Rolle i
113 2159 894 2230 olin udviskes da ganske og bliver
887 2177 1641 2254 kan ikke neegtes, at den meget lidt
2395 2198 3188 2269 reisen. Gyda Christensen
1635 2200 2404 2275 Pantomimen end i nogen anden
103 2218 888 2281 ad intet; der er ikke engang Dig¬
883 2228 2395 2331 iorefaldende Musik i hej Grad be-Kunstart, idet alt, saavidt mulig,
2388 2236 3177 2326 som Pierrette, Schanke som
136 2252 882 2328 Itirens Ord tilbage; i Pantomimen
885 2281 1644 2351 sveerligger Tilegnelsen, idet den i
2392 2295 3192 2383 Pierrot og Eyde som Harlekin,
1627 2307 2397 2376 skal falde sammen til en kunstne¬
103 2326 1638 2411 tahrenger det kunstneriske Resul-Stedet for at illustrere Handlingen
2399 2350 3184 2417 hver for sig ydede fremragende mi¬
1627 2355 2397 2426 risk Helhed; man er i Udlandet
112 2384 1643 2460 güt i langt hojere Grad af Fremstil-Jofte ger den end mere uklar; den
2391 2401 3187 2462 misk Kunst, og dette, at disse
1632 2416 2394 2470 gaaet forskellige Veje, idet det yd¬
131 2423 885 2504 Threns Kunst end i nogen anden
876 2440 1641 2517 er kendelig paavirket af Wagner,
2393 2455 3193 2521 Skuespillere, der ingen som helst
1635 2469 2405 2532 re Udstyr enkelte Steder er blevet
155 2461 398 2539 Lunstart.
873 2492 2408 2585 og Komponisten viger endda ikke holdt i Sort og Hvidt, andre Steder
2400 2505 3177 2585 Berering har haft med Ballet¬
158 2518 3179 2631 Selvfelgelig har Kunstnerenltilbage for en hyppig Anvendelseli Redt og Graat — jeg har haft kunst, kunde magte disse Orgaver,
166 2567 882 2638 d stor Stette 1 Musiken, men
869 2576 3183 2672 af Ledemotiver f. Eks. i Kerlig-] Leilighed til at overveere en Opfo-Iviser bedre end noget Pantomimens
140 2616 883 2688 lgesom Schmitzle i Teksten er
871 2631 2391 2739 hedsscenerne mellem Pierrot og reise paa Nationalteatret i Kristi¬
2387 2657 3176 2754 intime Sammenheeng med Kunsten.
141 2675 883 2744 Aact ganske bor fra den traditio¬
866 2690 2396 2778 Pierrette; den er 1 harmonisk Hen-ania, hvor Iscenessettelsen var
140 2712 890 2777 alle Form for Pantomime, har
108 2730 167 2786 9
873 2758 2411 2835 seende helstobt og giver Kompo-Iganske i Overensstemmelse med
102 2771 875 2842 ifirnst v. Doinanyi, der har
2422 2753 3180 2863 Medens Balletterne ude i Evropa
878 2808 2390 2888 nisten Lejlighed til en paa mange Dresdner Operaens, hvor den ferst
126 2821 880 2891 lomponeret Musten, gansko fjer¬
2385 2823 3181 2907 har maattet melde Pas overfon
117 2859 871 2939 „liet sig fra de Pobilleder, han kun¬
868 2856 3176 2959 Maader interessant og morsom In-kom frem under Forfatterens per-Idenne Opgave, som forevrigt al¬
117 2925 867 2982 de have segt 1 dn franske Panto¬
872 2905 3176 3011 strumentation, af ypperlig Virk-Isonlige Medvirken; alt var holdt ildrig har veeret tilteenkt den, har
135 2970 878 3041 himemusik, der ietop i Musikens
869 2961 3185 3065 ning er saaledes det Moment, hvor Graat og Redt, Dekorationer, Ko¬ Direktionen her ment at kunng
867 3007 1637 3089 Densemusiken i Bryllupsscenen ef¬
128 3017 878 3104 Enkelthed og Modiernes talende
1626 3020 2393 3096 stumer, selv Moblerne var graa.
2387 3046 3172 3118 overlade denne Opgave til Ballet¬
864 3063 1642 3138 ter at Harlekin i Raseri har splin¬
136 3065 802 3156 Form soger at etatte Ordet.
1623 3073 2397 3152 Virkningen var eminent, Figurerne
2380 3090 3173 3161 ten, og det er forstaaeligt, at Bal¬
863 3107 1633 3185 tret Violinerne, lyder skurrende
1630 3132 2385 3202 stod med klare, rene Linjer og teg¬
2388 3143 3180 3230 letmesteren har ensket at modtage
862 3155 3169 3245 falsk fra de brudte Instrumenter. nede sig som Silhouetter, og netopden, skont det er en offentlig Hem¬
165 3192 3171 3318 Dohnanyis Mük er mere sym-En indsmigrende Valsemelodi, der Iderved opnaaedes det Uvirkelighe-melighed, at der har veeret store
114 3252 3186 3364 siphonisk, den er eTonemaleri, der lledsager Venindernes Dans i ferstel dens Preeg, som forsoner En medIVanskeligheder ved Rollebeseetning
