3344 4352
2002 155 2437 251 box 28/1
278 156 1858 262 23. Der Schleiender- Pierrette
1532 1090 2098 1186 Eine offiziose Korrektur.
2264 1087 3293 1189 vorhanden ist, erscheint als das beväuerriche
156 1102 1339 1212 icht der Viets, und zwar nicht nur geschlachteten,
1336 1143 3018 1209 Das Wolffsche Telegraphenbureau meldet: Resultat der Methode Kiderlens.
171 1169 1332 1241 Mittel sondern lebenden Viehs geöffnet werden sollte,
2168 1195 2548 1263 rne uifr#crezVDN
1347 1204 2128 1270 AE WIEN WUAAASEREWR DIER TEETNATNE
423 1225 523 1294 SST
2283 1239 3286 1316 versehrt, der Glanz. schien ein wenig matter ge¬
1312 1262 2304 1342 dessen große Arie den ersten Akt so effektvoll
162 1283 363 1371 inserem
2304 1293 3282 1360 worden, und auch der Eindruck des zweiten
1310 1294 2313 1393 abschließt. Gleich das Erscheinen zeigte den
1189 1298 1310 1393 4
165 1341 283 1426 an:
492 1271 1211 1427 Feuilleton.
2292 1337 3292 1416 Aktes, in dem Caruso durch ergreifendes
1319 1346 2307 1431 ganzen und echten Künstler: ein gutmütiger,
2298 1404 3291 1458 Spiel rührte, hat die Stimmung des Publi¬
1315 1400 2307 1472 alter Schmierenkomödiant kam auf dem
609 1402 1077 1506 Operntheater.
2294 1439 3293 1517 kums nicht beeinflußt, das in der Aufregung
358 1446 2299 1541 (Caruso als Bajazzo. — Zum erstenmal: „Der Theaterkarren hereingefahren, zu allerlei
2299 1496 3284 1577 eines Sensationsabends selber nervös ge¬
348 1502 2295 1584 Schleier der Pierrette“. Pantomime in Possen aufgelegt, ein großes, naives Kind,
2294 1538 2615 1626 worden war.
351 1556 2298 1627 drei Bildern. Handlung von Arthur Schuihlen dessen Augen bald munter aufblitzten, bald
157 1572 347 1663 des bei
2336 1564 3288 1674 Die Aufregung eines solchen Abends erzeugt
348 1621 1329 1688 Musik von Ernst v. Dohnanyi. Am 20. September).
1324 1601 2302 1667 trübe dreinblickten. Etwas Treuherziges ging
160 1642 350 1710 ichen zu
2295 1646 3291 1712 sicherlich nicht die günstigste Stimmung, um
1328 1646 2306 1720 von dem alten Mann aus, das in seiner
388 1654 1337 1731 Die Caruso=Tage haben gestern begonnen.
167 1691 346 1764 ß man
2300 1684 3289 1766 ein neues Werk zu genießen, das, wie ein
1331 1703 2301 1765 Schlichtheit rührte, und man hatte sofort das
348 1718 1326 1789 Für die Wiener Gesellschaft sind es Festtage,
164 1742 347 1807 n, dem
2301 1739 3286 1809 distinguierter, aber in diesem Augenblick unwill¬
1333 1741 2307 1816 Gefühl, daß dieser jeder Stimmung leicht zu¬
350 1761 1332 1833 an denen sich Luxus und Eleganz im
166 1789 341 1852 r fran¬
2299 1787 3292 1856 kommener Gast mit verlegener Aufmerksamkeit
1320 1785 2309 1866 gängliche Kindskopf gegen Tücke und Verrat
344 1813 1333 1881 Operntheater ausbreiten dürfen, Tage des
166 1831 354 1908 Reihe,
2304 1843 3289 1903 bekomplimentiert wird. Das neue Werk, das
1321 1842 2306 1911 wehrlos sein würde. So war die große Arie
355 1862 1329 1930 Neides und der Neugierde, der Aufregung
171 1890 350 1962 rblichen
2308 1883 3293 1961 dem „Bajazzo“ voranging, eine Pantomime:
1333 1894 2311 1963 wirksam vorbereitet. Wenn Canio seine Frau
356 1895 1341 1983 und der Sensationslust, über die lange vorher
176 1935 358 1994 als er
2302 1937 3290 2007 „Der Schleier der Pierrette“, hat zwei Männer
1330 1947 2311 2014 ertappt, ist er ganz hilflos in seinem Schmerz
363 1963 1340 2026 schon in allen Salons gesprochen wurde und
191 1983 353 2045 seinen
2306 1990 3291 2056 zu Verfassern, die in Wien der Verehrung sicher
1335 1977 2312 2062 und greift immer wieder nach seinem Kopf,
349 2008 1330 2074 lange nachher noch gesprochen werden wird.
194 2026 355 2096 Paris
2298 2039 3290 2105 sind: Arthur Schnitzler, den vornehmsten Wiener
1336 2046 2307 2117 wie wenn er ihn halten müßte, damit er nicht
346 2055 1328 2115 Aus dem gesellschaftlichen Leben einer Groß¬
156 2078 354 2148 mmung
2292 2075 3285 2158 Poeten, und Ernst v. Dohnanyi, den frohgemuten
1335 2099 2298 2157 auseinanderfiele. Die Klage des Komödianten
353 2108 1335 2183 stadt kann man solche Tage nicht wegdenken,
157 2127 365 2192 on ver¬
2309 2121 3301 2200 Pianisten, beides Künstler, die eine sicher
1330 2147 2308 2211 hebt schlicht und unscheinbar an, als ob es
356 2157 1341 2231 und sie gleichen sich wohl auch in allen
163 2170 357 2240 daß der
2301 2178 3286 2249 formende Hand besitzen und die Kunst mit welt¬
1326 2192 2310 2271 nicht anders sein könnte, steigert sich in
349 2191 1338 2280 großen Städten, in London und Paris, in
175 2221 359 2287 empor¬
2311 2236 3281 2298 männischem Geschmack betreiben. Dichter und
1324 2232 2306 2309 edelster Form, gewinnt mühelos die höchsten
348 2247 1343 2319 New=York und Paris, wo immer es eine
171 2275 354 2338 r Insel.
2295 2279 3291 2347 Musiker sind sich bei beiden oft genug auf halbem
1327 2295 2308 2356 Töne und erstickt in Schluchzen und Weinen,
357 2301 1342 2365 Gesellschaft gibt, die sich ihres Reichtums und
151 2306 360 2390 odernen
2298 2335 3287 2418 Wege entgegengekommen. Musikalische Stim¬
1332 2345 2302 2407 ein Meisterstück vornehmer Gesangskunst.
358 2354 1339 2421 der Schönheit ihrer Frauen freut. In allen
159 2373 367 2442 auf sich
2300 2380 3282 2445 mungen durchziehen die Werke Arthur Schnitz¬
1341 2386 2316 2468 Ergreifend ist das kleine schauspielerische
352 2395 1347 2481 Weltstädten wirkt heute der Name Caruso
156 2420 362 2488 ren Ge¬
2312 2425 3297 2498 lers auf jeder Seite, und Dohnanyi wieder liebt
1342 2448 2313 2507 Nachspiel, mit dem der erste Akt schließt, das
359 2445 1344 2521 als ein Signal, das die Gesellschaft dieser
160 2471 357 2533 son des
2303 2464 3299 2541 es zu poetisieren, wenn er sich ans Klavier setzt.
1329 2498 2300 2554 Wanken zum Theater, Zurückschaudern, Zu¬
363 2504 1337 2566 Städte lebendig macht. Man reißt sich um die
150 2503 369 2587 is und
2304 2526 3293 2599 um mit geschmeidigen Fingern Tongestalten
1344 2545 2307 2629 sammenbrechen, das Hinwegschleudern des
360 2551 1330 2621 Karten, legt den blitzendsten Schmuck und die
161 2561 373 2640 nd seine
2314 2582 3296 2647 aus den Metallsaiten aufzuscheuchen. Musiker
1325 2588 2317 2666 Vorhangs... und dennoch schien das Publikum
362 2601 1343 2667 kostbarsten Kleider an, wenn man zur Oper
157 2615 365 2682 ockungen
2314 2633 3288 2694 und Dichter haben sich bei diesem Werke, einer
1335 2648 2312 2710 trotz seines starken Applaudierens nicht ganz
365 2654 1343 2721 fährt, wartet gespannt und aufgeregt auf den
175 2662 365 2727 Reigen
2313 2673 3291 2748 getanzten Pierrottragödie, gewiß vortrefflich
1339 2701 2306 2756 zufrieden, und eine leichte Enttäuschung war deut¬
364 2699 1341 2782 ersten Ton und applaudiert begeistert, wenn
161 2712 370 2775 Frauen
2308 2725 3293 2799 verstanden, und so ist eine aparte Arbeit
677 2743 767 2790 # W.
1329 2743 2307 2819 lich. Woran lag das? Die seltene und vornehme
353 2757 780 2829 der Vorhang fällt.
153 2760 365 2823 olitikern,
2303 2779 3295 2850 entstanden, die am Schluß leider ins Brutale
1327 2790 2308 2852 Künstlerschaft Carusos ist nicht zu verkennen,
397 2773 1331 2856 Als Träger eines solchen internationalen
155 2798 375 2872 kterbunte
2312 2834 2561 2907 umschlägt.
1336 2844 2314 2913 die Leichtigkeit und Noblesse seiner Gesangs¬
360 2839 1338 2908 Ruhmes ist Caruso in Wien wiederholt ge¬
144 2855 360 2935 rankreich
2343 2862 3295 2945 Das Schnitzlersche Pierrotstück ist voll
1334 2884 2319 2953 kunst unvergleichlich, also muß diese Ent¬
364 2887 1345 2962 feiert worden, und auch gestern hat der elegante
146 2907 366 2976 irft ein
2310 2928 3295 3001 gruseliger und phantastischer Stimmun¬
1335 2939 2316 3001 täuschung wohl dadurch hervorgerufen worden
370 2949 1340 3007 Saal mit sichtlicher Aufregung das erste Auf¬
152 2948 367 3014 empera¬
2315 2971 3300 3060 gen, denn der moderne Pierrot ist längst
1340 2991 2311 3058 sein, daß in der Stimme Carusos Spuren
363 3004 1347 3062 treten des berühmten Sängers erwartet. Man
148 2999 360 3071 tergrund
2307 3037 3299 3095 nicht mehr der geprügelte Tölpel der
1339 3018 2317 3109 einer Müdigkeit, die durch die Nervosität eines
361 3046 1331 3113 hatte ihn als Canio in Leoncavallos „Bajazzo“
173 3053 367 3117 Szenen
1350 3083 3290 3153 ersten Auftreiens hervorgerufen oder gesteigert alten französischen Jahrmarktspossen, auch
364 3091 1342 3158 in Wien noch nicht gehört und war darum
155 3096 364 3178 ung und
365 3142 3304 3221 doppelt nengierig, wie Caruso die Gestalt des sein mochte, bemerkbar waren. Die große nicht der sentimentale weiße Mann mit
344 3199 3297 3258 1 unglücklichen Komödianten verkörpern würde, Leichtigkeit der Stimme ist noch immer un= dem verbärmten Gesicht, wie ihn Watteau ge¬
153 3181 338 3268 aktion.
2685 3299 2874 3397 —
670 3323 919 3426 II#1
1608 3250 2673 3474 M
1386 3301 1632 3474 N.
2719 3384 2834 3475 S
2872 4055 2986 4154 —
1825 4095 1925 4160 —.—
