<?xml version="1.0" encoding="UTF-8" standalone="yes"?>
<PcGts xmlns="http://schema.primaresearch.org/PAGE/gts/pagecontent/2013-07-15" xmlns:xsi="http://www.w3.org/2001/XMLSchema-instance" xsi:schemaLocation="http://schema.primaresearch.org/PAGE/gts/pagecontent/2013-07-15 http://schema.primaresearch.org/PAGE/gts/pagecontent/2013-07-15/pagecontent.xsd">
    <Metadata>
        <Creator>prov=University of Rostock/Institute of Mathematics/CITlab/Gundram Leifert/gundram.leifert@uni-rostock.de:name=ONB_Newseye_GT_M1+(htr_id=10810)::::v=2.4.2
prov=University of Rostock/Institute of Mathematics/CITlab/Tobias Gruening/tobias.gruening@uni-rostock.de:name=de.uros.citlab.module.baseline2polygon.B2PSeamMultiOriented:v=2.4.2
prov=University of Rostock/Institute of Mathematics/CITlab/Tobias Gruening/tobias.gruening@uni-rostock.de:name=/mnt/transkribus/LA/DEA/URO/LA_news_onb_att.pb:de.uros.citlab.segmentation.CITlab_LA_ML:v=2.4.2
Transkribus</Creator>
        <Created>2019-10-07T11:13:16.977+02:00</Created>
        <LastChange>2019-10-08T00:51:09.028+02:00</LastChange>
        <TranskribusMetadata docId="223965" pageId="9495076" pageNr="237" tsid="16492823" status="IN_PROGRESS" userId="40391" imgUrl="https://files.transkribus.eu/Get?id=REQJJUJCYZZRZWVNBMNYQIGO&amp;fileType=view" xmlUrl="https://files.transkribus.eu/Get?id=ZCJCGMWRJXDSWNRLDPXNQEUW" imageId="6185303"/>
    </Metadata>
    <Page imageFilename="223965_0237.jpeg" imageWidth="3392" imageHeight="4352">
        <ReadingOrder>
            <OrderedGroup id="ro_1711441300300" caption="Regions reading order">
                <RegionRefIndexed index="0" regionRef="r1"/>
                <RegionRefIndexed index="1" regionRef="r2"/>
            </OrderedGroup>
        </ReadingOrder>
        <TextRegion orientation="0.0" id="r1" custom="readingOrder {index:0;}">
            <Coords points="238,170 238,3746 1791,3746 1791,170"/>
            <TextLine id="r1l1" custom="readingOrder {index:0;}">
                <Coords points="227,200 514,246 1801,222 1801,174 1644,143 1294,179 1158,141 1096,193 931,137 228,161"/>
                <Baseline points="238,195 315,201 393,206 470,210 548,213 626,215 703,217 781,218 859,218 936,219 1014,219 1092,218 1169,218 1247,217 1325,217 1402,217 1480,217 1558,217 1635,218 1713,220 1791,222"/>
                <TextEquiv>
                    <Unicode>23. Der Schleider Pierrete</Unicode>
                </TextEquiv>
            </TextLine>
            <TextLine id="r1l2" custom="readingOrder {index:1;}">
                <Coords points="1115,1021 1191,1008 1273,1019 1408,1000 1514,1009 1512,953 1424,924 1319,925 1286,945 1267,936 1221,955 1168,935 1114,961"/>
                <Baseline points="1125,989 1150,989 1175,988 1200,987 1225,985 1251,984 1276,982 1301,979 1326,978 1351,977 1377,976 1402,977 1427,978 1452,979 1477,983 1503,987"/>
                <TextEquiv>
                    <Unicode>Telephon 12.801.</Unicode>
                </TextEquiv>
            </TextLine>
            <TextLine id="r1l3" custom="readingOrder {index:2;}">
                <Coords points="576,1182 955,1180 1078,1146 1294,1156 1313,1104 1170,1117 1107,1073 993,1127 948,1087 851,1085 825,1114 789,1088 723,1091 650,1146 574,1147"/>
                <Baseline points="585,1175 621,1170 657,1166 693,1163 729,1160 765,1158 801,1157 837,1155 873,1154 909,1153 945,1152 981,1151 1017,1150 1053,1149 1089,1148 1125,1146 1161,1144 1197,1141 1233,1138 1269,1134 1305,1129"/>
                <TextEquiv>
                    <Unicode>„JBSENVEN</Unicode>
                </TextEquiv>
            </TextLine>
            <TextLine id="r1l4" custom="readingOrder {index:3;}">
                <Coords points="410,1242 1513,1201 1497,1159 1320,1148 409,1211"/>
                <Baseline points="421,1247 475,1244 529,1240 583,1237 637,1234 691,1232 745,1229 799,1226 853,1224 907,1222 962,1220 1016,1218 1070,1216 1124,1213 1178,1211 1232,1209 1286,1207 1340,1204 1394,1202 1448,1200 1503,1197"/>
                <TextEquiv>
                    <Unicode>1. österr. beh. konz. Unternehmen für Zeilungs¬</Unicode>
                </TextEquiv>
            </TextLine>
            <TextLine id="r1l5" custom="readingOrder {index:4;}">
                <Coords points="620,1281 879,1283 985,1257 1104,1274 1313,1241 1312,1220 1214,1208 619,1252"/>
                <Baseline points="630,1272 663,1272 697,1271 730,1269 764,1268 798,1267 831,1266 865,1265 899,1264 932,1263 966,1262 1000,1261 1033,1260 1067,1258 1101,1257 1134,1255 1168,1253 1202,1252 1235,1250 1269,1248 1303,1245"/>
                <TextEquiv>
                    <Unicode>Ausschnitte und Bibliographie.</Unicode>
                </TextEquiv>
            </TextLine>
            <TextLine id="r1l6" custom="readingOrder {index:5;}">
                <Coords points="594,1337 666,1371 793,1339 953,1360 998,1334 1067,1351 1373,1312 1371,1277 1310,1258 1200,1283 1077,1263 849,1301 784,1281 593,1300"/>
                <Baseline points="603,1339 641,1339 679,1338 717,1337 755,1336 793,1334 831,1333 869,1331 907,1329 945,1327 983,1325 1021,1323 1059,1322 1097,1320 1135,1319 1173,1317 1211,1316 1249,1315 1287,1314 1325,1313 1363,1313"/>
                <TextEquiv>
                    <Unicode>Wien, I., Concordiaplatz 4.</Unicode>
                </TextEquiv>
            </TextLine>
            <TextLine id="r1l7" custom="readingOrder {index:6;}">
                <Coords points="822,1387 836,1386 863,1411 976,1396 1102,1400 1152,1379 1151,1354 1126,1343 1085,1342 1072,1354 1040,1336 1023,1352 974,1349 957,1361 906,1347 895,1359 821,1358"/>
                <Baseline points="832,1394 857,1394 883,1394 909,1394 935,1394 961,1393 987,1392 1013,1391 1039,1390 1065,1389 1091,1388 1117,1387 1143,1385"/>
                <TextEquiv>
                    <Unicode>Vertretungen</Unicode>
                </TextEquiv>
            </TextLine>
            <TextLine id="r1l8" custom="readingOrder {index:7;}">
                <Coords points="432,1474 1504,1429 1535,1387 430,1412"/>
                <Baseline points="442,1458 496,1455 550,1452 604,1450 659,1447 713,1445 767,1442 821,1440 876,1437 930,1435 984,1433 1038,1431 1093,1428 1147,1426 1201,1423 1255,1421 1310,1419 1364,1416 1418,1414 1472,1412 1527,1409"/>
                <TextEquiv>
                    <Unicode>In Berlin, Brüssel, Budapest, Chicago, Cleveland, Christiania,</Unicode>
                </TextEquiv>
            </TextLine>
            <TextLine id="r1l9" custom="readingOrder {index:8;}">
                <Coords points="438,1501 1536,1445 1471,1416 437,1468"/>
                <Baseline points="448,1497 504,1495 561,1493 618,1491 675,1488 731,1486 788,1483 845,1481 902,1478 959,1475 1015,1473 1072,1470 1129,1468 1186,1465 1243,1462 1299,1459 1356,1457 1413,1454 1470,1451 1527,1449"/>
                <TextEquiv>
                    <Unicode>Genf, Kopenhagen, London, Madrid, Mailand, Minneapolta,</Unicode>
                </TextEquiv>
            </TextLine>
            <TextLine id="r1l10" custom="readingOrder {index:9;}">
                <Coords points="427,1545 1535,1490 1433,1455 426,1511"/>
                <Baseline points="437,1538 491,1535 545,1532 600,1529 654,1526 709,1524 763,1521 818,1519 872,1516 927,1513 981,1511 1035,1510 1090,1507 1144,1505 1199,1503 1253,1501 1308,1500 1362,1498 1417,1496 1471,1494 1526,1493"/>
                <TextEquiv>
                    <Unicode>New-Vork, Paris, Rom, San Francisco, Stockholm, St. Petere¬</Unicode>
                </TextEquiv>
            </TextLine>
            <TextLine id="r1l11" custom="readingOrder {index:10;}">
                <Coords points="831,1558 923,1571 958,1557 1090,1561 1123,1547 1148,1550 1147,1529 1080,1512 1012,1522 969,1514 949,1529 861,1519 830,1527"/>
                <Baseline points="841,1554 868,1555 895,1554 922,1553 949,1552 976,1549 1003,1548 1030,1546 1057,1545 1084,1543 1111,1543 1138,1544"/>
                <TextEquiv>
                    <Unicode>burg, Toronto.</Unicode>
                </TextEquiv>
            </TextLine>
            <TextLine id="r1l12" custom="readingOrder {index:11;}">
                <Coords points="787,1608 967,1602 996,1589 1026,1617 1046,1615 1099,1587 1142,1601 1165,1580 1194,1581 1193,1550 892,1569 876,1559 842,1571 785,1559"/>
                <Baseline points="795,1594 821,1593 847,1592 873,1591 899,1590 925,1588 951,1588 977,1586 1003,1585 1029,1584 1055,1583 1081,1581 1107,1581 1133,1580 1159,1579 1185,1579"/>
                <TextEquiv>
                    <Unicode>(ünellenangebe ohn ewahl,</Unicode>
                </TextEquiv>
            </TextLine>
            <TextLine id="r1l13" custom="readingOrder {index:12;}">
                <Coords points="439,1702 870,1664 1156,1689 1380,1637 1549,1659 1598,1641 1594,1565 1425,1564 1324,1607 1162,1582 1087,1637 436,1652"/>
                <Baseline points="447,1685 504,1684 561,1683 618,1681 675,1680 732,1679 789,1677 846,1675 903,1672 960,1671 1017,1668 1074,1666 1131,1662 1188,1658 1245,1654 1302,1650 1359,1645 1416,1640 1473,1634 1530,1628 1587,1621"/>
                <TextEquiv>
                    <Unicode>Ausschnilt aus: D „egre Zer</Unicode>
                </TextEquiv>
            </TextLine>
            <TextLine id="r1l14" custom="readingOrder {index:13;}">
                <Coords points="1195,1788 1220,1784 1254,1807 1297,1783 1436,1794 1488,1776 1506,1785 1560,1754 1557,1698 1492,1698 1479,1709 1373,1656 1332,1651 1257,1665 1223,1685 1187,1678"/>
                <Baseline points="1203,1781 1229,1781 1256,1781 1283,1780 1310,1779 1336,1777 1363,1775 1390,1773 1417,1771 1443,1769 1470,1767 1497,1764 1524,1762 1551,1761"/>
                <TextEquiv>
                    <Unicode>Jahes.</Unicode>
                </TextEquiv>
            </TextLine>
            <TextLine id="r1l15" custom="readingOrder {index:14;}">
                <Coords points="990,1795 1004,1793 1019,1804 1043,1785 1070,1786 1073,1693 1061,1694 1058,1690 1042,1700 1024,1697 1008,1710 993,1711"/>
                <Baseline points="1001,1782 1031,1784 1061,1784"/>
                <TextEquiv>
                    <Unicode>2</Unicode>
                </TextEquiv>
            </TextLine>
            <TextLine id="r1l16" custom="readingOrder {index:15;}">
                <Coords points="549,1804 560,1803 570,1808 580,1802 599,1802 596,1763 581,1764 567,1758 563,1762 559,1760 553,1763 546,1763"/>
                <Baseline points="558,1794 588,1792"/>
                <TextEquiv>
                    <Unicode>:</Unicode>
                </TextEquiv>
            </TextLine>
            <TextLine id="r1l17" custom="readingOrder {index:16;}">
                <Coords points="449,1854 605,1834 665,1852 728,1836 805,1849 852,1825 987,1811 984,1764 941,1751 891,1789 802,1779 770,1795 719,1759 650,1801 475,1804 447,1819"/>
                <Baseline points="457,1838 483,1837 509,1836 535,1834 561,1833 587,1832 613,1830 639,1830 665,1828 691,1826 717,1824 743,1823 769,1821 795,1819 821,1818 847,1816 873,1814 899,1811 925,1809 951,1808 977,1806"/>
                <TextEquiv>
                    <Unicode>aennt</Unicode>
                </TextEquiv>
            </TextLine>
            <TextLine id="r1l18" custom="readingOrder {index:17;}">
                <Coords points="395,1900 1660,1907 1767,1891 1767,1851 395,1867"/>
                <Baseline points="406,1892 473,1891 541,1891 608,1890 676,1890 743,1890 811,1890 878,1889 946,1889 1013,1889 1081,1889 1149,1889 1216,1889 1284,1889 1351,1888 1419,1888 1486,1888 1554,1887 1621,1887 1689,1886 1757,1885"/>
                <TextEquiv>
                    <Unicode> La question du successeur de Félix Mottl a Munich ne parait pas devolrse</Unicode>
                </TextEquiv>
            </TextLine>
            <TextLine id="r1l19" custom="readingOrder {index:18;}">
                <Coords points="306,1946 1759,1926 305,1911"/>
                <Baseline points="315,1941 386,1941 458,1941 529,1941 601,1941 673,1941 744,1940 816,1940 888,1939 959,1939 1031,1938 1103,1937 1174,1937 1246,1936 1318,1936 1389,1935 1461,1935 1533,1934 1604,1934 1676,1934 1748,1934"/>
                <TextEquiv>
                    <Unicode>resondre aussi rapidement que Ton aurait pu le supposer d’abord. Un corres¬</Unicode>
                </TextEquiv>
            </TextLine>
            <TextLine id="r1l20" custom="readingOrder {index:19;}">
                <Coords points="300,2014 1769,2001 1768,1955 1594,1939 300,1968"/>
                <Baseline points="309,1993 381,1992 454,1991 526,1990 599,1990 671,1989 744,1988 816,1988 889,1987 961,1987 1034,1986 1106,1986 1179,1986 1251,1985 1324,1985 1396,1984 1469,1984 1541,1983 1614,1982 1686,1982 1759,1981"/>
                <TextEquiv>
                    <Unicode>pondant viennois des Dernteres noniales de Munich berit ace journal: &amp;Tapres</Unicode>
                </TextEquiv>
            </TextLine>
            <TextLine id="r1l21" custom="readingOrder {index:20;}">
                <Coords points="304,2050 1677,2058 1768,2013 304,2017"/>
                <Baseline points="314,2042 386,2040 458,2039 530,2038 603,2037 675,2037 747,2036 819,2036 892,2036 964,2037 1036,2037 1108,2037 1181,2037 1253,2037 1325,2037 1397,2036 1470,2036 1542,2035 1614,2033 1686,2032 1759,2030"/>
                <TextEquiv>
                    <Unicode>ce gue je tiens d’une personne oecupant une haute situation, i parait toutn</Unicode>
                </TextEquiv>
            </TextLine>
            <TextLine id="r1l22" custom="readingOrder {index:21;}">
                <Coords points="304,2095 1769,2082 1575,2038 304,2051"/>
                <Baseline points="314,2089 386,2088 458,2088 530,2087 603,2086 675,2086 747,2086 819,2086 892,2085 964,2085 1036,2085 1108,2085 1181,2085 1253,2085 1325,2085 1397,2085 1470,2085 1542,2085 1614,2085 1686,2084 1759,2083"/>
                <TextEquiv>
                    <Unicode>fait invraisemblable que M. Bruno Waller abandonne son poste à l’Opéra de</Unicode>
                </TextEquiv>
            </TextLine>
            <TextLine id="r1l23" custom="readingOrder {index:22;}">
                <Coords points="312,2130 1767,2132 1693,2088 312,2103"/>
                <Baseline points="322,2134 393,2134 465,2135 537,2135 609,2135 680,2135 752,2135 824,2135 896,2135 967,2135 1039,2134 1111,2134 1183,2133 1254,2133 1326,2133 1398,2132 1470,2132 1541,2132 1613,2132 1685,2132 1757,2132"/>
                <TextEquiv>
                    <Unicode>Vienne. Le directeur, M. Gregor, sait depuis plusieurs semaines qu'a Munich</Unicode>
                </TextEquiv>
            </TextLine>
            <TextLine id="r1l24" custom="readingOrder {index:23;}">
                <Coords points="301,2188 1762,2206 1761,2152 1684,2137 301,2157"/>
                <Baseline points="311,2185 383,2185 455,2185 527,2184 599,2184 671,2183 743,2183 815,2183 887,2182 959,2182 1031,2182 1103,2181 1175,2181 1247,2181 1319,2181 1391,2180 1463,2180 1535,2181 1607,2181 1679,2181 1751,2181"/>
                <TextEquiv>
                    <Unicode>on a jeté les yeux sur M. Bruno Waller, et il ne vondrait pas opposer d’obs¬</Unicode>
                </TextEquiv>
            </TextLine>
            <TextLine id="r1l25" custom="readingOrder {index:24;}">
                <Coords points="302,2244 1615,2252 1755,2202 302,2203"/>
                <Baseline points="312,2236 383,2236 455,2235 527,2235 598,2234 670,2234 742,2233 813,2233 885,2232 957,2232 1029,2231 1100,2231 1172,2231 1244,2230 1315,2230 1387,2230 1459,2230 1530,2230 1602,2230 1674,2230 1746,2230"/>
                <TextEquiv>
                    <Unicode>tacle anx projets que T’on a pu former pourvu que sonchef d’orchestreobtienne</Unicode>
                </TextEquiv>
            </TextLine>
            <TextLine id="r1l26" custom="readingOrder {index:25;}">
                <Coords points="306,2290 1741,2290 1762,2225 305,2247"/>
                <Baseline points="315,2284 386,2284 458,2284 530,2284 602,2284 674,2284 746,2284 818,2284 890,2283 962,2283 1034,2282 1105,2281 1177,2281 1249,2280 1321,2279 1393,2279 1465,2278 1537,2277 1609,2276 1681,2275 1753,2274"/>
                <TextEquiv>
                    <Unicode>un poste independant de directeur de la musique et non pas und place subal¬</Unicode>
                </TextEquiv>
            </TextLine>
            <TextLine id="r1l27" custom="readingOrder {index:26;}">
                <Coords points="305,2338 1680,2347 1758,2289 305,2308"/>
                <Baseline points="315,2333 386,2333 458,2332 530,2332 601,2331 673,2331 745,2331 816,2331 888,2331 960,2331 1032,2331 1103,2330 1175,2330 1247,2330 1318,2330 1390,2329 1462,2329 1533,2328 1605,2327 1677,2326 1749,2325"/>
                <TextEquiv>
                    <Unicode>terne. S’il s’agit seulement d’etre à Munich un simple kapellmeister. M. Gregor</Unicode>
                </TextEquiv>
            </TextLine>
            <TextLine id="r1l28" custom="readingOrder {index:27;}">
                <Coords points="303,2380 1523,2399 1760,2349 303,2357"/>
                <Baseline points="313,2385 384,2383 456,2382 528,2380 600,2379 672,2379 744,2378 816,2378 888,2378 960,2378 1032,2379 1103,2379 1175,2379 1247,2379 1319,2379 1391,2379 1463,2378 1535,2377 1607,2376 1679,2375 1751,2373"/>
                <TextEquiv>
                    <Unicode>ne donnera pas son assentiment pour la resiliation du contrat. II semble</Unicode>
                </TextEquiv>
            </TextLine>
            <TextLine id="r1l29" custom="readingOrder {index:28;}">
                <Coords points="304,2444 1730,2438 1765,2387 304,2401"/>
                <Baseline points="313,2434 385,2433 457,2432 529,2431 601,2431 673,2430 745,2429 818,2429 890,2428 962,2428 1034,2428 1106,2427 1178,2427 1250,2426 1323,2426 1395,2426 1467,2425 1539,2425 1611,2424 1683,2423 1756,2423"/>
                <TextEquiv>
                    <Unicode>meme probable que Tautorité supérieure à laquelle incombe la responsabilité</Unicode>
                </TextEquiv>
            </TextLine>
            <TextLine id="r1l30" custom="readingOrder {index:29;}">
                <Coords points="305,2485 1463,2496 1746,2479 1746,2444 305,2458"/>
                <Baseline points="315,2481 386,2481 457,2480 528,2480 599,2479 670,2479 741,2479 812,2478 883,2478 954,2477 1026,2477 1097,2476 1168,2476 1239,2476 1310,2475 1381,2475 1452,2475 1523,2474 1594,2474 1665,2474 1737,2474"/>
                <TextEquiv>
                    <Unicode>des theatres de ia Cour, ne consentira pas a liberer M. Waller avant 1917 —</Unicode>
                </TextEquiv>
            </TextLine>
            <TextLine id="r1l31" custom="readingOrder {index:30;}">
                <Coords points="307,2542 1762,2526 1761,2483 306,2490"/>
                <Baseline points="317,2531 388,2531 460,2531 532,2531 603,2530 675,2529 747,2528 818,2528 890,2527 962,2526 1034,2525 1105,2524 1177,2524 1249,2523 1320,2522 1392,2522 1464,2522 1535,2522 1607,2523 1679,2523 1751,2524"/>
                <TextEquiv>
                    <Unicode>telle est en ellet P’époque d’échéance du contrat — meme si une direction die</Unicode>
                </TextEquiv>
            </TextLine>
            <TextLine id="r1l32" custom="readingOrder {index:31;}">
                <Coords points="297,2593 1766,2599 1744,2529 297,2541"/>
                <Baseline points="307,2582 379,2581 451,2580 524,2578 596,2578 669,2577 741,2576 813,2575 886,2575 958,2574 1031,2574 1103,2573 1175,2573 1248,2573 1320,2573 1393,2572 1465,2572 1537,2572 1610,2572 1682,2572 1755,2572"/>
                <TextEquiv>
                    <Unicode>Ia musique etait oflerte a celut-ei a Munich. Ondit encore que si M. Gregor</Unicode>
                </TextEquiv>
            </TextLine>
            <TextLine id="r1l33" custom="readingOrder {index:32;}">
                <Coords points="306,2638 1613,2643 1761,2592 306,2603"/>
                <Baseline points="316,2630 387,2629 459,2628 531,2626 603,2625 674,2625 746,2624 818,2623 890,2623 961,2622 1033,2622 1105,2622 1177,2621 1248,2621 1320,2621 1392,2621 1464,2621 1535,2620 1607,2620 1679,2620 1751,2620"/>
                <TextEquiv>
                    <Unicode>arait en la pensée de rendre à M. Waller sa pleine liberte dans le cas on</Unicode>
                </TextEquiv>
            </TextLine>
            <TextLine id="r1l34" custom="readingOrder {index:33;}">
                <Coords points="294,2691 1714,2685 1768,2630 293,2641"/>
                <Baseline points="304,2678 376,2676 449,2675 522,2674 594,2673 667,2673 740,2672 812,2672 885,2671 958,2671 1031,2671 1103,2671 1176,2671 1249,2671 1321,2671 1394,2670 1467,2670 1539,2670 1612,2670 1685,2669 1758,2669"/>
                <TextEquiv>
                    <Unicode>cette derniere éventualité se serait présentée. on ne Taurait pas suivi den haut</Unicode>
                </TextEquiv>
            </TextLine>
            <TextLine id="r1l35" custom="readingOrder {index:34;}">
                <Coords points="295,2724 1493,2740 1744,2725 1773,2681 295,2691"/>
                <Baseline points="305,2726 377,2726 450,2725 523,2725 596,2724 669,2724 742,2723 815,2723 888,2722 961,2722 1034,2721 1106,2721 1179,2720 1252,2720 1325,2720 1398,2719 1471,2719 1544,2719 1617,2719 1690,2719 1763,2719"/>
                <TextEquiv>
                    <Unicode>lieu“. Son Excellence M. de Speidel, qui était venu à Vienne, est retourné n</Unicode>
                </TextEquiv>
            </TextLine>
            <TextLine id="r1l36" custom="readingOrder {index:35;}">
                <Coords points="306,2788 1769,2781 1769,2740 1559,2724 306,2733"/>
                <Baseline points="315,2774 387,2774 459,2774 531,2773 603,2773 676,2773 748,2772 820,2771 892,2771 964,2770 1037,2770 1109,2769 1181,2769 1253,2768 1325,2768 1398,2767 1470,2767 1542,2767 1614,2767 1686,2767 1759,2767"/>
                <TextEquiv>
                    <Unicode>Munich sans avoir rien conelu. Le fait qu'actuellement il est probable que</Unicode>
                </TextEquiv>
            </TextLine>
            <TextLine id="r1l37" custom="readingOrder {index:36;}">
                <Coords points="301,2827 1690,2838 1764,2775 301,2790"/>
                <Baseline points="311,2824 383,2823 455,2821 527,2820 599,2819 672,2819 744,2818 816,2818 888,2818 960,2818 1033,2818 1105,2818 1177,2818 1249,2818 1321,2818 1394,2818 1466,2818 1538,2817 1610,2817 1682,2816 1755,2815"/>
                <TextEquiv>
                    <Unicode>M. Waltermira pas à Munich se Prouve confirme par celte circonstance que</Unicode>
                </TextEquiv>
            </TextLine>
            <TextLine id="r1l38" custom="readingOrder {index:37;}">
                <Coords points="304,2895 1763,2866 1621,2826 304,2829"/>
                <Baseline points="313,2875 385,2873 457,2872 529,2871 601,2869 673,2868 745,2867 817,2867 889,2866 961,2865 1033,2865 1105,2865 1177,2865 1249,2865 1321,2865 1393,2865 1465,2865 1537,2865 1609,2866 1681,2866 1753,2867"/>
                <TextEquiv>
                    <Unicode>des pourparlers se poursnivent en ce moment avee dautres cheis G’orchestre.</Unicode>
                </TextEquiv>
            </TextLine>
            <TextLine id="r1l39" custom="readingOrder {index:38;}">
                <Coords points="294,2932 1776,2910 1144,2871 293,2904"/>
                <Baseline points="303,2927 376,2925 449,2922 522,2921 595,2919 668,2919 741,2918 814,2917 887,2917 960,2917 1034,2917 1107,2917 1180,2917 1253,2917 1326,2917 1399,2917 1472,2917 1545,2916 1618,2916 1691,2915 1765,2914"/>
                <TextEquiv>
                    <Unicode>Ajoutons qu'a ia date du 4e octohre, M. Gregor a declaré que M. Bruno</Unicode>
                </TextEquiv>
            </TextLine>
            <TextLine id="r1l40" custom="readingOrder {index:39;}">
                <Coords points="300,2979 1776,2963 1671,2922 300,2934"/>
                <Baseline points="310,2974 382,2973 455,2972 528,2971 601,2970 674,2969 747,2969 819,2969 892,2968 965,2968 1038,2968 1111,2968 1184,2967 1257,2967 1329,2967 1402,2967 1475,2967 1548,2967 1621,2967 1694,2967 1767,2967"/>
                <TextEquiv>
                    <Unicode>Walter n'a jamais demande, ni à Jui. ni a dantres personnalites, Tautorisation</Unicode>
                </TextEquiv>
            </TextLine>
            <TextLine id="r1l41" custom="readingOrder {index:40;}">
                <Coords points="304,3036 549,3051 638,3021 696,3046 933,3017 1116,3046 1129,2982 303,2991"/>
                <Baseline points="313,3019 353,3018 393,3018 433,3018 474,3017 514,3017 554,3017 595,3017 635,3017 675,3017 716,3017 756,3017 796,3017 836,3016 877,3016 917,3015 957,3014 998,3013 1038,3012 1078,3011 1119,3009"/>
                <TextEquiv>
                    <Unicode>de se demettre de ses fonctions a Vienne.</Unicode>
                </TextEquiv>
            </TextLine>
            <TextLine id="r1l42" custom="readingOrder {index:41;}">
                <Coords points="381,3089 1716,3101 1762,3035 381,3046"/>
                <Baseline points="391,3088 459,3086 527,3085 595,3084 663,3084 731,3083 799,3084 867,3084 935,3084 1003,3085 1071,3085 1139,3086 1207,3086 1275,3087 1343,3087 1411,3087 1479,3086 1547,3086 1615,3085 1683,3084 1752,3082"/>
                <TextEquiv>
                    <Unicode>— IIFaquelques Jeurs, les meubles de Tappartement que Felix Mottl occu¬</Unicode>
                </TextEquiv>
            </TextLine>
            <TextLine id="r1l43" custom="readingOrder {index:42;}">
                <Coords points="304,3161 1627,3152 1765,3131 1765,3090 304,3109"/>
                <Baseline points="313,3144 385,3141 457,3140 529,3138 601,3137 673,3135 745,3134 817,3133 889,3132 961,3131 1034,3130 1106,3130 1178,3129 1250,3129 1322,3128 1394,3128 1466,3128 1538,3128 1610,3128 1682,3128 1755,3128"/>
                <TextEquiv>
                    <Unicode>pait à Münich ont ete vendus anx encheres. L’on a excepte toulefois les</Unicode>
                </TextEquiv>
            </TextLine>
            <TextLine id="r1l44" custom="readingOrder {index:43;}">
                <Coords points="303,3215 1645,3212 1769,3192 1769,3151 302,3161"/>
                <Baseline points="313,3190 385,3189 457,3187 529,3186 602,3185 674,3184 746,3183 819,3182 891,3182 963,3182 1036,3182 1108,3181 1180,3181 1252,3181 1325,3181 1397,3181 1469,3181 1542,3181 1614,3181 1686,3181 1759,3180"/>
                <TextEquiv>
                    <Unicode>sonvebirs personnels de Téminent chiel d’orchestre. lIs seront conserves pour</Unicode>
                </TextEquiv>
            </TextLine>
            <TextLine id="r1l45" custom="readingOrder {index:44;}">
                <Coords points="312,3254 1379,3253 1476,3230 1476,3193 312,3209"/>
                <Baseline points="321,3237 378,3236 435,3235 492,3234 550,3234 607,3233 664,3233 721,3232 779,3232 836,3232 893,3231 950,3231 1008,3231 1065,3231 1122,3231 1179,3230 1237,3230 1294,3230 1351,3230 1408,3229 1466,3229"/>
                <TextEquiv>
                    <Unicode>Ore remis an Mis de Motti lorsqu'il aura atteint sa Majorite.</Unicode>
                </TextEquiv>
            </TextLine>
            <TextLine id="r1l46" custom="readingOrder {index:45;}">
                <Coords points="364,3319 1693,3318 1772,3275 364,3276"/>
                <Baseline points="374,3309 443,3307 512,3305 582,3304 651,3303 721,3303 790,3302 860,3302 929,3301 999,3301 1068,3301 1137,3301 1207,3302 1276,3302 1346,3302 1415,3302 1485,3303 1554,3303 1624,3303 1693,3303 1763,3303"/>
                <TextEquiv>
                    <Unicode>— D’apres la Zeit de Vienne, M. Gregor aurait Tintention d’attacher a</Unicode>
                </TextEquiv>
            </TextLine>
            <TextLine id="r1l47" custom="readingOrder {index:46;}">
                <Coords points="294,3361 1489,3387 1774,3323 294,3332"/>
                <Baseline points="303,3363 376,3361 449,3360 522,3358 595,3357 668,3356 741,3355 814,3355 887,3354 960,3354 1034,3354 1107,3354 1180,3354 1253,3354 1326,3354 1399,3354 1472,3354 1545,3354 1618,3354 1691,3353 1765,3353"/>
                <TextEquiv>
                    <Unicode>I·Opéra de Vienne M. Mascagni comme chef d’orchestre temporaire pour la</Unicode>
                </TextEquiv>
            </TextLine>
            <TextLine id="r1l48" custom="readingOrder {index:47;}">
                <Coords points="293,3415 405,3437 601,3410 776,3432 807,3407 870,3434 953,3412 1066,3430 1137,3381 984,3361 292,3378"/>
                <Baseline points="303,3407 344,3407 385,3407 426,3407 467,3406 509,3406 550,3406 591,3406 632,3405 673,3405 715,3405 756,3405 797,3404 838,3404 879,3404 921,3403 962,3403 1003,3402 1044,3402 1085,3401 1127,3400"/>
                <TextEquiv>
                    <Unicode>direction des ouvrages de T’école italienne.</Unicode>
                </TextEquiv>
            </TextLine>
            <TextLine id="r1l49" custom="readingOrder {index:48;}">
                <Coords points="354,3485 1521,3499 1776,3482 1776,3416 1634,3452 1578,3419 354,3445"/>
                <Baseline points="363,3479 433,3478 503,3477 573,3476 643,3476 713,3476 783,3476 854,3476 924,3477 994,3477 1064,3478 1134,3478 1204,3479 1274,3479 1345,3479 1415,3479 1485,3479 1555,3479 1625,3479 1695,3477 1766,3476"/>
                <TextEquiv>
                    <Unicode>— L.’Opéra-Impérial de Vienne a représenté tout dernierement une panto-</Unicode>
                </TextEquiv>
            </TextLine>
            <TextLine id="r1l50" custom="readingOrder {index:49;}">
                <Coords points="288,3560 1772,3530 1748,3473 287,3496"/>
                <Baseline points="297,3535 370,3534 443,3532 516,3530 590,3528 663,3527 736,3526 809,3525 883,3524 956,3523 1029,3522 1102,3522 1176,3521 1249,3521 1322,3521 1395,3521 1469,3521 1542,3521 1615,3521 1688,3522 1762,3522"/>
                <TextEquiv>
                    <Unicode>mime intitulen 7e Terie de Perrette, dont la musigue a dte eerite par M. Ernest</Unicode>
                </TextEquiv>
            </TextLine>
            <TextLine id="r1l51" custom="readingOrder {index:50;}">
                <Coords points="298,3584 1722,3590 1760,3530 298,3559"/>
                <Baseline points="307,3584 379,3581 451,3579 523,3577 595,3576 668,3576 740,3575 812,3575 884,3575 956,3575 1029,3575 1101,3575 1173,3576 1245,3576 1317,3575 1390,3575 1462,3575 1534,3573 1606,3572 1678,3570 1751,3568"/>
                <TextEquiv>
                    <Unicode>von Dohnangi sur un scénario de M. Arthur Schnitzler. C’est une arlequinade</Unicode>
                </TextEquiv>
            </TextLine>
            <TextLine id="r1l52" custom="readingOrder {index:51;}">
                <Coords points="298,3641 1769,3656 1769,3593 1559,3579 298,3600"/>
                <Baseline points="307,3633 379,3631 452,3630 524,3629 597,3627 670,3627 742,3626 815,3625 887,3625 960,3625 1033,3625 1105,3625 1178,3625 1250,3625 1323,3625 1396,3625 1468,3625 1541,3624 1613,3624 1686,3624 1759,3623"/>
                <TextEquiv>
                    <Unicode>aimableet sans grande conséquenee, qui a recu un accueil sympathique sans</Unicode>
                </TextEquiv>
            </TextLine>
            <TextLine id="r1l53" custom="readingOrder {index:52;}">
                <Coords points="296,3690 1784,3707 1783,3653 1690,3634 295,3644"/>
                <Baseline points="306,3678 379,3678 452,3679 526,3679 599,3679 673,3679 746,3679 819,3679 893,3679 966,3679 1040,3679 1113,3678 1186,3678 1260,3678 1333,3678 1407,3677 1480,3677 1553,3677 1627,3677 1700,3677 1774,3676"/>
                <TextEquiv>
                    <Unicode>exces. On signale dans la musique une valse qui ne manque pas Centrain.)</Unicode>
                </TextEquiv>
            </TextLine>
            <TextLine id="r1l54" custom="readingOrder {index:53;}">
                <Coords points="296,3752 457,3737 484,3754 523,3726 542,3742 672,3736 715,3761 733,3755 732,3699 668,3707 614,3686 587,3696 528,3685 515,3699 433,3686 344,3701 295,3692"/>
                <Baseline points="305,3731 331,3733 357,3733 383,3734 409,3734 435,3734 461,3734 487,3733 514,3733 540,3732 566,3731 592,3730 618,3730 644,3730 670,3730 696,3730 723,3731"/>
                <TextEquiv>
                    <Unicode>Parblen! à Vienne</Unicode>
                </TextEquiv>
            </TextLine>
            <TextEquiv>
                <Unicode>23. Der Schleider Pierrete
Telephon 12.801.
„JBSENVEN
1. österr. beh. konz. Unternehmen für Zeilungs¬
Ausschnitte und Bibliographie.
Wien, I., Concordiaplatz 4.
Vertretungen
In Berlin, Brüssel, Budapest, Chicago, Cleveland, Christiania,
Genf, Kopenhagen, London, Madrid, Mailand, Minneapolta,
New-Vork, Paris, Rom, San Francisco, Stockholm, St. Petere¬
burg, Toronto.
(ünellenangebe ohn ewahl,
Ausschnilt aus: D „egre Zer
Jahes.
2
:
aennt
 La question du successeur de Félix Mottl a Munich ne parait pas devolrse
resondre aussi rapidement que Ton aurait pu le supposer d’abord. Un corres¬
pondant viennois des Dernteres noniales de Munich berit ace journal: &amp;Tapres
ce gue je tiens d’une personne oecupant une haute situation, i parait toutn
fait invraisemblable que M. Bruno Waller abandonne son poste à l’Opéra de
Vienne. Le directeur, M. Gregor, sait depuis plusieurs semaines qu'a Munich
on a jeté les yeux sur M. Bruno Waller, et il ne vondrait pas opposer d’obs¬
tacle anx projets que T’on a pu former pourvu que sonchef d’orchestreobtienne
un poste independant de directeur de la musique et non pas und place subal¬
terne. S’il s’agit seulement d’etre à Munich un simple kapellmeister. M. Gregor
ne donnera pas son assentiment pour la resiliation du contrat. II semble
meme probable que Tautorité supérieure à laquelle incombe la responsabilité
des theatres de ia Cour, ne consentira pas a liberer M. Waller avant 1917 —
telle est en ellet P’époque d’échéance du contrat — meme si une direction die
Ia musique etait oflerte a celut-ei a Munich. Ondit encore que si M. Gregor
arait en la pensée de rendre à M. Waller sa pleine liberte dans le cas on
cette derniere éventualité se serait présentée. on ne Taurait pas suivi den haut
lieu“. Son Excellence M. de Speidel, qui était venu à Vienne, est retourné n
Munich sans avoir rien conelu. Le fait qu'actuellement il est probable que
M. Waltermira pas à Munich se Prouve confirme par celte circonstance que
des pourparlers se poursnivent en ce moment avee dautres cheis G’orchestre.
Ajoutons qu'a ia date du 4e octohre, M. Gregor a declaré que M. Bruno
Walter n'a jamais demande, ni à Jui. ni a dantres personnalites, Tautorisation
de se demettre de ses fonctions a Vienne.
— IIFaquelques Jeurs, les meubles de Tappartement que Felix Mottl occu¬
pait à Münich ont ete vendus anx encheres. L’on a excepte toulefois les
sonvebirs personnels de Téminent chiel d’orchestre. lIs seront conserves pour
Ore remis an Mis de Motti lorsqu'il aura atteint sa Majorite.
— D’apres la Zeit de Vienne, M. Gregor aurait Tintention d’attacher a
I·Opéra de Vienne M. Mascagni comme chef d’orchestre temporaire pour la
direction des ouvrages de T’école italienne.
— L.’Opéra-Impérial de Vienne a représenté tout dernierement une panto-
mime intitulen 7e Terie de Perrette, dont la musigue a dte eerite par M. Ernest
von Dohnangi sur un scénario de M. Arthur Schnitzler. C’est une arlequinade
aimableet sans grande conséquenee, qui a recu un accueil sympathique sans
exces. On signale dans la musique une valse qui ne manque pas Centrain.)
Parblen! à Vienne</Unicode>
            </TextEquiv>
        </TextRegion>
        <TextRegion orientation="0.0" id="r2" custom="readingOrder {index:1;}">
            <Coords points="1869,181 1869,4195 3062,4195 3062,181"/>
            <TextLine id="r2l1" custom="readingOrder {index:0;}">
                <Coords points="1961,217 2100,223 2163,204 2203,224 2268,215 2324,232 2396,208 2396,165 2340,143 2299,166 2221,144 2161,179 2101,151 2060,161 2025,139 1961,139"/>
                <Baseline points="1970,202 1996,202 2022,201 2048,201 2074,201 2100,201 2126,201 2152,202 2178,202 2204,203 2230,203 2256,203 2282,204 2308,204 2334,203 2360,203 2386,202"/>
                <TextEquiv>
                    <Unicode>box 28/1</Unicode>
                </TextEquiv>
            </TextLine>
            <TextLine id="r2l2" custom="readingOrder {index:1;}">
                <Coords points="1940,417 2828,412 2895,382 2881,350 2606,329 2543,370 2391,347 1939,368"/>
                <Baseline points="1949,411 1995,411 2042,411 2089,410 2136,410 2183,408 2230,408 2276,406 2323,404 2370,403 2417,401 2464,399 2511,397 2558,395 2604,394 2651,392 2698,391 2745,390 2792,389 2839,389 2886,388"/>
                <TextEquiv>
                    <Unicode>Büro-Ausstellung Wien 8.— 10. November</Unicode>
                </TextEquiv>
            </TextLine>
            <TextLine id="r2l3" custom="readingOrder {index:2;}">
                <Coords points="2232,452 2322,472 2345,458 2394,467 2409,453 2427,465 2504,453 2559,464 2601,446 2601,411 2574,419 2529,404 2508,416 2474,405 2438,418 2408,405 2356,421 2284,411 2265,423 2232,419"/>
                <Baseline points="2243,450 2269,450 2296,450 2323,450 2350,450 2376,450 2403,449 2430,448 2457,448 2483,447 2510,447 2537,446 2564,445 2591,444"/>
                <TextEquiv>
                    <Unicode>siehe Rückseite.</Unicode>
                </TextEquiv>
            </TextLine>
            <TextLine id="r2l4" custom="readingOrder {index:3;}">
                <Coords points="2567,520 2786,524 2875,507 2907,520 2945,503 2943,445 2908,434 2893,449 2869,436 2831,446 2791,432 2767,450 2720,442 2703,456 2673,439 2613,443 2585,471 2565,472"/>
                <Baseline points="2575,495 2600,495 2626,494 2651,492 2677,492 2703,490 2728,489 2754,487 2780,486 2805,486 2831,485 2857,485 2882,486 2908,487 2934,488"/>
                <TextEquiv>
                    <Unicode>Telephon 12.801.</Unicode>
                </TextEquiv>
            </TextLine>
            <TextLine id="r2l5" custom="readingOrder {index:4;}">
                <Coords points="2088,691 2263,675 2285,650 2380,680 2427,660 2587,658 2605,675 2697,647 2692,556 2578,532 2523,555 2409,539 2389,557 2335,531 2279,573 2182,550 2085,625"/>
                <Baseline points="2098,673 2127,670 2156,667 2186,664 2215,663 2245,661 2274,660 2304,658 2333,657 2363,656 2392,655 2421,654 2451,652 2480,652 2510,650 2539,649 2569,647 2598,645 2628,643 2657,641 2687,638"/>
                <TextEquiv>
                    <Unicode>„OBSERVER“</Unicode>
                </TextEquiv>
            </TextLine>
            <TextLine id="r2l6" custom="readingOrder {index:5;}">
                <Coords points="1935,676 1958,677 1974,669 1984,671 1997,685 2009,681 2032,685 2044,675 2050,679 2067,677 2067,638 2018,632 2015,636 1970,634 1935,641"/>
                <Baseline points="1944,661 1972,658 2001,655 2029,656 2058,662"/>
                <TextEquiv>
                    <Unicode>—</Unicode>
                </TextEquiv>
            </TextLine>
            <TextLine id="r2l7" custom="readingOrder {index:6;}">
                <Coords points="1860,753 2827,733 2960,712 2959,675 1858,709"/>
                <Baseline points="1869,739 1923,738 1977,736 2031,735 2085,733 2139,732 2193,730 2247,729 2301,727 2355,725 2410,724 2464,722 2518,720 2572,718 2626,717 2680,715 2734,713 2788,711 2842,710 2896,708 2951,707"/>
                <TextEquiv>
                    <Unicode>l. österr. behördl. konz. Unternehmen für Zeitungs-Ausschaltte</Unicode>
                </TextEquiv>
            </TextLine>
            <TextLine id="r2l8" custom="readingOrder {index:7;}">
                <Coords points="2003,805 2187,827 2300,796 2846,787 2772,727 2730,750 2697,727 2664,748 2487,726 2414,757 2330,735 2276,758 2225,738 2117,765 2071,741 2002,753"/>
                <Baseline points="2012,802 2053,803 2094,803 2135,803 2176,803 2218,802 2259,801 2300,799 2341,797 2382,796 2424,794 2465,792 2506,790 2547,788 2588,786 2630,785 2671,784 2712,784 2753,784 2794,784 2836,785"/>
                <TextEquiv>
                    <Unicode>Wien, I., Concordiaplatz 4.</Unicode>
                </TextEquiv>
            </TextLine>
            <TextLine id="r2l9" custom="readingOrder {index:8;}">
                <Coords points="2200,865 2231,876 2361,875 2398,861 2414,874 2590,860 2604,870 2633,865 2632,816 2583,808 2537,830 2502,816 2463,828 2410,806 2393,822 2314,830 2259,829 2241,812 2199,822"/>
                <Baseline points="2209,859 2234,860 2260,860 2286,860 2312,859 2338,859 2364,858 2390,858 2416,857 2441,857 2467,856 2493,855 2519,854 2545,853 2571,853 2597,852 2623,851"/>
                <TextEquiv>
                    <Unicode>Vertretungen</Unicode>
                </TextEquiv>
            </TextLine>
            <TextLine id="r2l10" custom="readingOrder {index:9;}">
                <Coords points="1879,933 2968,890 2759,854 1878,893"/>
                <Baseline points="1889,924 1942,924 1996,923 2049,922 2103,921 2156,919 2210,917 2263,916 2317,914 2370,912 2424,910 2477,908 2531,906 2584,904 2638,903 2691,901 2745,900 2798,898 2852,897 2905,896 2959,895"/>
                <TextEquiv>
                    <Unicode>In Berlin, Budapest, Chlcago, Christiania, Genl, Kopen¬</Unicode>
                </TextEquiv>
            </TextLine>
            <TextLine id="r2l11" custom="readingOrder {index:10;}">
                <Coords points="1866,972 2935,949 2971,923 1865,926"/>
                <Baseline points="1876,964 1930,963 1984,963 2038,962 2093,960 2147,959 2201,957 2255,956 2310,954 2364,952 2418,951 2472,949 2527,947 2581,945 2635,943 2689,942 2744,940 2798,939 2852,938 2906,937 2961,936"/>
                <TextEquiv>
                    <Unicode>hagen, London, Madrid, Malland, Minneapolis, New-Vork.</Unicode>
                </TextEquiv>
            </TextLine>
            <TextLine id="r2l12" custom="readingOrder {index:11;}">
                <Coords points="1910,1009 2796,1000 2891,992 2912,958 1910,976"/>
                <Baseline points="1919,1002 1968,1002 2017,1001 2066,1000 2115,999 2165,997 2214,996 2263,994 2312,993 2361,991 2411,989 2460,987 2509,986 2558,985 2607,983 2657,982 2706,982 2755,981 2804,982 2853,982 2903,983"/>
                <TextEquiv>
                    <Unicode>Paris, Rom, San Francisco, Stockholm, St. Petersburg.</Unicode>
                </TextEquiv>
            </TextLine>
            <TextLine id="r2l13" custom="readingOrder {index:12;}">
                <Coords points="2212,1047 2268,1031 2335,1049 2406,1032 2447,1045 2487,1020 2513,1040 2571,1021 2641,1034 2640,989 2211,1004"/>
                <Baseline points="2221,1030 2246,1029 2272,1028 2297,1027 2323,1026 2349,1025 2374,1023 2400,1022 2426,1021 2451,1020 2477,1019 2502,1019 2528,1018 2554,1017 2579,1017 2605,1017 2631,1017"/>
                <TextEquiv>
                    <Unicode>(Quellenangabe ehne Newäng)</Unicode>
                </TextEquiv>
            </TextLine>
            <TextLine id="r2l14" custom="readingOrder {index:13;}">
                <Coords points="2371,1118 2409,1129 2450,1108 2478,1118 2547,1097 2573,1107 2603,1093 2643,1106 2681,1100 2700,1094 2697,1042 2656,1021 2634,1035 2603,1033 2564,1061 2486,1059 2459,1039 2412,1066 2396,1057 2367,1063"/>
                <Baseline points="2379,1104 2405,1102 2431,1101 2457,1099 2483,1097 2509,1095 2535,1092 2561,1090 2587,1088 2613,1086 2639,1085 2665,1085 2691,1085"/>
                <TextEquiv>
                    <Unicode>1203</Unicode>
                </TextEquiv>
            </TextLine>
            <TextLine id="r2l15" custom="readingOrder {index:14;}">
                <Coords points="1870,1107 1984,1128 2016,1113 2118,1126 2137,1110 2195,1126 2255,1108 2254,1060 2235,1068 2219,1057 2153,1057 2130,1071 2112,1054 2067,1055 2052,1069 2028,1054 1972,1075 1906,1065 1870,1086"/>
                <Baseline points="1881,1111 1907,1111 1933,1111 1959,1111 1985,1111 2011,1111 2037,1110 2063,1110 2089,1108 2115,1107 2141,1106 2167,1105 2193,1104 2219,1103 2245,1102"/>
                <TextEquiv>
                    <Unicode>Ausschnitt aus:</Unicode>
                </TextEquiv>
            </TextLine>
            <TextLine id="r2l16" custom="readingOrder {index:15;}">
                <Coords points="2004,1196 2076,1174 2094,1190 2146,1193 2220,1180 2247,1203 2309,1187 2344,1154 2383,1154 2383,1127 2336,1108 2263,1121 2245,1110 2212,1133 2138,1124 2109,1139 2004,1126"/>
                <Baseline points="2014,1171 2039,1172 2065,1174 2091,1174 2116,1174 2142,1174 2168,1173 2194,1172 2219,1172 2245,1171 2271,1171 2296,1171 2322,1172 2348,1174 2374,1176"/>
                <TextEquiv>
                    <Unicode>V /o. 6, </Unicode>
                </TextEquiv>
            </TextLine>
            <TextLine id="r2l17" custom="readingOrder {index:16;}">
                <Coords points="2492,1203 2549,1216 2590,1194 2665,1209 2682,1192 2706,1208 2739,1177 2803,1195 2883,1174 3009,1202 3071,1161 3067,1097 3036,1103 3008,1081 2964,1104 2819,1071 2744,1099 2622,1098 2560,1143 2489,1155"/>
                <Baseline points="2502,1212 2530,1206 2558,1201 2586,1197 2614,1193 2642,1190 2670,1187 2698,1185 2726,1183 2754,1181 2782,1179 2810,1179 2838,1178 2866,1177 2894,1176 2922,1176 2950,1175 2978,1175 3006,1174 3034,1174 3062,1174"/>
                <TextEquiv>
                    <Unicode>rker</Unicode>
                </TextEquiv>
            </TextLine>
            <TextLine id="r2l18" custom="readingOrder {index:17;}">
                <Coords points="1866,1219 1877,1220 1889,1211 1902,1223 2023,1219 2025,1182 2005,1183 1978,1172 1968,1179 1963,1173 1936,1170 1916,1183 1900,1178 1882,1193 1867,1192"/>
                <Baseline points="1876,1215 1903,1214 1930,1214 1958,1216 1985,1218 2013,1220"/>
                <TextEquiv>
                    <Unicode>vom:</Unicode>
                </TextEquiv>
            </TextLine>
            <TextLine id="r2l19" custom="readingOrder {index:18;}">
                <Coords points="2073,1359 2451,1397 2651,1369 2770,1407 2844,1394 2844,1277 2794,1263 2668,1282 2557,1246 2407,1301 2301,1271 2073,1272"/>
                <Baseline points="2082,1372 2119,1372 2157,1373 2194,1373 2232,1374 2270,1374 2307,1374 2345,1374 2382,1375 2420,1375 2458,1375 2495,1375 2533,1375 2570,1376 2608,1376 2646,1376 2683,1376 2721,1377 2758,1377 2796,1378 2834,1378"/>
                <TextEquiv>
                    <Unicode>INEN LIFE IN VIENNK'S OPERA</Unicode>
                </TextEquiv>
            </TextLine>
            <TextLine id="r2l20" custom="readingOrder {index:19;}">
                <Coords points="2079,1466 2125,1491 2642,1480 2807,1505 2844,1490 2845,1443 2318,1448 2268,1417 2151,1441 2080,1409"/>
                <Baseline points="2089,1472 2126,1474 2163,1475 2200,1476 2238,1477 2275,1478 2312,1479 2349,1480 2387,1481 2424,1481 2461,1481 2498,1481 2536,1482 2573,1482 2610,1482 2647,1481 2685,1481 2722,1481 2759,1480 2796,1480 2834,1479"/>
                <TextEquiv>
                    <Unicode>CONDITIoNs CHANGED UNDER</Unicode>
                </TextEquiv>
            </TextLine>
            <TextLine id="r2l21" custom="readingOrder {index:20;}">
                <Coords points="2151,1542 2351,1560 2396,1533 2720,1545 2767,1537 2768,1488 2299,1497 2245,1482 2152,1498"/>
                <Baseline points="2160,1520 2189,1520 2219,1521 2249,1521 2279,1523 2309,1524 2339,1525 2369,1526 2399,1527 2429,1529 2459,1529 2488,1530 2518,1531 2548,1532 2578,1532 2608,1532 2638,1531 2668,1531 2698,1529 2728,1528 2758,1526"/>
                <TextEquiv>
                    <Unicode>GREGOR’S MANAGEMENT.</Unicode>
                </TextEquiv>
            </TextLine>
            <TextLine id="r2l22" custom="readingOrder {index:21;}">
                <Coords points="2094,1618 2402,1633 2531,1611 2816,1643 2843,1638 2844,1562 2745,1590 2582,1567 2424,1587 2094,1571"/>
                <Baseline points="2104,1609 2140,1612 2176,1613 2213,1615 2249,1616 2286,1617 2322,1618 2359,1619 2395,1619 2432,1619 2468,1620 2504,1620 2541,1620 2577,1620 2614,1620 2650,1620 2687,1620 2723,1620 2760,1620 2796,1620 2833,1620"/>
                <TextEquiv>
                    <Unicode>The Vell of Plerette“ Recelved With</Unicode>
                </TextEquiv>
            </TextLine>
            <TextLine id="r2l23" custom="readingOrder {index:22;}">
                <Coords points="2145,1669 2292,1654 2842,1676 2842,1626 2145,1624"/>
                <Baseline points="2154,1653 2187,1653 2221,1654 2255,1654 2289,1655 2323,1656 2357,1656 2391,1657 2425,1657 2459,1658 2493,1658 2526,1659 2560,1659 2594,1659 2628,1659 2662,1659 2696,1659 2730,1659 2764,1658 2798,1657 2832,1657"/>
                <TextEquiv>
                    <Unicode>Favor—“Don Pasquale“ Given With</Unicode>
                </TextEquiv>
            </TextLine>
            <TextLine id="r2l24" custom="readingOrder {index:23;}">
                <Coords points="2134,1694 2569,1713 2831,1692 2831,1669 2684,1663 2134,1667"/>
                <Baseline points="2144,1695 2177,1694 2211,1694 2245,1694 2279,1695 2313,1695 2347,1696 2381,1696 2415,1697 2449,1698 2483,1698 2516,1699 2550,1700 2584,1700 2618,1700 2652,1701 2686,1701 2720,1700 2754,1700 2788,1699 2822,1698"/>
                <TextEquiv>
                    <Unicode>a New Ballet—“Pelleas et Meilsande“</Unicode>
                </TextEquiv>
            </TextLine>
            <TextLine id="r2l25" custom="readingOrder {index:24;}">
                <Coords points="2136,1743 2215,1767 2432,1740 2468,1764 2544,1746 2843,1768 2844,1706 2137,1710"/>
                <Baseline points="2147,1733 2181,1734 2215,1735 2250,1736 2284,1738 2318,1739 2353,1740 2387,1741 2421,1742 2456,1743 2490,1743 2524,1744 2559,1744 2593,1745 2627,1745 2662,1745 2696,1745 2730,1745 2765,1745 2799,1744 2834,1744"/>
                <TextEquiv>
                    <Unicode>Fails to Make a Deep Impression.</Unicode>
                </TextEquiv>
            </TextLine>
            <TextLine id="r2l26" custom="readingOrder {index:25;}">
                <Coords points="2119,1799 2832,1813 2833,1772 2613,1751 2547,1772 2493,1745 2452,1770 2120,1752"/>
                <Baseline points="2129,1790 2163,1792 2198,1794 2233,1795 2267,1797 2302,1798 2337,1798 2371,1799 2406,1800 2441,1800 2476,1800 2510,1800 2545,1800 2580,1800 2614,1800 2649,1799 2684,1798 2718,1798 2753,1798 2788,1797 2823,1796"/>
                <TextEquiv>
                    <Unicode>VIENNA, Sept. 21.—After the happy go</Unicode>
                </TextEquiv>
            </TextLine>
            <TextLine id="r2l27" custom="readingOrder {index:26;}">
                <Coords points="2084,1833 2671,1854 2838,1825 2811,1804 2085,1800"/>
                <Baseline points="2095,1835 2131,1836 2168,1836 2204,1837 2241,1837 2278,1838 2314,1839 2351,1840 2388,1840 2424,1841 2461,1841 2498,1841 2534,1842 2571,1842 2608,1842 2644,1841 2681,1841 2718,1840 2754,1839 2791,1838 2828,1836"/>
                <TextEquiv>
                    <Unicode>lucky indolence that characterised the</Unicode>
                </TextEquiv>
            </TextLine>
            <TextLine id="r2l28" custom="readingOrder {index:27;}">
                <Coords points="2089,1876 2841,1882 2841,1843 2816,1841 2090,1839"/>
                <Baseline points="2098,1876 2134,1875 2171,1875 2208,1875 2244,1875 2281,1876 2318,1876 2354,1877 2391,1877 2428,1878 2465,1879 2501,1880 2538,1880 2575,1881 2611,1881 2648,1881 2685,1881 2721,1880 2758,1880 2795,1879 2832,1877"/>
                <TextEquiv>
                    <Unicode>directorship of Felix von Weingartner ats</Unicode>
                </TextEquiv>
            </TextLine>
            <TextLine id="r2l29" custom="readingOrder {index:28;}">
                <Coords points="2082,1923 2672,1932 2793,1922 2836,1881 2082,1882"/>
                <Baseline points="2091,1913 2127,1914 2164,1915 2201,1916 2238,1917 2274,1918 2311,1918 2348,1919 2385,1920 2421,1920 2458,1921 2495,1921 2532,1921 2568,1920 2605,1920 2642,1919 2679,1918 2715,1916 2752,1913 2789,1911 2826,1908"/>
                <TextEquiv>
                    <Unicode>the Vienna Opera House a new spirit o“</Unicode>
                </TextEquiv>
            </TextLine>
            <TextLine id="r2l30" custom="readingOrder {index:29;}">
                <Coords points="2081,1967 2738,1955 2788,1972 2829,1965 2829,1920 2081,1923"/>
                <Baseline points="2090,1953 2126,1954 2163,1955 2199,1955 2236,1956 2272,1957 2309,1957 2345,1958 2382,1958 2418,1959 2455,1959 2491,1959 2528,1959 2564,1958 2601,1958 2637,1958 2674,1957 2710,1956 2747,1956 2783,1955 2820,1953"/>
                <TextEquiv>
                    <Unicode>military discipline and strenuous activity</Unicode>
                </TextEquiv>
            </TextLine>
            <TextLine id="r2l31" custom="readingOrder {index:30;}">
                <Coords points="2067,1980 2193,2009 2832,2001 2832,1970 2752,1956 2067,1964"/>
                <Baseline points="2077,1992 2114,1993 2151,1994 2188,1995 2226,1996 2263,1996 2300,1997 2338,1997 2375,1997 2412,1998 2450,1998 2487,1998 2524,1998 2561,1997 2599,1997 2636,1996 2673,1996 2711,1995 2748,1994 2785,1993 2823,1992"/>
                <TextEquiv>
                    <Unicode>seems to havetaker possession of the fa¬</Unicode>
                </TextEquiv>
            </TextLine>
            <TextLine id="r2l32" custom="readingOrder {index:31;}">
                <Coords points="2078,2046 2835,2046 2835,1999 2794,1995 2194,2007 2078,1984"/>
                <Baseline points="2087,2032 2125,2033 2164,2033 2203,2034 2242,2035 2281,2035 2320,2036 2359,2036 2398,2036 2437,2037 2475,2037 2514,2037 2553,2036 2592,2036 2631,2036 2670,2035 2709,2034 2748,2033 2787,2032 2826,2030"/>
                <TextEquiv>
                    <Unicode>meus old art institute fer the régime of</Unicode>
                </TextEquiv>
            </TextLine>
            <TextLine id="r2l33" custom="readingOrder {index:32;}">
                <Coords points="2079,2076 2215,2090 2253,2070 2312,2096 2409,2072 2832,2072 2832,2045 2766,2035 2395,2053 2079,2030"/>
                <Baseline points="2089,2070 2125,2072 2162,2073 2198,2074 2235,2075 2272,2075 2308,2076 2345,2077 2382,2077 2418,2077 2455,2077 2492,2077 2528,2076 2565,2076 2602,2076 2638,2075 2675,2074 2712,2074 2748,2073 2785,2072 2822,2072"/>
                <TextEquiv>
                    <Unicode>Director Gregor, who was called from</Unicode>
                </TextEquiv>
            </TextLine>
            <TextLine id="r2l34" custom="readingOrder {index:33;}">
                <Coords points="2072,2116 2841,2120 2841,2067 2216,2089 2072,2048"/>
                <Baseline points="2081,2111 2118,2112 2156,2112 2193,2113 2231,2113 2268,2114 2306,2114 2343,2115 2381,2115 2418,2115 2456,2116 2493,2116 2531,2116 2568,2116 2606,2116 2643,2115 2681,2115 2718,2114 2756,2113 2793,2113 2831,2111"/>
                <TextEquiv>
                    <Unicode>Berlin sore six months ago to establish</Unicode>
                </TextEquiv>
            </TextLine>
            <TextLine id="r2l35" custom="readingOrder {index:34;}">
                <Coords points="2058,2155 2654,2167 2831,2148 2831,2123 2798,2115 2058,2122"/>
                <Baseline points="2067,2152 2104,2152 2142,2152 2180,2152 2217,2152 2255,2152 2293,2152 2330,2153 2368,2153 2406,2154 2444,2154 2481,2155 2519,2155 2557,2155 2594,2155 2632,2155 2670,2155 2707,2154 2745,2153 2783,2153 2821,2151"/>
                <TextEquiv>
                    <Unicode>a better order of things. Though he has</Unicode>
                </TextEquiv>
            </TextLine>
            <TextLine id="r2l36" custom="readingOrder {index:35;}">
                <Coords points="2063,2179 2137,2202 2831,2195 2819,2154 2063,2158"/>
                <Baseline points="2073,2189 2110,2190 2147,2191 2185,2191 2222,2192 2259,2193 2297,2193 2334,2193 2371,2193 2409,2193 2446,2193 2483,2193 2521,2193 2558,2192 2595,2192 2633,2192 2670,2191 2707,2191 2745,2191 2782,2191 2820,2190"/>
                <TextEquiv>
                    <Unicode>been but ashort time in office, it is already</Unicode>
                </TextEquiv>
            </TextLine>
            <TextLine id="r2l37" custom="readingOrder {index:36;}">
                <Coords points="2066,2262 2111,2231 2839,2227 2839,2194 2136,2202 2066,2181"/>
                <Baseline points="2075,2229 2112,2230 2150,2230 2188,2231 2225,2231 2263,2231 2301,2232 2338,2232 2376,2232 2414,2232 2452,2232 2489,2232 2527,2231 2565,2231 2602,2231 2640,2231 2678,2230 2715,2230 2753,2229 2791,2228 2829,2227"/>
                <TextEquiv>
                    <Unicode>possible once more to spesk of cperatio</Unicode>
                </TextEquiv>
            </TextLine>
            <TextLine id="r2l38" custom="readingOrder {index:37;}">
                <Coords points="2073,2274 2841,2276 2841,2239 2736,2231 2073,2237"/>
                <Baseline points="2083,2266 2120,2267 2157,2269 2195,2270 2232,2271 2270,2271 2307,2272 2344,2272 2382,2272 2419,2272 2457,2272 2494,2272 2531,2271 2569,2271 2606,2271 2644,2270 2681,2270 2718,2269 2756,2269 2793,2268 2831,2268"/>
                <TextEquiv>
                    <Unicode>doings in Vienna in contradistinotiontto</Unicode>
                </TextEquiv>
            </TextLine>
            <TextLine id="r2l39" custom="readingOrder {index:38;}">
                <Coords points="2072,2327 2484,2306 2830,2325 2830,2277 2073,2273"/>
                <Baseline points="2082,2308 2118,2308 2155,2308 2192,2309 2229,2309 2266,2309 2303,2309 2340,2310 2377,2310 2414,2310 2451,2310 2487,2311 2524,2311 2561,2311 2598,2310 2635,2310 2672,2310 2709,2309 2746,2308 2783,2307 2820,2306"/>
                <TextEquiv>
                    <Unicode>the post-Mahler days, which were us un¬</Unicode>
                </TextEquiv>
            </TextLine>
            <TextLine id="r2l40" custom="readingOrder {index:39;}">
                <Coords points="2072,2379 2130,2346 2198,2361 2631,2355 2676,2345 2676,2314 2072,2319"/>
                <Baseline points="2081,2346 2110,2347 2139,2347 2168,2348 2198,2348 2227,2349 2256,2349 2286,2350 2315,2350 2344,2350 2374,2350 2403,2350 2432,2350 2461,2350 2491,2350 2520,2349 2549,2349 2579,2348 2608,2347 2637,2345 2667,2343"/>
                <TextEquiv>
                    <Unicode>Teventful as they were inglorions.</Unicode>
                </TextEquiv>
            </TextLine>
            <TextLine id="r2l41" custom="readingOrder {index:40;}">
                <Coords points="2102,2390 2836,2398 2836,2365 2805,2347 2102,2349"/>
                <Baseline points="2111,2387 2146,2387 2182,2387 2218,2387 2254,2387 2289,2388 2325,2388 2361,2388 2397,2388 2432,2388 2468,2388 2504,2388 2540,2388 2575,2387 2611,2387 2647,2387 2683,2387 2718,2386 2754,2386 2790,2385 2826,2384"/>
                <TextEquiv>
                    <Unicode>Close upon the euccessful production of</Unicode>
                </TextEquiv>
            </TextLine>
            <TextLine id="r2l42" custom="readingOrder {index:41;}">
                <Coords points="2058,2420 2833,2430 2833,2392 2808,2388 2058,2391"/>
                <Baseline points="2067,2426 2104,2426 2142,2426 2180,2426 2218,2427 2256,2427 2293,2427 2331,2427 2369,2427 2407,2428 2445,2428 2482,2428 2520,2428 2558,2428 2596,2428 2634,2427 2671,2427 2709,2426 2747,2425 2785,2424 2823,2423"/>
                <TextEquiv>
                    <Unicode>Richard Strauss’s Rosenkavalier“ came</Unicode>
                </TextEquiv>
            </TextLine>
            <TextLine id="r2l43" custom="readingOrder {index:42;}">
                <Coords points="2074,2465 2227,2463 2247,2483 2270,2465 2829,2465 2812,2428 2074,2424"/>
                <Baseline points="2084,2461 2120,2463 2157,2464 2194,2465 2231,2466 2267,2467 2304,2467 2341,2468 2378,2468 2414,2468 2451,2468 2488,2468 2525,2468 2561,2468 2598,2467 2635,2467 2672,2466 2708,2466 2745,2465 2782,2465 2819,2464"/>
                <TextEquiv>
                    <Unicode>by way of novelty for Vienna Debussy'’s</Unicode>
                </TextEquiv>
            </TextLine>
            <TextLine id="r2l44" custom="readingOrder {index:43;}">
                <Coords points="2075,2486 2201,2518 2813,2516 2833,2474 2481,2461 2252,2485 2075,2465"/>
                <Baseline points="2085,2499 2121,2501 2158,2502 2195,2503 2232,2504 2269,2505 2306,2506 2342,2507 2379,2507 2416,2508 2453,2508 2490,2508 2527,2508 2564,2508 2600,2507 2637,2507 2674,2506 2711,2505 2748,2504 2785,2503 2822,2502"/>
                <TextEquiv>
                    <Unicode> Pelléas and Mélisande.“ This at the</Unicode>
                </TextEquiv>
            </TextLine>
            <TextLine id="r2l45" custom="readingOrder {index:44;}">
                <Coords points="2077,2545 2837,2550 2837,2513 2742,2501 2472,2523 2077,2506"/>
                <Baseline points="2087,2540 2124,2541 2161,2543 2198,2544 2235,2545 2272,2546 2309,2546 2346,2547 2383,2547 2420,2547 2457,2547 2494,2547 2531,2546 2568,2546 2605,2546 2642,2545 2679,2545 2716,2544 2753,2544 2790,2543 2827,2543"/>
                <TextEquiv>
                    <Unicode>very beginning of the present season has</Unicode>
                </TextEquiv>
            </TextLine>
            <TextLine id="r2l46" custom="readingOrder {index:45;}">
                <Coords points="2074,2587 2787,2596 2841,2571 2841,2538 2074,2552"/>
                <Baseline points="2084,2579 2121,2581 2158,2582 2196,2583 2233,2583 2270,2584 2308,2584 2345,2585 2382,2585 2420,2585 2457,2585 2494,2585 2532,2585 2569,2585 2606,2585 2644,2585 2681,2584 2718,2584 2756,2583 2793,2583 2831,2582"/>
                <TextEquiv>
                    <Unicode>been followed by a revival of Donizetti's</Unicode>
                </TextEquiv>
            </TextLine>
            <TextLine id="r2l47" custom="readingOrder {index:46;}">
                <Coords points="2073,2604 2236,2636 2825,2625 2825,2574 2786,2595 2073,2587"/>
                <Baseline points="2082,2618 2118,2620 2155,2621 2192,2622 2228,2623 2265,2625 2302,2625 2338,2626 2375,2626 2412,2626 2449,2626 2485,2626 2522,2626 2559,2626 2595,2626 2632,2625 2669,2625 2705,2624 2742,2624 2779,2623 2816,2623"/>
                <TextEquiv>
                    <Unicode>Don Pasquale,“the presentation of auew</Unicode>
                </TextEquiv>
            </TextLine>
            <TextLine id="r2l48" custom="readingOrder {index:47;}">
                <Coords points="2068,2662 2830,2664 2830,2631 2785,2624 2169,2633 2068,2609"/>
                <Baseline points="2077,2657 2114,2658 2151,2660 2188,2660 2225,2662 2262,2663 2299,2664 2337,2664 2374,2665 2411,2665 2448,2666 2485,2666 2522,2666 2559,2665 2597,2665 2634,2665 2671,2664 2708,2663 2745,2661 2782,2661 2820,2659"/>
                <TextEquiv>
                    <Unicode>ballet andthe final redemption of a prom¬</Unicode>
                </TextEquiv>
            </TextLine>
            <TextLine id="r2l49" custom="readingOrder {index:48;}">
                <Coords points="2065,2701 2764,2710 2842,2693 2842,2664 2065,2676"/>
                <Baseline points="2074,2700 2111,2700 2149,2701 2187,2702 2225,2702 2263,2703 2301,2703 2339,2703 2377,2704 2415,2704 2453,2704 2490,2705 2528,2705 2566,2705 2604,2705 2642,2704 2680,2704 2718,2704 2756,2704 2794,2703 2832,2702"/>
                <TextEquiv>
                    <Unicode>ise of long standing, the performance of à</Unicode>
                </TextEquiv>
            </TextLine>
            <TextLine id="r2l50" custom="readingOrder {index:49;}">
                <Coords points="2068,2734 2210,2753 2804,2745 2789,2705 2068,2709"/>
                <Baseline points="2077,2740 2112,2740 2148,2740 2184,2741 2220,2741 2256,2741 2292,2742 2328,2742 2364,2742 2400,2742 2436,2743 2471,2743 2507,2743 2543,2742 2579,2742 2615,2742 2651,2741 2687,2741 2723,2740 2759,2739 2795,2738"/>
                <TextEquiv>
                    <Unicode>pantomime by Arthur Schnitzle#-</Unicode>
                </TextEquiv>
            </TextLine>
            <TextLine id="r2l51" custom="readingOrder {index:50;}">
                <Coords points="2079,2777 2300,2787 2333,2811 2438,2782 2753,2803 2844,2780 2844,2735 2079,2742"/>
                <Baseline points="2089,2776 2126,2778 2163,2779 2200,2780 2238,2781 2275,2781 2312,2781 2350,2782 2387,2782 2424,2782 2462,2782 2499,2782 2536,2781 2573,2781 2611,2781 2648,2781 2685,2781 2723,2781 2760,2781 2797,2782 2835,2782"/>
                <TextEquiv>
                    <Unicode>Ernst von Dohnanyrentitied The Veil of</Unicode>
                </TextEquiv>
            </TextLine>
            <TextLine id="r2l52" custom="readingOrder {index:51;}">
                <Coords points="2069,2835 2093,2840 2109,2825 2116,2831 2132,2821 2208,2821 2215,2829 2243,2820 2256,2832 2283,2836 2284,2784 2212,2792 2203,2784 2172,2789 2100,2784 2090,2776 2071,2781"/>
                <Baseline points="2080,2814 2107,2815 2135,2815 2163,2816 2190,2817 2218,2818 2246,2818 2274,2817"/>
                <TextEquiv>
                    <Unicode>Pierette.“</Unicode>
                </TextEquiv>
            </TextLine>
            <TextLine id="r2l53" custom="readingOrder {index:52;}">
                <Coords points="2118,2865 2691,2874 2720,2856 2757,2876 2827,2855 2827,2825 2670,2825 2629,2794 2493,2833 2373,2809 2277,2832 2118,2824"/>
                <Baseline points="2127,2857 2161,2857 2196,2857 2230,2857 2265,2857 2299,2857 2334,2858 2368,2858 2403,2858 2437,2859 2472,2859 2507,2859 2541,2859 2576,2859 2610,2859 2645,2859 2679,2859 2714,2858 2748,2858 2783,2857 2818,2856"/>
                <TextEquiv>
                    <Unicode>Pelléas and Mélisande,“ tnough very</Unicode>
                </TextEquiv>
            </TextLine>
            <TextLine id="r2l54" custom="readingOrder {index:53;}">
                <Coords points="2070,2900 2759,2895 2792,2914 2825,2903 2826,2854 2247,2873 2070,2836"/>
                <Baseline points="2079,2894 2115,2895 2152,2896 2189,2897 2226,2897 2263,2898 2299,2898 2336,2899 2373,2899 2410,2899 2447,2899 2483,2899 2520,2899 2557,2899 2594,2899 2631,2899 2667,2899 2704,2898 2741,2898 2778,2898 2815,2898"/>
                <TextEquiv>
                    <Unicode>carefully done, with closest adherence to</Unicode>
                </TextEquiv>
            </TextLine>
            <TextLine id="r2l55" custom="readingOrder {index:54;}">
                <Coords points="2060,2926 2825,2959 2826,2916 2760,2896 2060,2901"/>
                <Baseline points="2070,2934 2107,2935 2144,2935 2181,2936 2219,2936 2256,2937 2293,2938 2330,2938 2368,2939 2405,2939 2442,2940 2479,2940 2517,2940 2554,2940 2591,2940 2628,2940 2666,2940 2703,2940 2740,2939 2777,2939 2815,2938"/>
                <TextEquiv>
                    <Unicode>the traditions of the Paris Opéra Comique.</Unicode>
                </TextEquiv>
            </TextLine>
            <TextLine id="r2l56" custom="readingOrder {index:55;}">
                <Coords points="2061,2966 2397,2990 2830,2971 2830,2948 2753,2944 2061,2935"/>
                <Baseline points="2070,2973 2107,2974 2145,2974 2182,2975 2220,2976 2257,2976 2295,2977 2332,2977 2370,2978 2407,2978 2445,2979 2482,2979 2520,2979 2557,2979 2595,2979 2632,2979 2670,2979 2707,2979 2745,2978 2782,2978 2820,2977"/>
                <TextEquiv>
                    <Unicode>failedto make as profound an impression</Unicode>
                </TextEquiv>
            </TextLine>
            <TextLine id="r2l57" custom="readingOrder {index:56;}">
                <Coords points="2072,3027 2760,3028 2822,3022 2822,2972 2072,2987"/>
                <Baseline points="2082,3013 2118,3013 2155,3013 2191,3013 2228,3013 2264,3014 2301,3015 2337,3015 2374,3015 2410,3016 2447,3017 2484,3017 2520,3018 2557,3018 2593,3018 2630,3018 2666,3018 2703,3017 2739,3016 2776,3015 2813,3013"/>
                <TextEquiv>
                    <Unicode>as in other cities where the work has been</Unicode>
                </TextEquiv>
            </TextLine>
            <TextLine id="r2l58" custom="readingOrder {index:57;}">
                <Coords points="2066,3061 2208,3044 2244,3064 2747,3069 2829,3023 2066,3028"/>
                <Baseline points="2075,3053 2112,3053 2149,3053 2186,3054 2223,3054 2261,3054 2298,3055 2335,3055 2372,3056 2409,3056 2447,3057 2484,3057 2521,3057 2558,3057 2595,3057 2633,3057 2670,3057 2707,3056 2744,3055 2781,3054 2819,3053"/>
                <TextEquiv>
                    <Unicode>given with the all important original</Unicode>
                </TextEquiv>
            </TextLine>
            <TextLine id="r2l59" custom="readingOrder {index:58;}">
                <Coords points="2061,3088 2467,3108 2826,3090 2803,3053 2061,3061"/>
                <Baseline points="2071,3091 2108,3091 2145,3092 2182,3092 2220,3093 2257,3093 2294,3094 2331,3094 2369,3094 2406,3095 2443,3095 2480,3095 2518,3095 2555,3095 2592,3095 2629,3094 2667,3094 2704,3093 2741,3092 2778,3091 2816,3089"/>
                <TextEquiv>
                    <Unicode>French text. No translation can be so</Unicode>
                </TextEquiv>
            </TextLine>
            <TextLine id="r2l60" custom="readingOrder {index:59;}">
                <Coords points="2068,3137 2812,3149 2834,3083 2787,3106 2068,3096"/>
                <Baseline points="2077,3131 2114,3131 2151,3131 2188,3131 2226,3131 2263,3132 2300,3132 2338,3133 2375,3133 2412,3134 2450,3134 2487,3135 2524,3135 2561,3135 2599,3135 2636,3135 2673,3134 2711,3133 2748,3132 2785,3131 2823,3129"/>
                <TextEquiv>
                    <Unicode>fitted to Debussy’s musio as Macterlinck’s</Unicode>
                </TextEquiv>
            </TextLine>
            <TextLine id="r2l61" custom="readingOrder {index:60;}">
                <Coords points="2069,3171 2764,3186 2830,3178 2831,3143 2069,3136"/>
                <Baseline points="2079,3167 2116,3168 2153,3170 2190,3171 2227,3172 2264,3172 2301,3173 2338,3173 2375,3174 2412,3174 2450,3174 2487,3174 2524,3173 2561,3173 2598,3173 2635,3173 2672,3173 2709,3173 2746,3172 2783,3172 2821,3173"/>
                <TextEquiv>
                    <Unicode>lown words, and this would seem to be an</Unicode>
                </TextEquiv>
            </TextLine>
            <TextLine id="r2l62" custom="readingOrder {index:61;}">
                <Coords points="2066,3223 2830,3215 2830,3188 2696,3170 2179,3186 2067,3168"/>
                <Baseline points="2077,3207 2114,3208 2151,3209 2188,3210 2225,3211 2263,3211 2300,3212 2337,3212 2374,3213 2411,3213 2449,3213 2486,3214 2523,3214 2560,3214 2597,3214 2635,3213 2672,3213 2709,3213 2746,3212 2783,3212 2821,3211"/>
                <TextEquiv>
                    <Unicode>oxplanation for the experience gained at</Unicode>
                </TextEquiv>
            </TextLine>
            <TextLine id="r2l63" custom="readingOrder {index:62;}">
                <Coords points="2063,3250 2817,3256 2817,3215 2064,3205"/>
                <Baseline points="2074,3245 2110,3247 2147,3248 2184,3249 2220,3250 2257,3251 2294,3251 2330,3252 2367,3252 2404,3252 2441,3252 2477,3252 2514,3252 2551,3252 2587,3252 2624,3251 2661,3251 2697,3250 2734,3250 2771,3249 2808,3249"/>
                <TextEquiv>
                    <Unicode>allthe various German performanoos of</Unicode>
                </TextEquiv>
            </TextLine>
            <TextLine id="r2l64" custom="readingOrder {index:63;}">
                <Coords points="2072,3298 2789,3300 2825,3286 2825,3251 2072,3252"/>
                <Baseline points="2081,3286 2117,3286 2154,3287 2191,3287 2228,3288 2264,3288 2301,3289 2338,3289 2375,3289 2411,3290 2448,3290 2485,3290 2522,3289 2558,3289 2595,3289 2632,3289 2669,3288 2705,3287 2742,3286 2779,3285 2816,3284"/>
                <TextEquiv>
                    <Unicode>che work, here as elsewhere, that while it</Unicode>
                </TextEquiv>
            </TextLine>
            <TextLine id="r2l65" custom="readingOrder {index:64;}">
                <Coords points="2066,3330 2753,3346 2833,3326 2833,3297 2066,3306"/>
                <Baseline points="2076,3324 2113,3325 2150,3326 2188,3327 2225,3328 2263,3328 2300,3328 2337,3329 2375,3329 2412,3329 2450,3329 2487,3329 2524,3328 2562,3328 2599,3328 2637,3328 2674,3327 2711,3327 2749,3327 2786,3327 2824,3326"/>
                <TextEquiv>
                    <Unicode>may appeal to an occasional listener in</Unicode>
                </TextEquiv>
            </TextLine>
            <TextLine id="r2l66" custom="readingOrder {index:65;}">
                <Coords points="2065,3378 2828,3373 2828,3342 2776,3335 2065,3329"/>
                <Baseline points="2074,3363 2111,3364 2148,3365 2185,3365 2223,3366 2260,3366 2297,3366 2334,3366 2372,3367 2409,3367 2446,3367 2483,3367 2521,3366 2558,3366 2595,3366 2632,3366 2670,3366 2707,3366 2744,3366 2781,3366 2819,3366"/>
                <TextEquiv>
                    <Unicode>the nature of a musical curiosity it is</Unicode>
                </TextEquiv>
            </TextLine>
            <TextLine id="r2l67" custom="readingOrder {index:66;}">
                <Coords points="2059,3393 2148,3415 2644,3410 2725,3436 2826,3406 2826,3375 2708,3366 2059,3370"/>
                <Baseline points="2069,3403 2106,3404 2143,3404 2181,3404 2218,3405 2255,3405 2293,3405 2330,3406 2367,3406 2405,3406 2442,3407 2479,3407 2517,3407 2554,3407 2591,3408 2629,3408 2666,3408 2703,3408 2741,3408 2778,3407 2816,3407"/>
                <TextEquiv>
                    <Unicode>from an essentially musical point of view</Unicode>
                </TextEquiv>
            </TextLine>
            <TextLine id="r2l68" custom="readingOrder {index:67;}">
                <Coords points="2065,3438 2100,3457 2131,3443 2387,3457 2405,3442 2511,3459 2677,3438 2677,3415 2644,3411 2065,3408"/>
                <Baseline points="2075,3442 2104,3443 2134,3443 2163,3443 2193,3444 2223,3444 2252,3444 2282,3444 2311,3444 2341,3444 2371,3445 2400,3445 2430,3445 2459,3445 2489,3444 2519,3444 2548,3444 2578,3444 2607,3443 2637,3443 2667,3442"/>
                <TextEquiv>
                    <Unicode>not adapted to the general taste.</Unicode>
                </TextEquiv>
            </TextLine>
            <TextLine id="r2l69" custom="readingOrder {index:68;}">
                <Coords points="2102,3490 2827,3484 2826,3426 2780,3451 2597,3458 2102,3443"/>
                <Baseline points="2112,3482 2147,3482 2182,3482 2217,3483 2253,3483 2288,3483 2323,3483 2358,3483 2394,3483 2429,3484 2464,3484 2499,3484 2535,3483 2570,3483 2605,3483 2640,3483 2676,3482 2711,3482 2746,3481 2781,3480 2817,3479"/>
                <TextEquiv>
                    <Unicode>It has not wholly disappeared as yet</Unicode>
                </TextEquiv>
            </TextLine>
            <TextLine id="r2l70" custom="readingOrder {index:69;}">
                <Coords points="2071,3525 2829,3538 2829,3481 2775,3500 2676,3480 2072,3486"/>
                <Baseline points="2081,3516 2119,3518 2158,3520 2197,3521 2236,3522 2275,3523 2314,3523 2353,3524 2392,3524 2431,3524 2469,3524 2508,3524 2547,3524 2586,3524 2625,3524 2664,3524 2703,3524 2742,3524 2781,3524 2820,3524"/>
                <TextEquiv>
                    <Unicode>from the current repertory, but judging</Unicode>
                </TextEquiv>
            </TextLine>
            <TextLine id="r2l71" custom="readingOrder {index:70;}">
                <Coords points="2063,3557 2546,3577 2828,3555 2828,3534 2766,3528 2063,3526"/>
                <Baseline points="2072,3557 2109,3558 2146,3559 2183,3560 2221,3560 2258,3561 2295,3561 2333,3562 2370,3562 2407,3562 2445,3562 2482,3562 2519,3562 2556,3562 2594,3562 2631,3562 2668,3562 2706,3562 2743,3562 2780,3562 2818,3563"/>
                <TextEquiv>
                    <Unicode>by experiences thus far it is not likely</Unicode>
                </TextEquiv>
            </TextLine>
            <TextLine id="r2l72" custom="readingOrder {index:71;}">
                <Coords points="2057,3608 2714,3602 2827,3622 2827,3581 2765,3567 2058,3567"/>
                <Baseline points="2068,3595 2105,3597 2142,3597 2180,3599 2217,3599 2255,3600 2292,3600 2329,3601 2367,3601 2404,3601 2442,3601 2479,3601 2516,3601 2554,3601 2591,3601 2629,3601 2666,3601 2703,3601 2741,3601 2778,3602 2816,3602"/>
                <TextEquiv>
                    <Unicode>to be heard here except at rare intervals.</Unicode>
                </TextEquiv>
            </TextLine>
            <TextLine id="r2l73" custom="readingOrder {index:72;}">
                <Coords points="2066,3631 2268,3653 2826,3644 2826,3613 2768,3605 2066,3610"/>
                <Baseline points="2076,3636 2113,3637 2150,3638 2187,3639 2224,3639 2261,3639 2298,3640 2335,3640 2372,3640 2409,3640 2446,3639 2483,3639 2520,3639 2557,3639 2594,3639 2631,3639 2668,3638 2705,3639 2742,3639 2779,3639 2817,3640"/>
                <TextEquiv>
                    <Unicode>And here ends the first lesson, taught in</Unicode>
                </TextEquiv>
            </TextLine>
            <TextLine id="r2l74" custom="readingOrder {index:73;}">
                <Coords points="2074,3668 2109,3688 2575,3698 2752,3699 2826,3675 2826,3653 2789,3645 2074,3639"/>
                <Baseline points="2084,3673 2120,3675 2157,3676 2193,3677 2230,3678 2267,3678 2303,3679 2340,3679 2376,3679 2413,3679 2450,3680 2486,3680 2523,3680 2559,3680 2596,3680 2633,3680 2669,3680 2706,3681 2742,3681 2779,3682 2816,3683"/>
                <TextEquiv>
                    <Unicode>Vienna opera house, by modern French</Unicode>
                </TextEquiv>
            </TextLine>
            <TextLine id="r2l75" custom="readingOrder {index:74;}">
                <Coords points="2067,3743 2127,3718 2327,3731 2543,3715 2543,3698 2452,3681 2427,3693 2114,3687 2068,3657"/>
                <Baseline points="2078,3711 2103,3713 2128,3714 2153,3715 2179,3715 2204,3716 2229,3716 2254,3717 2280,3717 2305,3717 2330,3717 2356,3717 2381,3717 2406,3717 2431,3717 2457,3717 2482,3716 2507,3716 2533,3716"/>
                <TextEquiv>
                    <Unicode>impressioni sm in music.</Unicode>
                </TextEquiv>
            </TextLine>
            <TextLine id="r2l76" custom="readingOrder {index:75;}">
                <Coords points="2116,3759 2811,3768 2827,3704 2753,3731 2660,3706 2537,3731 2116,3720"/>
                <Baseline points="2125,3754 2159,3755 2194,3755 2228,3756 2263,3756 2298,3757 2332,3757 2367,3757 2401,3757 2436,3757 2471,3757 2505,3757 2540,3757 2574,3757 2609,3756 2644,3756 2678,3756 2713,3755 2747,3754 2782,3754 2817,3753"/>
                <TextEquiv>
                    <Unicode>Don Pasqualo,“ which would seem to</Unicode>
                </TextEquiv>
            </TextLine>
            <TextLine id="r2l77" custom="readingOrder {index:76;}">
                <Coords points="2061,3802 2822,3800 2797,3757 2142,3765 2061,3742"/>
                <Baseline points="2071,3793 2108,3793 2145,3794 2182,3795 2219,3796 2256,3796 2293,3796 2330,3796 2367,3796 2404,3797 2441,3797 2478,3797 2515,3797 2552,3796 2589,3796 2626,3796 2663,3796 2700,3796 2737,3796 2774,3795 2812,3795"/>
                <TextEquiv>
                    <Unicode>Istand atthe very other end of the operutio</Unicode>
                </TextEquiv>
            </TextLine>
            <TextLine id="r2l78" custom="readingOrder {index:77;}">
                <Coords points="2064,3857 2243,3831 2526,3852 2818,3837 2818,3802 2795,3800 2064,3797"/>
                <Baseline points="2073,3835 2109,3834 2146,3833 2183,3833 2220,3834 2256,3834 2293,3834 2330,3835 2367,3836 2403,3836 2440,3837 2477,3837 2514,3838 2550,3838 2587,3838 2624,3838 2661,3838 2697,3838 2734,3837 2771,3836 2808,3834"/>
                <TextEquiv>
                    <Unicode>line, has also failed to make an impres¬</Unicode>
                </TextEquiv>
            </TextLine>
            <TextLine id="r2l79" custom="readingOrder {index:78;}">
                <Coords points="2060,3899 2163,3867 2289,3890 2443,3871 2826,3894 2826,3857 2787,3841 2060,3851"/>
                <Baseline points="2070,3872 2107,3873 2144,3873 2181,3873 2219,3874 2256,3874 2293,3875 2331,3875 2368,3875 2405,3876 2443,3876 2480,3876 2517,3876 2554,3876 2592,3876 2629,3876 2666,3876 2704,3875 2741,3875 2778,3874 2816,3874"/>
                <TextEquiv>
                    <Unicode>sion that would in any way be called</Unicode>
                </TextEquiv>
            </TextLine>
            <TextLine id="r2l80" custom="readingOrder {index:79;}">
                <Coords points="2070,3919 2819,3928 2820,3880 2070,3880"/>
                <Baseline points="2080,3911 2116,3911 2153,3912 2189,3912 2226,3912 2262,3912 2299,3913 2335,3913 2372,3913 2408,3914 2445,3914 2481,3914 2518,3914 2554,3914 2591,3914 2627,3914 2664,3914 2700,3913 2737,3913 2773,3912 2810,3911"/>
                <TextEquiv>
                    <Unicode>striking or profound, but not so much</Unicode>
                </TextEquiv>
            </TextLine>
            <TextLine id="r2l81" custom="readingOrder {index:80;}">
                <Coords points="2063,3948 2669,3972 2824,3951 2825,3926 2213,3924 2063,3899"/>
                <Baseline points="2072,3948 2109,3949 2146,3949 2183,3949 2220,3950 2257,3950 2294,3951 2332,3951 2369,3952 2406,3952 2443,3953 2480,3953 2517,3953 2554,3953 2592,3954 2629,3954 2666,3954 2703,3953 2740,3953 2777,3952 2815,3952"/>
                <TextEquiv>
                    <Unicode>by reason of any inherent defects of the</Unicode>
                </TextEquiv>
            </TextLine>
            <TextLine id="r2l82" custom="readingOrder {index:81;}">
                <Coords points="2070,3989 2824,3988 2811,3951 2669,3972 2070,3952"/>
                <Baseline points="2079,3989 2115,3989 2152,3988 2189,3988 2226,3988 2262,3988 2299,3988 2336,3989 2373,3989 2409,3990 2446,3990 2483,3991 2520,3991 2556,3992 2593,3992 2630,3992 2667,3992 2703,3992 2740,3992 2777,3992 2814,3991"/>
                <TextEquiv>
                    <Unicode>unpretentious better work itself as be¬</Unicode>
                </TextEquiv>
            </TextLine>
            <TextLine id="r2l83" custom="readingOrder {index:82;}">
                <Coords points="2067,4026 2300,4028 2323,4051 2381,4023 2820,4044 2820,3999 2786,3995 2142,4003 2067,3985"/>
                <Baseline points="2077,4028 2113,4028 2150,4027 2186,4027 2223,4027 2260,4027 2296,4027 2333,4027 2370,4028 2406,4028 2443,4029 2480,4029 2516,4030 2553,4030 2590,4030 2626,4031 2663,4031 2700,4032 2736,4032 2773,4033 2810,4033"/>
                <TextEquiv>
                    <Unicode>cause of the fact that singers able to de</Unicode>
                </TextEquiv>
            </TextLine>
            <TextLine id="r2l84" custom="readingOrder {index:83;}">
                <Coords points="2067,4073 2824,4087 2825,4048 2464,4026 2067,4040"/>
                <Baseline points="2076,4067 2112,4066 2149,4066 2186,4065 2223,4065 2260,4065 2297,4066 2334,4066 2371,4066 2408,4067 2445,4067 2481,4068 2518,4069 2555,4069 2592,4070 2629,4070 2666,4070 2703,4070 2740,4070 2777,4070 2814,4069"/>
                <TextEquiv>
                    <Unicode>Justice to it are getting rarer on the</Unicode>
                </TextEquiv>
            </TextLine>
            <TextLine id="r2l85" custom="readingOrder {index:84;}">
                <Coords points="2059,4099 2801,4128 2801,4068 2059,4072"/>
                <Baseline points="2069,4105 2105,4105 2141,4105 2177,4105 2213,4105 2249,4106 2285,4106 2321,4106 2357,4107 2393,4108 2430,4108 2466,4108 2502,4109 2538,4109 2574,4109 2610,4109 2646,4109 2682,4109 2718,4108 2754,4107 2791,4106"/>
                <TextEquiv>
                    <Unicode>German stage from year to year. A</Unicode>
                </TextEquiv>
            </TextLine>
            <TextLine id="r2l86" custom="readingOrder {index:85;}">
                <Coords points="2065,4139 2803,4159 2825,4157 2825,4087 2700,4122 2065,4114"/>
                <Baseline points="2074,4142 2111,4143 2148,4144 2185,4145 2222,4145 2259,4145 2296,4145 2333,4145 2370,4145 2407,4145 2444,4145 2481,4145 2518,4145 2555,4144 2592,4144 2629,4144 2666,4144 2703,4144 2740,4144 2777,4144 2814,4145"/>
                <TextEquiv>
                    <Unicode>Handable attempt has been made by means</Unicode>
                </TextEquiv>
            </TextLine>
            <TextLine id="r2l87" custom="readingOrder {index:86;}">
                <Coords points="2073,4185 2767,4184 2767,4151 2666,4166 2627,4149 2073,4152"/>
                <Baseline points="2083,4182 2116,4183 2150,4184 2184,4184 2217,4184 2251,4185 2285,4185 2318,4185 2352,4185 2386,4185 2420,4184 2453,4184 2487,4184 2521,4184 2554,4183 2588,4183 2622,4183 2655,4183 2689,4183 2723,4183 2757,4184"/>
                <TextEquiv>
                    <Unicode>of a new and revised translation of ##</Unicode>
                </TextEquiv>
            </TextLine>
            <TextEquiv>
                <Unicode>box 28/1
Büro-Ausstellung Wien 8.— 10. November
siehe Rückseite.
Telephon 12.801.
„OBSERVER“
—
l. österr. behördl. konz. Unternehmen für Zeitungs-Ausschaltte
Wien, I., Concordiaplatz 4.
Vertretungen
In Berlin, Budapest, Chlcago, Christiania, Genl, Kopen¬
hagen, London, Madrid, Malland, Minneapolis, New-Vork.
Paris, Rom, San Francisco, Stockholm, St. Petersburg.
(Quellenangabe ehne Newäng)
1203
Ausschnitt aus:
V /o. 6, 
rker
vom:
INEN LIFE IN VIENNK'S OPERA
CONDITIoNs CHANGED UNDER
GREGOR’S MANAGEMENT.
The Vell of Plerette“ Recelved With
Favor—“Don Pasquale“ Given With
a New Ballet—“Pelleas et Meilsande“
Fails to Make a Deep Impression.
VIENNA, Sept. 21.—After the happy go
lucky indolence that characterised the
directorship of Felix von Weingartner ats
the Vienna Opera House a new spirit o“
military discipline and strenuous activity
seems to havetaker possession of the fa¬
meus old art institute fer the régime of
Director Gregor, who was called from
Berlin sore six months ago to establish
a better order of things. Though he has
been but ashort time in office, it is already
possible once more to spesk of cperatio
doings in Vienna in contradistinotiontto
the post-Mahler days, which were us un¬
Teventful as they were inglorions.
Close upon the euccessful production of
Richard Strauss’s Rosenkavalier“ came
by way of novelty for Vienna Debussy'’s
 Pelléas and Mélisande.“ This at the
very beginning of the present season has
been followed by a revival of Donizetti's
Don Pasquale,“the presentation of auew
ballet andthe final redemption of a prom¬
ise of long standing, the performance of à
pantomime by Arthur Schnitzle#-
Ernst von Dohnanyrentitied The Veil of
Pierette.“
Pelléas and Mélisande,“ tnough very
carefully done, with closest adherence to
the traditions of the Paris Opéra Comique.
failedto make as profound an impression
as in other cities where the work has been
given with the all important original
French text. No translation can be so
fitted to Debussy’s musio as Macterlinck’s
lown words, and this would seem to be an
oxplanation for the experience gained at
allthe various German performanoos of
che work, here as elsewhere, that while it
may appeal to an occasional listener in
the nature of a musical curiosity it is
from an essentially musical point of view
not adapted to the general taste.
It has not wholly disappeared as yet
from the current repertory, but judging
by experiences thus far it is not likely
to be heard here except at rare intervals.
And here ends the first lesson, taught in
Vienna opera house, by modern French
impressioni sm in music.
Don Pasqualo,“ which would seem to
Istand atthe very other end of the operutio
line, has also failed to make an impres¬
sion that would in any way be called
striking or profound, but not so much
by reason of any inherent defects of the
unpretentious better work itself as be¬
cause of the fact that singers able to de
Justice to it are getting rarer on the
German stage from year to year. A
Handable attempt has been made by means
of a new and revised translation of ##</Unicode>
            </TextEquiv>
        </TextRegion>
    </Page>
</PcGts>
