3344 4352
1988 143 2447 247 box 28/1
257 143 1972 244 23. Der SchleienderPierratte
1048 351 2119 480 n Lettre de Vienne
1011 449 1311 546 W
964 514 2563 611 □Avrz-vous pourquoi la Joconde sourit si mystérieusement? Simplement parec
1090 589 2570 634 qu'elle entendit répéter mille fols par des milliers de spectateurs extasies qutelle
1088 620 2568 707 valait denx ou trois milllens. — Caruso ctait à Vienne la semaine derniere. 11
933 692 2231 736 esdvenu, il a vaineu, en souriant. 11a eu le sourire.,, de la Joconde.
1018 707 2570 804 C’est ainsi que nous avons ouvert la saison. Rassuregevous, je n'ai pas l’intention
922 771 2556 825 de vous parler longuement du celehre tenor, de vanter encore unc leis ee #nnhre incom¬
942 832 2579 883 #aplrable et de celebrer à nouvenu toute la douceur prenante de sa voix. Non. Je vous
949 866 2562 933 dirai tout simplement qulil a desillusionné T’auditoire et que rien n’est moins com¬
934 908 2565 974 prehensible que la renemmée extraordinaire dont ce grand tenor jouit aupres du gros
938 964 2571 1031 public, alors qu'il n’est au fond qu'un chanteur pour connaisseurs. pour initics. Sa voix
941 1012 2569 1074 a gagné encore en qualité, mais elle a sürement perdu en quantite. Certaines notes
934 1061 2571 1119 viennent du nez, et le plus amusant est que la critique d’icia feint de les tenir pour des
941 1118 2572 1184 notes de poitrine aux deux premières représentations, Bajasso et Rigolello chantées
932 1174 2573 1221 en italien, pour s’apercevoir qu'elles venaient d’ailleurs le dernier soir, celui de
926 1208 2580 1275 Cärhen ou Caruso a chanté en français, très correctement du reste, II ne faut faire
927 1272 2574 1321 aux grands ténors nulle peine möme légère. Mes confrères viennois ont en consé¬
930 1310 2565 1383 quence tres galamment attribuc ces notes nasales aux nécessites d’unc correcte pronon¬
941 1358 2582 1411 ciation française. Ainsi le cog gaulois chanterait du nez: Chantecler parle du nez, du
941 1404 2584 1477 nez de Cyrano mème, peut-être. Voila evidemment un moyen original de nous révéler
939 1471 1942 1523 T’unité profonde de l’cuvre de M. Edmond Rostand.
1018 1510 2570 1570 Je devrais m’étendre un peu sur la manière dont Caruso qui est un admirable
941 1558 2578 1621 acteur joue le röle de don José dans lequel il est, je crois, inconnu en France. Géné
935 1616 2564 1673 dans Tuniforme des deux premiers actes qui le fait ressembler à un Napoléon très ven¬
939 1654 2586 1703 tru, il ne redevient lui-méme que dans les deux derniers qulil joue avec unc passion et
946 1707 1483 1774 une fugue incomparables.
1023 1726 2578 1812 Jindiquerai simplement encore que M. Carusochantait ich au terif ultra-americain
943 1813 2561 1867 de 15.000 franes par soirée. Un statisticien de mes amis m’a alhirmé que, le soir de Ba¬
931 1849 2566 1924 Juszo, chaque note revenait ainsi à 15 francs environ, et ily a dans la partition beau¬
935 1915 2570 1973 coup plus de croches que de rondes. II semble évident qu’à ce prix la croche est vrai¬
945 1958 1526 2022 ment unc note dapothicaire.
1022 2019 2573 2069 On a profité du gala Caruso pour nous donner à l’Opéra Imperial, en méme temps
937 2049 2578 2111 que Bajaggo, lo première représentation du Porle de Piereite, pantomime en z tableaux,
934 2094 2575 2156 d'Arthur Schnitzler, musique d Ernst von Dohmüyf. Trikur Schhitzler est un des
939 2161 2574 2215 membres les plus en vue de la littérature dramatique allemande contemporaine, l’auteur
944 2200 2581 2273 applaudi de la delicieuse et douloureuse Amowelte. M. Ernst von Dohnanyi est un
941 2265 2578 2329 pianiste reputé. Voici donc de grands noms. Or, il nous a etc demontré ce soir-la qu'un
938 2324 2570 2366 excellent auteur dramatique est en état, apres avoir éerit le Vorle de Beairtce, de sup¬
948 2344 2572 2424 primer tout le texte et de faire, sous le titte Le Vorle de Piérette, une fort mauvaise
936 2399 2583 2456 pantomime, II nous fut ainsi clairement cemontré que s’il est vrai que tous les grands
947 2444 2567 2522 Kgompositeurs ne sont pas de bons pianistes, la reciproque est juste. Mais ccla n'est vrai¬
879 2513 2526 2596 ment pas nouveau et nous avions déja l’exemple d’Eugene d’Albert, dont le T##land
877 2587 2141 2635 aobtenu en Allemagne un succes que je considère comme néfaste.
959 2611 2511 2680 #e T##le de Piereite n'aura pas de telles eeosequences. On peut mäme dire de cette
887 2654 2509 2728 „pantomime qufelle est sans conséquence. Etc’est fort bien ainsi. Car le Pierrot et l’Ar¬
872 2719 2514 2787 lequin dont il s’agit ici ne sont pas les traditionnels et delicieux pitres sentimentaux en
874 2768 2510 2834 rupture de tréteaux, mais bien deplorables névropathes échappés de quelque salle de la
884 2813 1158 2884 Salpétrière.
1520 2843 1859 2920 Le corps et T’esprit
1507 2899 1779 2958 En capilotade
1513 2937 1842 2993 Gravement malade
1505 2983 1861 3036 Pierrot tient le lit;
893 2993 1119 3077 — —
1520 3023 1861 3075 Et. Jlans. sa dem. zure
1508 3058 1818 3112 Colombine pleure
1506 3095 1813 3148 Lamentablement
1512 3134 1864 3197 Et prie humblement
1508 3166 1881 3230 Dien d’etre clement
1512 3219 1868 3285 Pour que son amant
1500 3247 1757 3323 Ne meure
949 3310 2514 3388 Le pierrot moderne n’est plus comique ou tragi-comique, il est tout simplement
878 3375 2519 3423 tragique. Cette pantomime en est la preuve. Nous y vovons Pierrot s’empoisonner au
885 3420 2507 3497 premier acte, son spectre rénpparaitre au second et son endavre partieiper au troisieme.
878 3477 2515 3563 Quant à Pièrette, elle devient folle à la fin du troisieme tableau. Tout cela ne manque
875 3517 1553 3588 pas de gaieté, comme vous voyer.
953 3562 2514 3625 Tout le monde aura à cceur d’oublier le Vorle de Pierette pour ne plus se sonvenir
873 3624 2499 3682 que des figures delicates et si vivantes que nous devons au talent si lin et plein d’émo¬
882 3679 1522 3739 tion de M. Arthur Schnitdler.
960 3715 2519 3782 Pour une pareille pantomime. M. Ernst von Dohnanyi n’était certes pas Ihomme
874 3770 2513 3831 de la situntion. Ses dons sont almables dit-on. et son penchant vers la grüce ne s’est
873 3827 2512 3884 guère trouve favorise par un scénario aussi sombre, dont le troisième tableau pourrait
876 3872 2520 3926 tres bien se passer à la Morgue. La eritique viennolse a éte assez bienveillante pour
879 3916 2148 3969 M. Ernst von Dohnanyi. Ses amis lui font mème des compliments.
952 3953 2513 4016 L’interprétation était bonne, méritoire meme. Le publie n’a pas confondu dans les
870 4024 1923 4071 mèmes applaudissements les auteurs et les interpretes.
