3392 4384
1117 236 1182 303 (
224 230 1790 347 23. Der Schleier# pierrette
558 1211 1662 1353 u.1 Ustergenmen für Zeitunge- Asses####.
732 1267 1497 1375 Wien, I., Ooncordiaplats 4.
951 1336 1269 1419 Vertretungen
543 1346 1653 1492 in Bertin, Basel, Budapest, Chicago, Cleveland, Chrtsttante.
538 1409 1650 1531 Gent, Kopenhagen, London, Madrid, Mailand, Minneapolta.
533 1443 1639 1577 New-Vork, Paria, Rom, San Francisco, Stockholm, St. Peters¬
1036 1520 1257 1584 Torpnto.
862 1511 1331 1635 e
519 1567 1357 1686 Arsschmtt #ug#nusikalische Welt
991 1655 1207 1742 Berlin
835 1694 921 1770 19
305 1697 1350 1816 zugepackten Liedern von Hlugo Wolt Freude berentete.
1439 1680 1833 1821 Trrnur emwac
299 1777 1830 1883 Frankfurt a. M.] Im Opernhause wurden Novitäten serviert: „Susannens Ge¬
640 1838 1826 1935 heimnis“ von Wolf Ferrari und „Der Schleier der
300 1852 633 1921 Mitte Novemb.
607 1899 1818 1976 1 Pierette“ von Arthur Schnitzler, mit der Musik von
291 1940 1818 2011 Ernst von Dohnanyi. Auch hier waren die Erfölge miit sehr stark. Schuld
299 1976 1820 2051 daran mag der grausige, krasse Schluss sein und auch yor allem der Umstand,
291 2050 1810 2125 dass das Publikum vor lauter Aufmerksamkeit die Handfung der Pantomime zu
290 2085 1816 2172 entziffern, der Musik zu wenig achtet. Diese scheint mir nämlich bei weitem
292 2127 1814 2212 der wertvollere Teil zu sein. Die Handlung von Schnitzler mag ja mit ihren
292 2181 1819 2259 scharfen Kontrasten den Nerven genügend Erregungen bieten, das Ganze schmeckt
288 2223 1817 2300 aber doch zu sehr nach Romanen in Lieferungen à 10 Pfennig. Dem Kompo¬
282 2270 1807 2366 nisten aber bietet sie immerhin gute Handhabe, alle möglichen Effekte anzu¬
287 2326 1807 2430 bringen. Davon hat Dohnányi reichlichen Gebrauch gemacht und hat es mit dem
274 2385 1805 2443 Können eines reich begabten und viel bewanderten Musikers getan. Die Partitur
280 2434 1811 2518 birgt in der Tat eine Unmenge feiner und feinster Züge, die man nur bei
276 2482 1807 2567 grosser Aufmerksamkeit nicht überhört. Da ist es denn ein grosser Genuss,
277 2523 1829 2631 nur den Klängen des Orchesters zu lauschen, das so scharf jede Stimmung, jnde
276 2565 1800 2657 Bewegung auf der Bühne charakterisiert und die Handlung psychologisch aus¬
284 2629 1803 2726 deutet. Diese erste dramatische Probe lässt Gutes vom Komponisten auf diesem
283 2679 1796 2766 Gebiete erhoffen. Die Hälfte einer Oper hat er — es mag zu Studienzwecken
274 2727 1804 2814 sehr praktisch gewesen sein — nun hinter sich, möge er uns nun bald mit einer
270 2779 1785 2853 kompletten Oper erfreuen. Der flotte Walzer, der sich erlösend aus der Mord¬
268 2835 1788 2914 Atmosphäre des ersten Bildes herauswindet, lässt ihn auch für leichtere Themen
267 2881 1779 2956 geeignet erscheinen. Die tolle, verzerrte, verrückte Musik zu der Wahnsinns¬
269 2915 1788 3012 szene, die den „Brautschleiertanz“ der Pierette begleitet, bewies, dass der
268 2964 1779 3058 Komponist auch die Technik des Salome-Komponisten beherrscht. Die andere
265 3016 1779 3113 Novität „Susannens Geheimnis“ ist anderen Städten auch kein Geheimnis
265 3057 1779 3156 mehr. Hier wird die Eifersucht eines Ehegatten in’s Lächerliche gezogen, weil
263 3117 1780 3211 sie grundlos ist. Es gibt einen drolligen Wutausbruch, der den Leuten aus¬
254 3170 1775 3247 nehmend gut gefiel. Wenn Tische und Stühle entzwei geschlagen werden, amüsiert
250 3205 1779 3290 sich das Publikum eben besser, als wenn Herzen gebrochen werden. Die artige
252 3256 1779 3332 Musik von Wolf Ferrari begleitet das harmlose Stücklein diskret und unterhaltsam
257 3317 1787 3409 vom Anfang bis zu Ende, und bleibt stets im Stil des Unaufdringlich-Liebens-
256 3367 1594 3445 würdigen. Man kann ihr nicht böse sein, auch wenn man Kritiker ist.
1320 3431 1366 3490 1
1947 230 2393 331 box 27/5
2673 434 3009 529 Telepnon 12.301.
2130 578 2772 705 „UBSEKVER
1902 662 3027 775 1. österr. bebördl. konz. Unternehmen für Zeitungs Ausschaltte
2110 725 2852 810 Wien, I., Conoordiaplatz 4.
2333 792 2644 857 Vertretungen
1927 835 3046 915 in Berlin, Basel, Budapest, Chicago, Cleveland, Christianis,
1932 870 3042 951 Genl, Kopenhagen, London, Madrid, Mailand, Minneapolis,
1927 916 3034 1004 New-Vork, Paris, Rom, San Francisco, Stockholm, St. Peters¬
2330 962 2648 1022 burg, Toronto.
2259 996 2714 1068 (Ouelienangabe ohne Gewäh).
1925 1069 2326 1157 Ausschnitt aus:
2393 1116 2902 1224 Humorist, Wien
2059 1132 2397 1239 71. 1. 140
1952 1219 2101 1298 vom:
2064 1274 2979 1369 Frankfurter Theaterbrief.
2747 1349 3157 1429 17. November 1910.
1971 1405 3193 1489 Artur Schnitzler, der Verfasser der „Liebelei“, hat sich in
1856 1474 3189 1524 einen Skoff verrammt den er jetzt schon verschiedentlich für die
1855 1526 3182 1584 Bühne zu verwerten suchte. Zuerst machte er ein Drama daraus,
1861 1575 3194 1626 das den Titel „Der Schleier der Beatrice“ führte und in der
1856 1630 3203 1699 Renaissancezeit spielte. Es wurde bei Brahm in Berlin gegehen
1866 1707 3217 1795 fand aber nicht den gewünschten Beifall. Damals verlautete die
1876 1766 3212 1838 Kunde, daß Schnitzler eigentlich aus dem ihm ans Herz ge¬
1870 1810 3217 1885 wachsenen Sujet einen pantomimischen „Atelierscherz“ mit heiterem
1877 1858 3215 1918 Ausgang hätte machen wollen. Bei der Pantomime ist er alsdann
1871 1919 3215 1981 geblieben, nachdem es mit dem Drama nichts war. Sie bekam
1872 1956 3220 2032 jedoch keinen fröhlichen Abschluß, sondern im Gegenteil einen recht¬
1864 2011 3223 2086 krassen, einen, der fast Salomes wildes Gehabe mit dem Haupt
1864 2050 3213 2128 des Johannes noch übertrifft. Die Handlung des Werkes, das
1870 2108 3204 2177 nunmehr „Der Schleier der Pierette“ heißt, dürfte von den ber¬
1859 2144 3020 2223 liner Aufführungen des Dramas her noch bekannt sein.
1984 2198 3213 2269 Ernst v. Dohnänyi, der als Professor der Musik an der
1863 2240 3201 2323 berliner Hochschule wirkt, hat schon manches gute für den Konzert¬
1876 2296 3198 2358 saal geschrieben. Als Vertoner von Schnitzlers Pantomime tritt er
1858 2351 3202 2428 zum erstenmal als Bühnenkomponist vor die Oeffentlichkeit, u. zw.
1871 2399 3204 2479 mit unzweifelhaftem Erfolge. Besonders das Lyrische, der Ausdruck
1869 2443 3212 2538 des Gefühls und die glänzend instrumentierten Tanzweisen sind
1860 2500 3204 2571 Dohnänyi trefflich gelungen. Für den Schluß gebricht es ihm noch
1875 2542 3210 2620 an dramatischer Kraft. Es wurde dadurch Frl. Sellin, welche
1882 2593 3213 2673 die Pierette mit viel Geschick darstellte, die schwierige Aufgabe nicht
1865 2635 3206 2719 erleichtert. Brinkmann, Wirl und Hauck, sie alle gaben sich
1867 2685 3199 2782 Mühe, die durchaus nicht leichten Rollen sicher und gut durchzu¬
1877 2742 2972 2813 führen, so daß die Novität freundlichsten Beifall fand.
1974 2792 3188 2866 Schnitzlers Pantomime ging die graziöse Kleinigkeit von
1873 2827 3194 2920 Kalbeck, „Susannens Geheimnis“, mit der Musik von Wolf=Ferrari
1858 2898 3192 2963 voraus. Der Komponist hat den besseren Teil gewählt, denn die
1864 2938 3193 3016 kleine Handlung, die der Verfasser dem Französischen entlehnte,
1863 2995 3189 3053 wäre ohne die prickelnde Musik ein Nichts. Wolf=Ferrari aber hat
1885 3033 3189 3110 ie so schmuck herausgeputzt und schon in der Ouvertüre so viel
1890 3081 3184 3175 Schick entfaltet, daß das Publikum sofort in Stimmung kam, noch
1868 3133 2501 3190 bevor sich der Vorhang hob.
1976 3167 3190 3256 Herr Robert Hutt, vom düsseldorfer Stadttheater, setzt sein
1871 3231 3195 3307 Gastspiel hier fort. Warum der Künstler gerade als Faust heraus¬
1860 3289 3169 3353 gestellt wurde, ist schleierhaft. Es laufen bei uns so viele „Fäuste“.
1868 3324 3191 3403 herum, die — trotz mancher Vorzüge des Gastes — besser sind
1861 3373 3201 3445 als Herr Hutt, daß man sich das Experimentieren gerade mit
1867 3422 2573 3494 dieser Partie hätte sparen können.
1971 3484 3180 3550 Madame Cahier, von der wiener Hofoper, sang hier in
1856 3524 3188 3612 einem Konzert und errang mit ihrer wundervollen Altstimme
1861 3564 2264 3639 stürmischen Beifall.
1939 3618 3190 3677 Und nun zu den Schauspielhäusern. Im städtischen wurde,
1851 3668 3182 3747 auch als Novität, der Schwank von Kurt Kraatz „O diese Leut¬
1857 3725 3185 3792 nants“ aufgeführt und mit Beifall, der den Verfasser vor die
1856 3765 3180 3820 Rampe rief, ausgenommen. Ist man etwas in der Lustspielliteratur
1847 3808 3181 3888 bewandert, so drängt sich bei diesem Schwanke einem unwillkürlich
1847 3865 3195 3937 die Frage auf: wie viele Autoren eigentlich zu rusen gewesen
1849 3919 3191 3995 wären, denn in dem Werke des einen Kurt Kraatz feiern viele,
1854 3971 3180 4026 viele Schwankszenen entschwundener Tage und längst vergessene
1848 4004 3189 4064 Autoren fröhliche Auferstehung. Doch was tut's? Kraatz ist
1855 4065 3180 4130 ein famoser Bühnenkenner und sagt sich: greift nur hinein in den
1843 4111 3186 4185 Wust vergessener Lustspiele und was ihr packt, das macht dann
1851 4153 3172 4235 amüsant! Und auf amüsante, wirksame Szenen versteht er sich,
1844 4211 3164 4257 ebenso wie gutgeratenen, aber vergessenen Fiauren wieder auf die
