<?xml version="1.0" encoding="UTF-8" standalone="yes"?>
<PcGts xmlns="http://schema.primaresearch.org/PAGE/gts/pagecontent/2013-07-15" xmlns:xsi="http://www.w3.org/2001/XMLSchema-instance" xsi:schemaLocation="http://schema.primaresearch.org/PAGE/gts/pagecontent/2013-07-15 http://schema.primaresearch.org/PAGE/gts/pagecontent/2013-07-15/pagecontent.xsd">
    <Metadata>
        <Creator>prov=University of Rostock/Institute of Mathematics/CITlab/Gundram Leifert/gundram.leifert@uni-rostock.de:name=ONB_Newseye_GT_M1+(htr_id=10810)::::v=2.4.2
prov=University of Rostock/Institute of Mathematics/CITlab/Tobias Gruening/tobias.gruening@uni-rostock.de:name=de.uros.citlab.module.baseline2polygon.B2PSeamMultiOriented:v=2.4.2
prov=University of Rostock/Institute of Mathematics/CITlab/Tobias Gruening/tobias.gruening@uni-rostock.de:name=/mnt/transkribus/LA/DEA/URO/LA_news_onb_att.pb:de.uros.citlab.segmentation.CITlab_LA_ML:v=2.4.2
Transkribus</Creator>
        <Created>2019-10-07T11:13:16.710+02:00</Created>
        <LastChange>2019-10-08T00:49:52.033+02:00</LastChange>
        <TranskribusMetadata docId="223965" pageId="9495074" pageNr="236" tsid="16492788" status="IN_PROGRESS" userId="40391" imgUrl="https://files.transkribus.eu/Get?id=BXJWHATPIYROGCVZEHOQXNYY&amp;fileType=view" xmlUrl="https://files.transkribus.eu/Get?id=BPERYIOEXOYOOOHMOBEBHITB" imageId="6185301"/>
    </Metadata>
    <Page imageFilename="223965_0236.jpeg" imageWidth="3392" imageHeight="4352">
        <ReadingOrder>
            <OrderedGroup id="ro_1711441299698" caption="Regions reading order">
                <RegionRefIndexed index="0" regionRef="r1"/>
            </OrderedGroup>
        </ReadingOrder>
        <TextRegion orientation="0.0" id="r1" custom="readingOrder {index:0;}">
            <Coords points="258,165 258,3981 3146,3981 3146,165"/>
            <TextLine id="r1l1" custom="readingOrder {index:0;}">
                <Coords points="1983,201 2106,215 2190,191 2215,214 2249,211 2272,228 2311,223 2312,142 2268,134 2244,153 2215,139 2173,168 2123,138 2093,155 2057,141 2041,149 1983,139"/>
                <Baseline points="1992,192 2017,193 2043,193 2069,193 2095,194 2121,194 2147,194 2172,195 2198,195 2224,195 2250,195 2276,195 2302,195"/>
                <TextEquiv>
                    <Unicode>box 28</Unicode>
                </TextEquiv>
            </TextLine>
            <TextLine id="r1l2" custom="readingOrder {index:1;}">
                <Coords points="248,201 1157,244 1813,211 1813,155 1665,130 1162,132 1098,178 849,127 248,147"/>
                <Baseline points="258,189 335,195 412,199 489,203 567,206 644,208 721,210 798,211 876,211 953,212 1030,211 1107,211 1185,210 1262,210 1339,210 1416,209 1494,209 1571,210 1648,211 1725,212 1803,215"/>
                <TextEquiv>
                    <Unicode>23. Der Schleiender- Bierrette</Unicode>
                </TextEquiv>
            </TextLine>
            <TextLine id="r1l3" custom="readingOrder {index:2;}">
                <Coords points="1859,600 2029,616 2203,577 2334,617 2614,588 2699,616 2761,562 2871,590 2871,507 2525,540 2293,503 1858,521"/>
                <Baseline points="1868,594 1917,590 1967,587 2016,583 2066,581 2116,579 2165,578 2215,578 2265,577 2314,577 2364,577 2414,578 2463,578 2513,579 2563,579 2612,580 2662,581 2712,581 2761,581 2811,581 2861,581"/>
                <TextEquiv>
                    <Unicode>Bitte Rückseite beachten!</Unicode>
                </TextEquiv>
            </TextLine>
            <TextLine id="r1l4" custom="readingOrder {index:3;}">
                <Coords points="1174,618 1269,611 1293,624 1344,615 1380,629 1406,621 1449,632 1477,620 1525,631 1552,628 1555,578 1478,533 1443,535 1381,567 1278,540 1253,549 1221,528 1178,539"/>
                <Baseline points="1185,586 1210,586 1236,587 1261,588 1287,589 1313,590 1338,591 1364,592 1390,594 1415,595 1441,597 1467,599 1492,601 1518,602 1544,603"/>
                <TextEquiv>
                    <Unicode>Telephon 12.801.</Unicode>
                </TextEquiv>
            </TextLine>
            <TextLine id="r1l5" custom="readingOrder {index:4;}">
                <Coords points="2464,680 2707,689 2729,675 2744,691 2878,679 2889,691 2932,680 2933,597 2785,624 2755,602 2700,615 2641,593 2579,623 2465,593"/>
                <Baseline points="2474,650 2500,652 2526,652 2553,653 2579,653 2605,654 2632,654 2658,654 2684,655 2711,655 2737,655 2763,655 2790,655 2816,655 2842,656 2869,656 2895,657 2922,657"/>
                <TextEquiv>
                    <Unicode>Telephon 12.801.</Unicode>
                </TextEquiv>
            </TextLine>
            <TextLine id="r1l6" custom="readingOrder {index:5;}">
                <Coords points="591,720 1323,758 1346,749 1352,645 1282,615 1070,620 1021,596 846,620 722,589 594,660"/>
                <Baseline points="601,723 637,721 674,718 711,717 748,717 784,717 821,718 858,720 895,722 931,724 968,727 1005,729 1042,733 1078,736 1115,738 1152,741 1189,743 1225,745 1262,747 1299,747 1336,747"/>
                <TextEquiv>
                    <Unicode>„OBSERVER</Unicode>
                </TextEquiv>
            </TextLine>
            <TextLine id="r1l7" custom="readingOrder {index:6;}">
                <Coords points="431,769 547,800 1525,825 1462,770 1306,787 1250,749 1172,776 433,725"/>
                <Baseline points="441,771 494,773 548,775 602,777 656,780 709,783 763,786 817,788 871,791 924,794 978,797 1032,800 1086,803 1139,806 1193,809 1247,811 1301,814 1354,817 1408,819 1462,821 1516,823"/>
                <TextEquiv>
                    <Unicode>1. österr. beh. konz. Unternehmen für Zeitunge¬</Unicode>
                </TextEquiv>
            </TextLine>
            <TextLine id="r1l8" custom="readingOrder {index:7;}">
                <Coords points="637,834 878,856 941,840 1046,868 1325,855 1326,838 1235,811 640,789"/>
                <Baseline points="648,817 681,819 714,821 748,824 781,826 814,828 848,831 881,833 914,835 948,836 981,839 1014,841 1048,842 1081,845 1114,847 1148,848 1181,850 1214,852 1248,853 1281,855 1315,856"/>
                <TextEquiv>
                    <Unicode>Ausschnitte und Bibliographie.</Unicode>
                </TextEquiv>
            </TextLine>
            <TextLine id="r1l9" custom="readingOrder {index:8;}">
                <Coords points="1999,896 2216,862 2240,881 2343,860 2684,882 2682,820 2616,793 2507,828 2449,783 2417,813 2368,789 2338,816 2293,784 2265,810 2215,783 2178,823 2044,805 1996,830"/>
                <Baseline points="2008,883 2041,875 2074,869 2107,863 2141,860 2174,856 2207,855 2240,853 2274,853 2307,853 2340,853 2373,853 2407,854 2440,854 2473,854 2506,854 2540,854 2573,853 2606,850 2639,848 2673,844"/>
                <TextEquiv>
                    <Unicode>„OBSLNVEI</Unicode>
                </TextEquiv>
            </TextLine>
            <TextLine id="r1l10" custom="readingOrder {index:9;}">
                <Coords points="608,899 678,922 749,898 856,923 1106,912 1259,952 1370,932 1373,886 1181,851 1124,872 611,837"/>
                <Baseline points="618,882 655,886 692,888 729,891 766,893 803,895 840,897 878,899 915,900 952,902 989,903 1026,905 1063,906 1100,907 1138,909 1175,911 1212,913 1249,915 1286,918 1323,921 1361,925"/>
                <TextEquiv>
                    <Unicode>Wien, I., Conoordiaplats 4.</Unicode>
                </TextEquiv>
            </TextLine>
            <TextLine id="r1l11" custom="readingOrder {index:10;}">
                <Coords points="1844,941 2506,926 2694,961 2825,920 2918,945 2959,891 2539,865 2452,894 2342,859 1843,889"/>
                <Baseline points="1853,932 1907,931 1962,931 2017,930 2072,930 2126,930 2181,930 2236,930 2291,929 2345,929 2400,929 2455,929 2510,929 2564,929 2619,929 2674,929 2729,929 2783,929 2838,929 2893,929 2948,929"/>
                <TextEquiv>
                    <Unicode>I. österr. behördl. konz. Unternehmen für</Unicode>
                </TextEquiv>
            </TextLine>
            <TextLine id="r1l12" custom="readingOrder {index:11;}">
                <Coords points="822,960 842,955 868,974 915,969 947,981 977,972 1100,991 1124,973 1160,973 1161,955 1146,949 1004,939 974,912 861,926 825,908"/>
                <Baseline points="833,960 859,961 885,962 912,964 938,965 965,967 991,969 1017,971 1044,973 1070,973 1097,974 1123,975 1150,975"/>
                <TextEquiv>
                    <Unicode>Vertretungen</Unicode>
                </TextEquiv>
            </TextLine>
            <TextLine id="r1l13" custom="readingOrder {index:12;}">
                <Coords points="2139,969 2328,996 2345,982 2477,985 2511,1005 2542,984 2604,984 2645,1000 2645,938 2630,936 2139,940"/>
                <Baseline points="2148,975 2173,975 2199,975 2225,976 2250,976 2276,976 2302,977 2327,977 2353,978 2379,978 2404,978 2430,979 2456,979 2481,979 2507,979 2533,979 2558,978 2584,978 2610,977 2636,976"/>
                <TextEquiv>
                    <Unicode>Zeitungsausschnitte</Unicode>
                </TextEquiv>
            </TextLine>
            <TextLine id="r1l14" custom="readingOrder {index:13;}">
                <Coords points="431,987 1528,1039 1530,999 1355,976 433,950"/>
                <Baseline points="441,982 494,984 548,988 602,990 656,992 710,995 764,998 817,1001 871,1004 925,1008 979,1010 1033,1014 1087,1017 1141,1020 1194,1022 1248,1025 1302,1027 1356,1030 1410,1033 1464,1035 1518,1037"/>
                <TextEquiv>
                    <Unicode>in Berlin, Brüssel, Budapest, Chicago, Cleveland, Christiania,</Unicode>
                </TextEquiv>
            </TextLine>
            <TextLine id="r1l15" custom="readingOrder {index:14;}">
                <Coords points="1875,1052 2948,1046 2948,1009 2882,976 2316,1006 2095,963 1875,996"/>
                <Baseline points="1885,1036 1937,1036 1990,1035 2042,1035 2095,1035 2148,1035 2200,1034 2253,1034 2305,1034 2358,1034 2411,1034 2463,1034 2516,1034 2568,1034 2621,1034 2674,1035 2726,1035 2779,1036 2831,1037 2884,1037 2937,1039"/>
                <TextEquiv>
                    <Unicode>Wien, I., Konkordiaplatz 4.</Unicode>
                </TextEquiv>
            </TextLine>
            <TextLine id="r1l16" custom="readingOrder {index:15;}">
                <Coords points="427,1024 1525,1088 1526,1057 1467,1038 428,995"/>
                <Baseline points="436,1020 490,1024 544,1028 598,1031 652,1035 706,1037 760,1040 814,1043 868,1046 922,1049 976,1051 1030,1053 1084,1055 1138,1058 1192,1061 1246,1063 1300,1065 1354,1068 1408,1071 1462,1074 1516,1077"/>
                <TextEquiv>
                    <Unicode>Genf, Kopenhagen, London, Madrid, Mailand, Minnenpolis,</Unicode>
                </TextEquiv>
            </TextLine>
            <TextLine id="r1l17" custom="readingOrder {index:16;}">
                <Coords points="2244,1090 2288,1096 2374,1085 2426,1098 2445,1090 2459,1100 2511,1095 2544,1068 2563,1070 2563,1055 2494,1036 2446,1042 2434,1034 2405,1051 2384,1041 2337,1054 2245,1046"/>
                <Baseline points="2253,1081 2278,1082 2303,1083 2328,1083 2353,1084 2378,1085 2403,1086 2428,1086 2453,1086 2478,1086 2503,1085 2528,1084 2554,1083"/>
                <TextEquiv>
                    <Unicode>Vertretungen</Unicode>
                </TextEquiv>
            </TextLine>
            <TextLine id="r1l18" custom="readingOrder {index:17;}">
                <Coords points="422,1060 1330,1141 1397,1113 1502,1144 1524,1091 424,1026"/>
                <Baseline points="432,1059 486,1062 540,1065 594,1068 648,1070 702,1073 756,1075 810,1078 864,1080 918,1083 972,1085 1026,1088 1080,1090 1134,1093 1188,1096 1242,1099 1296,1102 1350,1105 1404,1109 1458,1112 1512,1117"/>
                <TextEquiv>
                    <Unicode>New-Vork, Paris, Rom, San Francisco, Stockholm, St. Peters¬</Unicode>
                </TextEquiv>
            </TextLine>
            <TextLine id="r1l19" custom="readingOrder {index:18;}">
                <Coords points="819,1108 851,1129 895,1129 912,1139 940,1125 963,1138 1007,1130 1063,1143 1125,1138 1126,1119 1095,1115 1065,1096 1034,1103 1017,1094 943,1098 903,1088 889,1096 847,1082 820,1090"/>
                <Baseline points="828,1117 854,1120 880,1121 906,1122 932,1123 958,1124 984,1125 1010,1126 1036,1127 1062,1129 1088,1131 1115,1134"/>
                <TextEquiv>
                    <Unicode>burg, Toronto.</Unicode>
                </TextEquiv>
            </TextLine>
            <TextLine id="r1l20" custom="readingOrder {index:19;}">
                <Coords points="1847,1127 2943,1140 2943,1092 2794,1051 2686,1092 2584,1053 2458,1100 1847,1082"/>
                <Baseline points="1857,1127 1910,1126 1964,1126 2018,1125 2072,1125 2126,1125 2179,1125 2233,1125 2287,1125 2341,1125 2395,1125 2448,1125 2502,1125 2556,1125 2610,1125 2664,1125 2717,1125 2771,1126 2825,1126 2879,1126 2933,1126"/>
                <TextEquiv>
                    <Unicode>in Berlin, Basel, Budapest, Chicago, Cleveland, Christiania,</Unicode>
                </TextEquiv>
            </TextLine>
            <TextLine id="r1l21" custom="readingOrder {index:20;}">
                <Coords points="761,1153 825,1172 930,1164 1005,1182 1035,1162 1118,1173 1138,1188 1173,1182 1176,1141 1008,1130 966,1143 946,1126 876,1132 827,1116 762,1128"/>
                <Baseline points="770,1152 796,1153 822,1154 848,1156 875,1158 901,1159 927,1161 953,1163 980,1164 1006,1167 1032,1168 1058,1169 1085,1170 1111,1171 1137,1172 1164,1172"/>
                <TextEquiv>
                    <Unicode>Ouelienangsbe pans Gewähr.)</Unicode>
                </TextEquiv>
            </TextLine>
            <TextLine id="r1l22" custom="readingOrder {index:21;}">
                <Coords points="1844,1168 2914,1178 2953,1147 1843,1118"/>
                <Baseline points="1853,1171 1907,1170 1962,1169 2016,1168 2071,1167 2125,1167 2180,1166 2234,1166 2289,1165 2343,1165 2398,1164 2452,1164 2507,1164 2561,1164 2616,1164 2670,1164 2725,1164 2779,1165 2834,1165 2888,1165 2943,1165"/>
                <TextEquiv>
                    <Unicode>Genf, Kopenhagen, London, Madrid, Mailand, Minneapolis,</Unicode>
                </TextEquiv>
            </TextLine>
            <TextLine id="r1l23" custom="readingOrder {index:22;}">
                <Coords points="1840,1201 2049,1237 2371,1202 2959,1215 2958,1163 1840,1180"/>
                <Baseline points="1849,1208 1906,1206 1964,1205 2022,1204 2080,1203 2138,1202 2196,1201 2253,1201 2311,1200 2369,1200 2427,1200 2485,1200 2543,1200 2600,1200 2658,1200 2716,1200 2774,1201 2832,1201 2890,1201 2948,1201"/>
                <TextEquiv>
                    <Unicode>New-Vork, Paris, Rom, San Francisco, Stockholm, St. Peters¬</Unicode>
                </TextEquiv>
            </TextLine>
            <TextLine id="r1l24" custom="readingOrder {index:23;}">
                <Coords points="406,1217 450,1217 490,1237 533,1219 602,1237 692,1222 792,1237 817,1228 818,1207 758,1181 726,1193 681,1163 408,1174"/>
                <Baseline points="416,1210 442,1211 468,1211 494,1212 520,1213 546,1214 572,1215 598,1217 625,1218 651,1219 677,1221 703,1223 729,1224 755,1226 781,1228 808,1230"/>
                <TextEquiv>
                    <Unicode>Ausschnitt aus:</Unicode>
                </TextEquiv>
            </TextLine>
            <TextLine id="r1l25" custom="readingOrder {index:24;}">
                <Coords points="2248,1247 2329,1263 2364,1254 2395,1270 2424,1260 2453,1265 2490,1249 2513,1263 2561,1258 2562,1216 2544,1211 2523,1221 2500,1207 2446,1216 2392,1204 2326,1215 2278,1204 2249,1210"/>
                <Baseline points="2258,1239 2284,1239 2311,1239 2338,1239 2364,1239 2391,1239 2418,1240 2445,1240 2471,1240 2498,1241 2525,1242 2552,1243"/>
                <TextEquiv>
                    <Unicode>burg, Toronto.</Unicode>
                </TextEquiv>
            </TextLine>
            <TextLine id="r1l26" custom="readingOrder {index:25;}">
                <Coords points="897,1232 952,1221 997,1252 1127,1255 1205,1288 1241,1266 1305,1311 1348,1302 1435,1341 1561,1333 1570,1286 1515,1237 1403,1236 1371,1208 1197,1174 1166,1190 1035,1163 910,1167"/>
                <Baseline points="913,1200 945,1203 977,1208 1009,1213 1041,1218 1073,1224 1105,1230 1137,1237 1169,1244 1201,1250 1233,1258 1265,1265 1297,1272 1329,1279 1361,1286 1393,1293 1425,1299 1457,1306 1489,1311 1521,1317 1553,1322"/>
                <TextEquiv>
                    <Unicode>Musrhürchte bilen, liag</Unicode>
                </TextEquiv>
            </TextLine>
            <TextLine id="r1l27" custom="readingOrder {index:26;}">
                <Coords points="2558,1312 2569,1310 2572,1306 2576,1307 2580,1302 2589,1301 2584,1268 2574,1270 2562,1264 2550,1266"/>
                <Baseline points="2564,1297 2578,1295"/>
                <TextEquiv>
                    <Unicode>2U</Unicode>
                </TextEquiv>
            </TextLine>
            <TextLine id="r1l28" custom="readingOrder {index:27;}">
                <Coords points="575,1299 647,1315 663,1306 703,1333 764,1312 891,1319 932,1348 987,1343 990,1252 926,1269 820,1249 609,1263 577,1246"/>
                <Baseline points="584,1300 610,1301 636,1302 662,1304 689,1305 715,1305 741,1306 767,1308 794,1308 820,1309 846,1310 872,1311 899,1313 925,1314 951,1316 978,1318"/>
                <TextEquiv>
                    <Unicode>r.1 OKT. 1911</Unicode>
                </TextEquiv>
            </TextLine>
            <TextLine id="r1l29" custom="readingOrder {index:28;}">
                <Coords points="2093,1314 2206,1335 2246,1305 2341,1344 2543,1353 2572,1334 2739,1351 2785,1330 2789,1263 2682,1283 2618,1256 2574,1293 2488,1253 2394,1270 2237,1238 2158,1266 2099,1225"/>
                <Baseline points="2104,1305 2137,1302 2171,1301 2204,1301 2238,1301 2272,1303 2305,1305 2339,1307 2372,1310 2406,1314 2440,1317 2473,1320 2507,1324 2540,1327 2574,1330 2608,1332 2641,1334 2675,1335 2708,1335 2742,1334 2776,1332"/>
                <TextEquiv>
                    <Unicode>(uellenangabssabne, fte Tüp) dio</Unicode>
                </TextEquiv>
            </TextLine>
            <TextLine id="r1l30" custom="readingOrder {index:29;}">
                <Coords points="410,1317 435,1321 451,1334 461,1328 467,1335 575,1338 578,1288 563,1287 527,1300 486,1285 466,1292 453,1281 439,1290 412,1284"/>
                <Baseline points="418,1327 447,1329 477,1332 506,1335 536,1336 566,1335"/>
                <TextEquiv>
                    <Unicode>vom:</Unicode>
                </TextEquiv>
            </TextLine>
            <TextLine id="r1l31" custom="readingOrder {index:30;}">
                <Coords points="554,1377 574,1376 581,1383 585,1381 589,1383 610,1376 620,1377 622,1332 607,1334 595,1331 589,1337 587,1334 576,1336 556,1333"/>
                <Baseline points="565,1350 611,1352"/>
                <TextEquiv>
                    <Unicode>NR</Unicode>
                </TextEquiv>
            </TextLine>
            <TextLine id="r1l32" custom="readingOrder {index:31;}">
                <Coords points="1857,1393 1909,1398 1938,1375 2042,1393 2060,1376 2089,1385 2143,1373 2179,1393 2258,1359 2258,1328 2227,1321 2177,1335 2144,1329 2121,1306 2022,1326 1955,1317 1922,1336 1893,1317 1856,1317"/>
                <Baseline points="1866,1367 1891,1368 1916,1369 1942,1369 1967,1369 1993,1369 2018,1369 2044,1369 2069,1368 2095,1367 2120,1367 2146,1367 2171,1367 2197,1366 2222,1367 2248,1367"/>
                <TextEquiv>
                    <Unicode>Ausschnitt aus:</Unicode>
                </TextEquiv>
            </TextLine>
            <TextLine id="r1l33" custom="readingOrder {index:32;}">
                <Coords points="2298,1390 2340,1405 2533,1402 2735,1439 2792,1410 2825,1415 2826,1388 2771,1351 2700,1341 2612,1354 2568,1341 2545,1356 2400,1332 2299,1356"/>
                <Baseline points="2308,1389 2333,1390 2358,1391 2384,1392 2409,1393 2435,1394 2460,1395 2485,1396 2511,1397 2536,1398 2562,1399 2587,1399 2612,1400 2638,1401 2663,1402 2689,1402 2714,1403 2739,1403 2765,1404 2790,1404 2816,1404"/>
                <TextEquiv>
                    <Unicode>musikalische Welt</Unicode>
                </TextEquiv>
            </TextLine>
            <TextLine id="r1l34" custom="readingOrder {index:33;}">
                <Coords points="2033,1466 2090,1481 2130,1463 2171,1480 2217,1464 2229,1470 2242,1456 2285,1471 2319,1456 2319,1392 2274,1414 2249,1391 2208,1399 2160,1386 2139,1399 2106,1382 2087,1394 2052,1385 2033,1393"/>
                <Baseline points="2043,1458 2069,1459 2096,1459 2123,1459 2149,1457 2176,1457 2203,1456 2229,1455 2256,1455 2283,1457 2310,1460"/>
                <TextEquiv>
                    <Unicode>ROKTAETT</Unicode>
                </TextEquiv>
            </TextLine>
            <TextLine id="r1l35" custom="readingOrder {index:34;}">
                <Coords points="2454,1485 2470,1482 2504,1496 2523,1480 2553,1486 2569,1475 2587,1476 2617,1486 2641,1471 2666,1472 2670,1422 2642,1430 2616,1418 2604,1422 2595,1411 2560,1418 2532,1403 2516,1412 2505,1405 2472,1424 2459,1423"/>
                <Baseline points="2466,1459 2493,1461 2520,1463 2547,1464 2575,1467 2602,1469 2629,1470 2657,1472"/>
                <TextEquiv>
                    <Unicode>Berlin</Unicode>
                </TextEquiv>
            </TextLine>
            <TextLine id="r1l36" custom="readingOrder {index:35;}">
                <Coords points="1851,1507 1904,1517 1946,1515 1958,1507 2016,1511 2016,1449 2004,1449 1983,1434 1964,1447 1948,1445 1925,1455 1913,1449 1892,1455 1852,1454"/>
                <Baseline points="1862,1483 1891,1484 1920,1484 1949,1484 1978,1484 2007,1484"/>
                <TextEquiv>
                    <Unicode>vom:</Unicode>
                </TextEquiv>
            </TextLine>
            <TextLine id="r1l37" custom="readingOrder {index:36;}">
                <Coords points="668,1503 720,1508 759,1489 830,1506 883,1480 921,1508 998,1517 1039,1497 1189,1504 1227,1478 1169,1444 1121,1447 1093,1421 1032,1439 911,1421 874,1447 743,1421 669,1435"/>
                <Baseline points="678,1480 704,1482 731,1484 758,1485 785,1486 812,1487 839,1488 866,1489 893,1490 920,1490 947,1491 973,1491 1000,1491 1027,1492 1054,1492 1081,1492 1108,1492 1135,1493 1162,1493 1189,1493 1216,1494"/>
                <TextEquiv>
                    <Unicode>Dom Theater.</Unicode>
                </TextEquiv>
            </TextLine>
            <TextLine id="r1l38" custom="readingOrder {index:37;}">
                <Coords points="541,1584 953,1598 1081,1569 1436,1602 1437,1528 542,1530"/>
                <Baseline points="551,1566 594,1568 638,1570 682,1572 726,1574 770,1575 813,1576 857,1577 901,1578 945,1578 989,1579 1032,1579 1076,1579 1120,1580 1164,1580 1208,1580 1251,1581 1295,1581 1339,1582 1383,1582 1427,1583"/>
                <TextEquiv>
                    <Unicode>Caruso ist auch so ein italienischer</Unicode>
                </TextEquiv>
            </TextLine>
            <TextLine id="r1l39" custom="readingOrder {index:38;}">
                <Coords points="2015,1602 2404,1617 2496,1594 2516,1613 2639,1619 2674,1603 2674,1549 2434,1548 2369,1571 2257,1540 2015,1565"/>
                <Baseline points="2024,1598 2056,1598 2088,1598 2120,1598 2152,1598 2184,1598 2216,1598 2248,1598 2280,1597 2312,1597 2344,1597 2376,1597 2408,1597 2440,1597 2472,1597 2504,1597 2536,1597 2568,1597 2600,1598 2632,1598 2664,1599"/>
                <TextEquiv>
                    <Unicode>Musikbrief aus Wien.</Unicode>
                </TextEquiv>
            </TextLine>
            <TextLine id="r1l40" custom="readingOrder {index:39;}">
                <Coords points="442,1623 1437,1639 1437,1601 1399,1591 748,1577 628,1602 442,1563"/>
                <Baseline points="451,1620 499,1621 548,1623 597,1624 646,1625 695,1626 743,1627 792,1627 841,1628 890,1629 939,1629 987,1630 1036,1630 1085,1631 1134,1631 1183,1632 1231,1632 1280,1632 1329,1632 1378,1633 1427,1633"/>
                <TextEquiv>
                    <Unicode>(Eroberer. Er geht nicht auf Tripolis los, sondern</Unicode>
                </TextEquiv>
            </TextLine>
            <TextLine id="r1l41" custom="readingOrder {index:40;}">
                <Coords points="1941,1672 3112,1661 3112,1621 2998,1594 1941,1614"/>
                <Baseline points="1951,1658 2008,1657 2066,1656 2123,1655 2181,1655 2239,1655 2296,1655 2354,1655 2411,1655 2469,1656 2527,1656 2584,1656 2642,1656 2699,1656 2757,1656 2815,1656 2872,1655 2930,1654 2987,1653 3045,1652 3103,1650"/>
                <TextEquiv>
                    <Unicode>„Schon sendet nach dem Säumigen der Gral“, so hiess es für</Unicode>
                </TextEquiv>
            </TextLine>
            <TextLine id="r1l42" custom="readingOrder {index:41;}">
                <Coords points="441,1710 524,1676 1365,1696 1442,1665 1443,1634 442,1625"/>
                <Baseline points="450,1675 499,1675 548,1675 597,1675 646,1676 695,1676 744,1676 794,1676 843,1677 892,1677 941,1678 990,1678 1039,1679 1088,1679 1138,1680 1187,1680 1236,1680 1285,1681 1334,1681 1383,1681 1433,1682"/>
                <TextEquiv>
                    <Unicode>sgleich auf Wien und hat hier auch einen siegreichen</Unicode>
                </TextEquiv>
            </TextLine>
            <TextLine id="r1l43" custom="readingOrder {index:42;}">
                <Coords points="1677,1679 1700,1679 1711,1691 1742,1681 1777,1692 1789,1682 1819,1696 1843,1681 1866,1681 1866,1658 1833,1665 1805,1646 1787,1649 1766,1637 1727,1645 1677,1644"/>
                <Baseline points="1687,1679 1715,1677 1743,1677 1771,1678 1799,1679 1827,1679 1856,1680"/>
                <TextEquiv>
                    <Unicode>Wien,</Unicode>
                </TextEquiv>
            </TextLine>
            <TextLine id="r1l44" custom="readingOrder {index:43;}">
                <Coords points="1932,1717 3022,1719 3099,1705 3099,1649 1932,1680"/>
                <Baseline points="1942,1706 1999,1706 2056,1706 2114,1705 2171,1705 2228,1705 2286,1705 2343,1705 2400,1705 2458,1705 2515,1705 2572,1705 2630,1704 2687,1704 2744,1704 2802,1703 2859,1702 2916,1701 2974,1701 3031,1699 3089,1698"/>
                <TextEquiv>
                    <Unicode>die Wiener kritischen Gralshüter diesmal schon Mitte Septem¬</Unicode>
                </TextEquiv>
            </TextLine>
            <TextLine id="r1l45" custom="readingOrder {index:44;}">
                <Coords points="1613,1727 1698,1744 1777,1742 1806,1732 1835,1744 1903,1729 1903,1688 1889,1684 1866,1698 1841,1690 1818,1696 1787,1682 1752,1696 1735,1686 1711,1690 1700,1678 1653,1690 1613,1667"/>
                <Baseline points="1623,1726 1650,1726 1677,1726 1704,1727 1731,1727 1758,1727 1785,1728 1812,1728 1839,1727 1866,1726 1893,1724"/>
                <TextEquiv>
                    <Unicode>26. September</Unicode>
                </TextEquiv>
            </TextLine>
            <TextLine id="r1l46" custom="readingOrder {index:45;}">
                <Coords points="435,1717 720,1748 792,1718 1434,1732 1434,1697 1380,1689 435,1690"/>
                <Baseline points="444,1724 495,1724 547,1725 598,1725 650,1725 701,1726 753,1726 804,1726 856,1726 907,1726 959,1727 1010,1727 1062,1727 1113,1728 1165,1728 1216,1729 1268,1729 1319,1730 1371,1731 1423,1732"/>
                <TextEquiv>
                    <Unicode>Feldzug geführt, der ihm eine enorme Kriegs¬</Unicode>
                </TextEquiv>
            </TextLine>
            <TextLine id="r1l47" custom="readingOrder {index:46;}">
                <Coords points="1924,1750 3041,1763 3109,1742 3109,1693 2707,1730 1924,1714"/>
                <Baseline points="1935,1755 1993,1755 2051,1755 2109,1755 2167,1755 2226,1756 2284,1756 2342,1756 2400,1756 2458,1756 2517,1756 2575,1756 2633,1755 2691,1755 2749,1755 2808,1754 2866,1753 2924,1752 2982,1751 3040,1750 3099,1748"/>
                <TextEquiv>
                    <Unicode>ber, während sonst die ersten Ereignisse auf dem Gebiete der</Unicode>
                </TextEquiv>
            </TextLine>
            <TextLine id="r1l48" custom="readingOrder {index:47;}">
                <Coords points="445,1769 768,1797 1437,1778 1437,1747 1199,1731 446,1736"/>
                <Baseline points="455,1772 503,1773 552,1773 600,1774 649,1774 698,1774 746,1774 795,1775 843,1775 892,1775 941,1775 989,1775 1038,1775 1086,1776 1135,1776 1184,1777 1232,1778 1281,1779 1329,1781 1378,1783 1427,1785"/>
                <TextEquiv>
                    <Unicode>entschädigung gebracht hat (15000 Kronen pro</Unicode>
                </TextEquiv>
            </TextLine>
            <TextLine id="r1l49" custom="readingOrder {index:48;}">
                <Coords points="1595,1817 3103,1816 3118,1764 1595,1778"/>
                <Baseline points="1605,1807 1680,1807 1755,1807 1830,1806 1905,1806 1980,1806 2055,1805 2131,1805 2206,1805 2281,1804 2356,1804 2431,1803 2506,1803 2581,1802 2657,1802 2732,1801 2807,1801 2882,1800 2957,1800 3032,1799 3108,1799"/>
                <TextEquiv>
                    <Unicode>Oper Anfang Oktober fielen. Der Referent der „Signale“ jedoch findet vielleicht</Unicode>
                </TextEquiv>
            </TextLine>
            <TextLine id="r1l50" custom="readingOrder {index:49;}">
                <Coords points="441,1827 1433,1831 1395,1794 1236,1781 442,1782"/>
                <Baseline points="452,1819 500,1820 549,1821 597,1822 646,1823 694,1823 743,1824 791,1825 840,1825 888,1826 937,1826 986,1827 1034,1827 1083,1828 1131,1828 1180,1828 1228,1828 1277,1829 1325,1829 1374,1829 1423,1829"/>
                <TextEquiv>
                    <Unicode>Abend). Leider schloß sich an das Caruso¬</Unicode>
                </TextEquiv>
            </TextLine>
            <TextLine id="r1l51" custom="readingOrder {index:50;}">
                <Coords points="1598,1854 3117,1865 3117,1815 2989,1804 1598,1821"/>
                <Baseline points="1607,1857 1682,1856 1757,1855 1832,1855 1907,1854 1982,1854 2057,1854 2132,1853 2207,1853 2282,1853 2357,1853 2432,1853 2507,1853 2582,1853 2657,1852 2732,1852 2807,1851 2882,1851 2957,1850 3032,1849 3107,1848"/>
                <TextEquiv>
                    <Unicode>um einer Auslandsreise willen Verzeihung für sein verspätetes Einrücken und</Unicode>
                </TextEquiv>
            </TextLine>
            <TextLine id="r1l52" custom="readingOrder {index:51;}">
                <Coords points="435,1867 1181,1892 1440,1861 1345,1834 435,1820"/>
                <Baseline points="445,1868 494,1869 543,1870 592,1871 641,1872 691,1872 740,1873 789,1873 838,1874 887,1874 937,1874 986,1875 1035,1875 1084,1875 1133,1875 1183,1876 1232,1876 1281,1876 1330,1877 1379,1877 1429,1878"/>
                <TextEquiv>
                    <Unicode>Gastspiel auch eine Pantomime der „Schleier der</Unicode>
                </TextEquiv>
            </TextLine>
            <TextLine id="r1l53" custom="readingOrder {index:52;}">
                <Coords points="1597,1905 3114,1905 3036,1855 1597,1866"/>
                <Baseline points="1607,1907 1681,1907 1756,1907 1831,1907 1906,1907 1981,1906 2056,1906 2130,1906 2205,1906 2280,1905 2355,1905 2430,1904 2505,1904 2580,1903 2654,1903 2729,1902 2804,1901 2879,1900 2954,1900 3029,1898 3104,1897"/>
                <TextEquiv>
                    <Unicode>dessen Folge, dass er von den bisherigen Vorgängen nur nach Berichten ver¬</Unicode>
                </TextEquiv>
            </TextLine>
            <TextLine id="r1l54" custom="readingOrder {index:53;}">
                <Coords points="444,1911 720,1936 864,1905 931,1940 1148,1912 1310,1943 1437,1925 1438,1881 765,1900 445,1874"/>
                <Baseline points="453,1918 501,1918 550,1918 599,1918 647,1918 696,1919 745,1920 793,1920 842,1921 891,1922 940,1923 988,1924 1037,1924 1086,1925 1134,1926 1183,1927 1232,1927 1280,1927 1329,1927 1378,1927 1427,1927"/>
                <TextEquiv>
                    <Unicode>Pierrette“, in welcher sich der geistvolle</Unicode>
                </TextEquiv>
            </TextLine>
            <TextLine id="r1l55" custom="readingOrder {index:54;}">
                <Coords points="1597,1966 2448,1968 2583,1951 2583,1920 1597,1922"/>
                <Baseline points="1606,1951 1654,1951 1702,1951 1751,1951 1799,1951 1848,1951 1896,1952 1944,1952 1993,1952 2041,1953 2090,1953 2138,1953 2186,1953 2235,1953 2283,1953 2332,1953 2380,1952 2428,1951 2477,1950 2525,1949 2574,1948"/>
                <TextEquiv>
                    <Unicode>lässlicher Fachleute und Liebhaber erzählen kann.</Unicode>
                </TextEquiv>
            </TextLine>
            <TextLine id="r1l56" custom="readingOrder {index:55;}">
                <Coords points="448,1968 1428,1976 1334,1931 624,1921 591,1946 449,1920"/>
                <Baseline points="457,1967 505,1968 553,1969 601,1969 649,1970 697,1970 745,1970 793,1971 841,1971 889,1971 938,1972 986,1972 1034,1972 1082,1972 1130,1972 1178,1972 1226,1973 1274,1973 1322,1973 1370,1974 1419,1974"/>
                <TextEquiv>
                    <Unicode>Arthur Schnitzler schrecklich vergriffen hat. Dem</Unicode>
                </TextEquiv>
            </TextLine>
            <TextLine id="r1l57" custom="readingOrder {index:56;}">
                <Coords points="1717,2025 3017,2017 3118,2009 3118,1934 3007,1974 1717,1975"/>
                <Baseline points="1726,2002 1795,2002 1864,2002 1933,2003 2002,2003 2071,2004 2140,2004 2209,2004 2278,2005 2347,2005 2416,2005 2485,2005 2554,2005 2623,2005 2692,2005 2761,2004 2830,2004 2899,2003 2968,2002 3037,2001 3107,1999"/>
                <TextEquiv>
                    <Unicode>Die Hofoper öffnete ihre Pforten wie immer am 18. August, brachte aber</Unicode>
                </TextEquiv>
            </TextLine>
            <TextLine id="r1l58" custom="readingOrder {index:57;}">
                <Coords points="447,2020 1421,2035 1421,1992 1377,1980 447,1975"/>
                <Baseline points="457,2015 504,2016 552,2016 600,2017 647,2017 695,2018 743,2018 790,2019 838,2020 886,2020 934,2021 981,2021 1029,2022 1077,2022 1124,2023 1172,2023 1220,2023 1267,2023 1315,2023 1363,2023 1411,2023"/>
                <TextEquiv>
                    <Unicode>verfehlten Stück konme=Dohnanyis Musik,nicht</Unicode>
                </TextEquiv>
            </TextLine>
            <TextLine id="r1l59" custom="readingOrder {index:58;}">
                <Coords points="1598,2049 3140,2064 3140,2016 3072,2004 1598,2016"/>
                <Baseline points="1608,2049 1684,2051 1760,2051 1836,2052 1912,2052 1988,2052 2064,2052 2140,2051 2216,2051 2292,2050 2369,2049 2445,2048 2521,2048 2597,2047 2673,2046 2749,2046 2825,2045 2901,2045 2977,2045 3053,2045 3130,2046"/>
                <TextEquiv>
                    <Unicode>schon am 14. September als Novität W. Kleefeld’s Einrichtung von Donizetti's.</Unicode>
                </TextEquiv>
            </TextLine>
            <TextLine id="r1l60" custom="readingOrder {index:59;}">
                <Coords points="439,2062 1099,2098 1443,2087 1444,2043 628,2022 568,2048 439,2022"/>
                <Baseline points="448,2062 497,2064 546,2065 595,2066 645,2067 694,2068 743,2069 793,2070 842,2071 891,2072 941,2072 990,2072 1039,2073 1088,2073 1138,2073 1187,2073 1236,2073 1286,2073 1335,2072 1384,2072 1434,2071"/>
                <TextEquiv>
                    <Unicode>mehr aufhelfen, auch wenn sie besser und charaf¬</Unicode>
                </TextEquiv>
            </TextLine>
            <TextLine id="r1l61" custom="readingOrder {index:60;}">
                <Coords points="435,2129 607,2153 692,2140 714,2155 733,2142 922,2154 922,2098 866,2067 832,2088 749,2076 636,2087 436,2060"/>
                <Baseline points="446,2111 471,2114 497,2115 523,2117 549,2119 575,2119 601,2120 627,2120 653,2120 679,2120 705,2120 731,2120 757,2119 783,2119 809,2118 835,2117 861,2117 887,2116 913,2116"/>
                <TextEquiv>
                    <Unicode>teristischer gewesen wäre.</Unicode>
                </TextEquiv>
            </TextLine>
            <TextLine id="r1l62" custom="readingOrder {index:61;}">
                <Coords points="1627,2170 3152,2172 3098,2101 1628,2114"/>
                <Baseline points="1638,2145 1713,2148 1788,2149 1863,2151 1939,2152 2014,2152 2089,2152 2164,2153 2240,2153 2315,2152 2390,2152 2465,2152 2541,2152 2616,2152 2691,2152 2766,2152 2842,2153 2917,2154 2992,2155 3067,2157 3143,2159"/>
                <TextEquiv>
                    <Unicode>„Don Pasquale“ heraus. Das Lever de rideau zu dieser reizenden Buffooper bildete</Unicode>
                </TextEquiv>
            </TextLine>
            <TextLine id="r1l63" custom="readingOrder {index:62;}">
                <Coords points="1636,2202 2863,2226 3126,2210 3146,2167 1636,2163"/>
                <Baseline points="1646,2196 1720,2196 1795,2196 1869,2196 1944,2197 2018,2197 2093,2198 2167,2198 2242,2199 2316,2200 2391,2200 2465,2201 2540,2202 2614,2202 2689,2203 2763,2203 2838,2203 2912,2204 2987,2204 3061,2203 3136,2203"/>
                <TextEquiv>
                    <Unicode>der Konflikt Direktor Gregor’s mit Fräulein Forst, der mit Entlassung der letzteren</Unicode>
                </TextEquiv>
            </TextLine>
            <TextLine id="r1l64" custom="readingOrder {index:63;}">
                <Coords points="1622,2246 3156,2269 3131,2205 1622,2213"/>
                <Baseline points="1632,2245 1707,2246 1783,2247 1859,2248 1934,2249 2010,2250 2086,2250 2161,2251 2237,2252 2313,2252 2389,2253 2464,2253 2540,2253 2616,2253 2691,2253 2767,2254 2843,2254 2918,2253 2994,2253 3070,2253 3146,2253"/>
                <TextEquiv>
                    <Unicode>endete. Sicherem Vernehmen nach sind beide Parteien einige Schwebungen</Unicode>
                </TextEquiv>
            </TextLine>
            <TextLine id="r1l65" custom="readingOrder {index:64;}">
                <Coords points="1631,2300 3148,2302 3021,2259 1631,2267"/>
                <Baseline points="1640,2297 1718,2298 1797,2298 1876,2298 1955,2299 2034,2299 2113,2300 2192,2300 2271,2300 2350,2301 2428,2301 2507,2301 2586,2301 2665,2301 2744,2301 2823,2301 2902,2301 2981,2301 3060,2301 3139,2301"/>
                <TextEquiv>
                    <Unicode>unter dem guten Ton geblieben. Wenn auch Primadonnenübermut und Direk¬</Unicode>
                </TextEquiv>
            </TextLine>
            <TextLine id="r1l66" custom="readingOrder {index:65;}">
                <Coords points="1617,2353 3132,2367 3146,2297 1617,2312"/>
                <Baseline points="1627,2345 1702,2345 1777,2345 1853,2345 1928,2346 2004,2346 2079,2347 2154,2347 2230,2348 2305,2349 2381,2349 2456,2350 2531,2350 2607,2350 2682,2351 2758,2351 2833,2351 2908,2351 2984,2352 3059,2351 3135,2351"/>
                <TextEquiv>
                    <Unicode>torengrobheit kaum aussterben werden, solange es Operntheater gibt, ist doch</Unicode>
                </TextEquiv>
            </TextLine>
            <TextLine id="r1l67" custom="readingOrder {index:66;}">
                <Coords points="1625,2391 3146,2407 3080,2353 1625,2357"/>
                <Baseline points="1635,2395 1710,2395 1785,2395 1860,2395 1935,2396 2010,2396 2085,2396 2160,2397 2235,2397 2310,2397 2386,2398 2461,2398 2536,2399 2611,2399 2686,2399 2761,2399 2836,2400 2911,2400 2986,2400 3061,2400 3137,2400"/>
                <TextEquiv>
                    <Unicode>der Verlust einer so tüchtigen Künstlerin nicht erfreulich. Es entbehrte nicht</Unicode>
                </TextEquiv>
            </TextLine>
            <TextLine id="r1l68" custom="readingOrder {index:67;}">
                <Coords points="1627,2447 3150,2472 3150,2405 1628,2401"/>
                <Baseline points="1637,2444 1712,2445 1787,2445 1862,2445 1937,2445 2012,2446 2087,2446 2163,2447 2238,2447 2313,2448 2388,2448 2463,2449 2538,2449 2613,2449 2689,2450 2764,2450 2839,2450 2914,2449 2989,2449 3064,2449 3140,2448"/>
                <TextEquiv>
                    <Unicode>einer gewissen Pikanterie, dass als Retterin in der Not Fräulein Francillo-Kauf¬</Unicode>
                </TextEquiv>
            </TextLine>
            <TextLine id="r1l69" custom="readingOrder {index:68;}">
                <Coords points="1625,2509 3155,2540 3156,2474 1625,2465"/>
                <Baseline points="1634,2493 1709,2494 1785,2495 1860,2495 1936,2496 2011,2496 2087,2497 2162,2497 2238,2498 2313,2498 2389,2499 2465,2499 2540,2500 2616,2500 2691,2501 2767,2501 2842,2501 2918,2502 2993,2502 3069,2503 3145,2503"/>
                <TextEquiv>
                    <Unicode>mann erschien, die Direktor Gregor gleichfalls etwas zu leichten Herzens hatte</Unicode>
                </TextEquiv>
            </TextLine>
            <TextLine id="r1l70" custom="readingOrder {index:69;}">
                <Coords points="1625,2546 1704,2549 1713,2559 1731,2549 1750,2559 1772,2541 1824,2559 1866,2548 1897,2554 1911,2542 1932,2548 1932,2517 1909,2525 1880,2509 1843,2515 1824,2499 1785,2497 1764,2514 1662,2500 1625,2516"/>
                <Baseline points="1634,2539 1660,2539 1686,2539 1712,2539 1739,2539 1765,2539 1791,2539 1817,2539 1844,2539 1870,2540 1896,2540 1923,2542"/>
                <TextEquiv>
                    <Unicode>ziehen lassen.</Unicode>
                </TextEquiv>
            </TextLine>
            <TextLine id="r1l71" custom="readingOrder {index:70;}">
                <Coords points="1751,2599 3150,2598 3056,2525 2540,2574 1751,2545"/>
                <Baseline points="1761,2589 1830,2590 1899,2592 1968,2593 2037,2594 2106,2595 2175,2596 2244,2596 2313,2597 2382,2597 2451,2598 2520,2598 2589,2598 2658,2598 2727,2598 2796,2599 2865,2599 2934,2600 3003,2600 3072,2601 3141,2602"/>
                <TextEquiv>
                    <Unicode>Der „Don Pasquale“ scheint durch den gewaltsamen Humor der Regie</Unicode>
                </TextEquiv>
            </TextLine>
            <TextLine id="r1l72" custom="readingOrder {index:71;}">
                <Coords points="1625,2645 3148,2663 3125,2601 1625,2608"/>
                <Baseline points="1635,2638 1710,2639 1785,2640 1860,2640 1935,2641 2011,2641 2086,2641 2161,2640 2236,2640 2311,2640 2387,2640 2462,2639 2537,2639 2612,2639 2687,2639 2763,2639 2838,2640 2913,2640 2988,2641 3063,2642 3139,2644"/>
                <TextEquiv>
                    <Unicode>nicht gewonnen zu haben. Italienische Buffoopern in deutscher Sprache lassen</Unicode>
                </TextEquiv>
            </TextLine>
            <TextLine id="r1l73" custom="readingOrder {index:72;}">
                <Coords points="1623,2687 3149,2696 3149,2660 2844,2643 1623,2650"/>
                <Baseline points="1632,2687 1707,2688 1782,2689 1858,2690 1933,2690 2008,2691 2084,2691 2159,2691 2234,2691 2310,2691 2385,2691 2460,2691 2536,2691 2611,2691 2686,2692 2762,2692 2837,2692 2912,2693 2988,2694 3063,2695 3139,2697"/>
                <TextEquiv>
                    <Unicode>sich nur vom musikalischen Teil aus wirksam inszenieren, wie man das an</Unicode>
                </TextEquiv>
            </TextLine>
            <TextLine id="r1l74" custom="readingOrder {index:73;}">
                <Coords points="1623,2753 3144,2736 3067,2693 1623,2716"/>
                <Baseline points="1632,2736 1707,2737 1782,2738 1857,2739 1932,2740 2007,2740 2082,2740 2158,2740 2233,2741 2308,2741 2383,2741 2458,2741 2533,2741 2608,2741 2684,2741 2759,2741 2834,2741 2909,2741 2984,2742 3059,2742 3135,2743"/>
                <TextEquiv>
                    <Unicode>Mahler’s unvergesslichen Leistungen (Cosi fan tutte, Falstaff) erlebt hat. All¬</Unicode>
                </TextEquiv>
            </TextLine>
            <TextLine id="r1l75" custom="readingOrder {index:74;}">
                <Coords points="1624,2806 3077,2815 3135,2796 3135,2739 1624,2756"/>
                <Baseline points="1633,2787 1707,2788 1782,2788 1856,2788 1931,2789 2006,2789 2080,2789 2155,2789 2230,2789 2304,2789 2379,2790 2454,2790 2528,2790 2603,2790 2678,2791 2752,2791 2827,2792 2902,2793 2976,2794 3051,2795 3126,2796"/>
                <TextEquiv>
                    <Unicode>gemein scheint der Gesindechor in der jetzigen Einstudierung des Pasquale ge¬</Unicode>
                </TextEquiv>
            </TextLine>
            <TextLine id="r1l76" custom="readingOrder {index:75;}">
                <Coords points="1626,2847 3141,2862 3122,2800 1626,2806"/>
                <Baseline points="1636,2837 1710,2838 1785,2838 1860,2838 1935,2839 2009,2839 2084,2839 2159,2840 2234,2840 2308,2840 2383,2840 2458,2840 2533,2841 2607,2841 2682,2841 2757,2841 2832,2842 2906,2842 2981,2843 3056,2843 3131,2844"/>
                <TextEquiv>
                    <Unicode>fallen zu haben. Herrn Mantler (Pasquale) leuchtet die Gunst des Publikums</Unicode>
                </TextEquiv>
            </TextLine>
            <TextLine id="r1l77" custom="readingOrder {index:76;}">
                <Coords points="1620,2919 1833,2888 2584,2912 2785,2898 2818,2853 1620,2857"/>
                <Baseline points="1630,2883 1688,2884 1747,2884 1806,2885 1865,2886 1924,2887 1983,2887 2042,2888 2101,2888 2160,2889 2219,2889 2277,2890 2336,2890 2395,2890 2454,2891 2513,2891 2572,2891 2631,2891 2690,2890 2749,2890 2808,2890"/>
                <TextEquiv>
                    <Unicode>jetzt mehr als bei seinem ersten Engagement an der Hofoper.</Unicode>
                </TextEquiv>
            </TextLine>
            <TextLine id="r1l78" custom="readingOrder {index:77;}">
                <Coords points="1745,2948 3067,2962 3132,2902 1745,2905"/>
                <Baseline points="1754,2933 1822,2935 1890,2936 1959,2938 2027,2939 2096,2940 2164,2940 2232,2941 2301,2941 2369,2941 2438,2942 2506,2942 2574,2942 2643,2942 2711,2941 2780,2941 2848,2941 2916,2942 2985,2942 3053,2942 3122,2943"/>
                <TextEquiv>
                    <Unicode>Ausser einem Ballet „Nippes“ (Text von Pantasi, Musik von Josef Bayer),</Unicode>
                </TextEquiv>
            </TextLine>
            <TextLine id="r1l79" custom="readingOrder {index:78;}">
                <Coords points="1620,2989 3112,3010 3138,2939 1905,2959 1621,2919"/>
                <Baseline points="1631,2982 1705,2983 1780,2984 1855,2985 1930,2986 2005,2986 2079,2987 2154,2988 2229,2988 2304,2989 2379,2989 2453,2990 2528,2990 2603,2990 2678,2990 2753,2990 2827,2990 2902,2989 2977,2989 3052,2988 3127,2988"/>
                <TextEquiv>
                    <Unicode>das von einer aristokratischen Wohltätigkeitsvorstellung mühelos den Weg auf die</Unicode>
                </TextEquiv>
            </TextLine>
            <TextLine id="r1l80" custom="readingOrder {index:79;}">
                <Coords points="1620,3028 3141,3058 3128,3000 1620,2993"/>
                <Baseline points="1630,3031 1705,3031 1780,3031 1855,3032 1930,3032 2005,3033 2080,3034 2155,3034 2230,3035 2305,3036 2380,3037 2455,3038 2530,3038 2605,3039 2680,3040 2755,3040 2830,3040 2905,3041 2980,3041 3055,3041 3131,3040"/>
                <TextEquiv>
                    <Unicode>Hofbühne fand, gab es eine neue Pantomime mit zwei berühmten Autorennamen:</Unicode>
                </TextEquiv>
            </TextLine>
            <TextLine id="r1l81" custom="readingOrder {index:80;}">
                <Coords points="1634,3090 3132,3101 3146,3056 1634,3036"/>
                <Baseline points="1644,3079 1718,3080 1793,3081 1867,3082 1942,3083 2016,3084 2091,3084 2165,3085 2240,3086 2314,3086 2389,3087 2464,3087 2538,3087 2613,3088 2687,3088 2762,3088 2836,3087 2911,3087 2985,3086 3060,3086 3135,3085"/>
                <TextEquiv>
                    <Unicode>Text von Arthur Schnitzler.-Musik von Ernst von Dohnänyi, die aber auch diese</Unicode>
                </TextEquiv>
            </TextLine>
            <TextLine id="r1l82" custom="readingOrder {index:81;}">
                <Coords points="1620,3134 3031,3155 3129,3147 3130,3099 1620,3103"/>
                <Baseline points="1629,3132 1703,3132 1778,3132 1852,3132 1927,3132 2001,3132 2076,3133 2150,3133 2225,3133 2299,3133 2374,3133 2449,3133 2523,3133 2598,3133 2672,3134 2747,3134 2821,3134 2896,3134 2970,3135 3045,3135 3120,3136"/>
                <TextEquiv>
                    <Unicode>Namen nicht vor einem Misserfolg retten konnten. „Der Schleier der Pierette“</Unicode>
                </TextEquiv>
            </TextLine>
            <TextLine id="r1l83" custom="readingOrder {index:82;}">
                <Coords points="1620,3182 3096,3201 3147,3147 1620,3153"/>
                <Baseline points="1629,3182 1704,3181 1779,3181 1855,3181 1930,3181 2005,3181 2081,3181 2156,3181 2231,3182 2307,3182 2382,3182 2457,3182 2533,3183 2608,3183 2683,3183 2759,3184 2834,3184 2909,3184 2985,3184 3060,3185 3136,3185"/>
                <TextEquiv>
                    <Unicode>enthält eine Szene von unerhörter Grausigkeil: der Gatte zwingt Pierette nach</Unicode>
                </TextEquiv>
            </TextLine>
            <TextLine id="r1l84" custom="readingOrder {index:83;}">
                <Coords points="1623,3239 3130,3252 3130,3204 3024,3186 1623,3183"/>
                <Baseline points="1633,3230 1707,3230 1781,3231 1856,3231 1930,3232 2005,3232 2079,3232 2153,3232 2228,3232 2302,3232 2377,3232 2451,3232 2525,3232 2600,3232 2674,3232 2749,3233 2823,3233 2897,3233 2972,3234 3046,3235 3121,3236"/>
                <TextEquiv>
                    <Unicode>dem Selbstmord ihres Geliebten mit der Leiche zu tafeln. Von der Murik hörte</Unicode>
                </TextEquiv>
            </TextLine>
            <TextLine id="r1l85" custom="readingOrder {index:84;}">
                <Coords points="1625,3290 3136,3287 3094,3239 1625,3240"/>
                <Baseline points="1634,3277 1708,3278 1783,3279 1857,3279 1932,3280 2007,3280 2081,3280 2156,3279 2231,3279 2305,3279 2380,3278 2455,3278 2529,3278 2604,3278 2679,3278 2753,3278 2828,3279 2903,3280 2977,3282 3052,3283 3127,3286"/>
                <TextEquiv>
                    <Unicode>man vielfach bedauernd sagen, ein so ausgezeichneter Künstler wie Dohnányi hätte</Unicode>
                </TextEquiv>
            </TextLine>
            <TextLine id="r1l86" custom="readingOrder {index:85;}">
                <Coords points="1625,3338 3115,3345 3132,3293 1625,3304"/>
                <Baseline points="1634,3326 1708,3327 1782,3327 1857,3328 1931,3328 2006,3328 2080,3329 2155,3329 2229,3329 2304,3329 2378,3330 2452,3330 2527,3330 2601,3330 2676,3331 2750,3331 2825,3331 2899,3332 2974,3332 3048,3333 3123,3334"/>
                <TextEquiv>
                    <Unicode>ein Werk mit derartig handgreiflichen Reminiszenzen an Wagner und Richard</Unicode>
                </TextEquiv>
            </TextLine>
            <TextLine id="r1l87" custom="readingOrder {index:86;}">
                <Coords points="1613,3371 3138,3382 3063,3336 1613,3337"/>
                <Baseline points="1623,3378 1698,3379 1773,3379 1848,3379 1924,3380 1999,3380 2074,3380 2149,3380 2225,3379 2300,3379 2375,3379 2450,3379 2526,3379 2601,3379 2676,3379 2751,3379 2827,3379 2902,3380 2977,3380 3052,3381 3128,3382"/>
                <TextEquiv>
                    <Unicode>Strauss im Pult behalten sollen. Zu allem Unglück hatte man noch die Panto¬</Unicode>
                </TextEquiv>
            </TextLine>
            <TextLine id="r1l88" custom="readingOrder {index:87;}">
                <Coords points="1623,3436 2568,3436 2568,3411 2492,3390 1623,3390"/>
                <Baseline points="1633,3422 1679,3422 1725,3423 1771,3424 1818,3424 1864,3425 1910,3425 1956,3425 2003,3426 2049,3426 2095,3426 2141,3426 2188,3426 2234,3426 2280,3426 2326,3426 2373,3426 2419,3425 2465,3425 2511,3424 2558,3424"/>
                <TextEquiv>
                    <Unicode>mime vor dem Bajazzo (mit Caruso) angesetzt.</Unicode>
                </TextEquiv>
            </TextLine>
            <TextLine id="r1l89" custom="readingOrder {index:88;}">
                <Coords points="1740,3474 3137,3487 2975,3424 1740,3440"/>
                <Baseline points="1750,3469 1818,3471 1887,3473 1956,3475 2025,3475 2094,3477 2163,3477 2232,3478 2301,3478 2370,3478 2439,3478 2507,3478 2576,3477 2645,3477 2714,3477 2783,3477 2852,3477 2921,3477 2990,3477 3059,3477 3128,3477"/>
                <TextEquiv>
                    <Unicode>Der Kammersänger Caruso, von dem jeder Ton diesmal fünfzehn Kronen</Unicode>
                </TextEquiv>
            </TextLine>
            <TextLine id="r1l90" custom="readingOrder {index:89;}">
                <Coords points="1624,3535 3127,3543 3100,3483 1624,3483"/>
                <Baseline points="1634,3521 1708,3523 1782,3524 1856,3525 1930,3526 2005,3526 2079,3526 2153,3526 2227,3525 2301,3525 2376,3524 2450,3524 2524,3523 2598,3523 2672,3523 2747,3523 2821,3523 2895,3524 2969,3525 3043,3527 3118,3529"/>
                <TextEquiv>
                    <Unicode>kostete — ein fanatischer Statistiker hats ausgerechnet — sang noch den Herzog</Unicode>
                </TextEquiv>
            </TextLine>
            <TextLine id="r1l91" custom="readingOrder {index:90;}">
                <Coords points="1623,3574 2896,3574 2848,3530 1623,3535"/>
                <Baseline points="1633,3570 1695,3571 1758,3572 1820,3573 1883,3574 1946,3574 2008,3574 2071,3574 2134,3574 2196,3574 2259,3573 2322,3573 2384,3572 2447,3572 2510,3572 2572,3572 2635,3571 2698,3571 2760,3572 2823,3572 2886,3573"/>
                <TextEquiv>
                    <Unicode>von Mantua und Don José mit seinem gewohnten Sensationserfolg.</Unicode>
                </TextEquiv>
            </TextLine>
            <TextLine id="r1l92" custom="readingOrder {index:91;}">
                <Coords points="1733,3627 3130,3635 3130,3600 2996,3571 1733,3590"/>
                <Baseline points="1743,3622 1811,3623 1880,3623 1949,3623 2018,3623 2087,3624 2156,3624 2224,3625 2293,3625 2362,3625 2431,3626 2500,3626 2569,3626 2638,3626 2706,3626 2775,3626 2844,3626 2913,3625 2982,3625 3051,3624 3120,3623"/>
                <TextEquiv>
                    <Unicode>In der Volksoper debutierte Frau Minna Leffer, die Gattin des Ausstattungs¬</Unicode>
                </TextEquiv>
            </TextLine>
            <TextLine id="r1l93" custom="readingOrder {index:92;}">
                <Coords points="1622,3687 3027,3691 3137,3680 3137,3637 1622,3645"/>
                <Baseline points="1631,3672 1705,3672 1780,3672 1855,3672 1930,3673 2005,3673 2080,3673 2154,3673 2229,3674 2304,3674 2379,3674 2454,3674 2529,3675 2604,3675 2678,3675 2753,3675 2828,3675 2903,3675 2978,3675 3053,3675 3128,3675"/>
                <TextEquiv>
                    <Unicode>chefs der Hlofopeer und Professors der Kunstakademie, unter günstigen Auspizien</Unicode>
                </TextEquiv>
            </TextLine>
            <TextLine id="r1l94" custom="readingOrder {index:93;}">
                <Coords points="1620,3731 1645,3737 1689,3726 1706,3744 1732,3725 1797,3738 1823,3727 1846,3741 1880,3733 1881,3699 1854,3702 1829,3682 1787,3682 1771,3691 1756,3683 1744,3691 1723,3679 1690,3688 1667,3678 1643,3691 1620,3689"/>
                <Baseline points="1630,3717 1656,3718 1683,3718 1710,3719 1737,3719 1763,3719 1790,3719 1817,3720 1844,3721 1871,3722"/>
                <TextEquiv>
                    <Unicode>als Pamina.</Unicode>
                </TextEquiv>
            </TextLine>
            <TextLine id="r1l95" custom="readingOrder {index:94;}">
                <Coords points="1734,3772 2986,3793 3129,3766 3129,3714 1734,3733"/>
                <Baseline points="1743,3771 1811,3772 1880,3773 1949,3773 2018,3774 2087,3774 2155,3775 2224,3775 2293,3775 2362,3775 2431,3775 2499,3774 2568,3774 2637,3774 2706,3774 2775,3773 2843,3773 2912,3773 2981,3773 3050,3773 3119,3772"/>
                <TextEquiv>
                    <Unicode>Von der Konzertsaison gibt es vorerst nur Versprechungen. Auch ein</Unicode>
                </TextEquiv>
            </TextLine>
            <TextLine id="r1l96" custom="readingOrder {index:95;}">
                <Coords points="1612,3827 3102,3836 3121,3780 1612,3789"/>
                <Baseline points="1622,3821 1696,3820 1771,3819 1845,3818 1920,3818 1994,3818 2069,3817 2143,3817 2218,3817 2292,3817 2367,3817 2441,3818 2516,3818 2590,3818 2665,3818 2739,3818 2814,3818 2888,3818 2963,3818 3037,3818 3112,3818"/>
                <TextEquiv>
                    <Unicode>neues Wiener Konzertorchester kündigt sich an, der Name des Dirigenten Ferdi¬</Unicode>
                </TextEquiv>
            </TextLine>
            <TextLine id="r1l97" custom="readingOrder {index:96;}">
                <Coords points="1615,3872 3130,3877 3130,3827 1615,3829"/>
                <Baseline points="1625,3865 1699,3866 1774,3867 1849,3868 1924,3869 1998,3869 2073,3870 2148,3870 2223,3870 2297,3870 2372,3870 2447,3870 2522,3869 2596,3869 2671,3869 2746,3868 2821,3868 2895,3867 2970,3867 3045,3866 3120,3866"/>
                <TextEquiv>
                    <Unicode>nand Hellmesberger (ein Sprössling der allbekannten Wiener Musikerfamilic) ist ein</Unicode>
                </TextEquiv>
            </TextLine>
            <TextLine id="r1l98" custom="readingOrder {index:97;}">
                <Coords points="1621,3924 3136,3916 3055,3876 1621,3878"/>
                <Baseline points="1630,3922 1704,3922 1779,3923 1854,3923 1929,3922 2004,3922 2078,3922 2153,3921 2228,3921 2303,3920 2378,3920 2452,3919 2527,3919 2602,3918 2677,3917 2752,3917 2826,3917 2901,3917 2976,3916 3051,3916 3126,3917"/>
                <TextEquiv>
                    <Unicode>gutes Omen. Bebaut soll hauptsächlich der überaus fruchtbare Boden der Po¬</Unicode>
                </TextEquiv>
            </TextLine>
            <TextLine id="r1l99" custom="readingOrder {index:98;}">
                <Coords points="2640,3978 2690,3988 2710,3969 2800,3984 2860,3971 2897,3986 2944,3971 3005,3983 3102,3969 3102,3933 3069,3940 3046,3923 2951,3938 2886,3923 2777,3936 2735,3922 2640,3928"/>
                <Baseline points="2649,3963 2675,3963 2701,3964 2727,3964 2753,3964 2779,3965 2805,3965 2831,3965 2857,3966 2884,3966 2910,3966 2936,3966 2962,3966 2988,3965 3014,3965 3040,3964 3066,3964 3093,3962"/>
                <TextEquiv>
                    <Unicode>Dr. Josef Schneider.</Unicode>
                </TextEquiv>
            </TextLine>
            <TextLine id="r1l100" custom="readingOrder {index:99;}">
                <Coords points="1614,3978 2289,3972 2288,3929 2113,3947 2083,3924 1886,3943 1852,3925 1815,3943 1614,3917"/>
                <Baseline points="1623,3968 1655,3968 1688,3969 1721,3969 1754,3969 1787,3969 1819,3970 1852,3970 1885,3970 1918,3970 1951,3970 1983,3970 2016,3970 2049,3970 2082,3969 2114,3969 2147,3968 2180,3967 2213,3967 2246,3965 2279,3964"/>
                <TextEquiv>
                    <Unicode>bularisierung guter Musik werden.</Unicode>
                </TextEquiv>
            </TextLine>
            <TextEquiv>
                <Unicode>box 28
23. Der Schleiender- Bierrette
Bitte Rückseite beachten!
Telephon 12.801.
Telephon 12.801.
„OBSERVER
1. österr. beh. konz. Unternehmen für Zeitunge¬
Ausschnitte und Bibliographie.
„OBSLNVEI
Wien, I., Conoordiaplats 4.
I. österr. behördl. konz. Unternehmen für
Vertretungen
Zeitungsausschnitte
in Berlin, Brüssel, Budapest, Chicago, Cleveland, Christiania,
Wien, I., Konkordiaplatz 4.
Genf, Kopenhagen, London, Madrid, Mailand, Minnenpolis,
Vertretungen
New-Vork, Paris, Rom, San Francisco, Stockholm, St. Peters¬
burg, Toronto.
in Berlin, Basel, Budapest, Chicago, Cleveland, Christiania,
Ouelienangsbe pans Gewähr.)
Genf, Kopenhagen, London, Madrid, Mailand, Minneapolis,
New-Vork, Paris, Rom, San Francisco, Stockholm, St. Peters¬
Ausschnitt aus:
burg, Toronto.
Musrhürchte bilen, liag
2U
r.1 OKT. 1911
(uellenangabssabne, fte Tüp) dio
vom:
NR
Ausschnitt aus:
musikalische Welt
ROKTAETT
Berlin
vom:
Dom Theater.
Caruso ist auch so ein italienischer
Musikbrief aus Wien.
(Eroberer. Er geht nicht auf Tripolis los, sondern
„Schon sendet nach dem Säumigen der Gral“, so hiess es für
sgleich auf Wien und hat hier auch einen siegreichen
Wien,
die Wiener kritischen Gralshüter diesmal schon Mitte Septem¬
26. September
Feldzug geführt, der ihm eine enorme Kriegs¬
ber, während sonst die ersten Ereignisse auf dem Gebiete der
entschädigung gebracht hat (15000 Kronen pro
Oper Anfang Oktober fielen. Der Referent der „Signale“ jedoch findet vielleicht
Abend). Leider schloß sich an das Caruso¬
um einer Auslandsreise willen Verzeihung für sein verspätetes Einrücken und
Gastspiel auch eine Pantomime der „Schleier der
dessen Folge, dass er von den bisherigen Vorgängen nur nach Berichten ver¬
Pierrette“, in welcher sich der geistvolle
lässlicher Fachleute und Liebhaber erzählen kann.
Arthur Schnitzler schrecklich vergriffen hat. Dem
Die Hofoper öffnete ihre Pforten wie immer am 18. August, brachte aber
verfehlten Stück konme=Dohnanyis Musik,nicht
schon am 14. September als Novität W. Kleefeld’s Einrichtung von Donizetti's.
mehr aufhelfen, auch wenn sie besser und charaf¬
teristischer gewesen wäre.
„Don Pasquale“ heraus. Das Lever de rideau zu dieser reizenden Buffooper bildete
der Konflikt Direktor Gregor’s mit Fräulein Forst, der mit Entlassung der letzteren
endete. Sicherem Vernehmen nach sind beide Parteien einige Schwebungen
unter dem guten Ton geblieben. Wenn auch Primadonnenübermut und Direk¬
torengrobheit kaum aussterben werden, solange es Operntheater gibt, ist doch
der Verlust einer so tüchtigen Künstlerin nicht erfreulich. Es entbehrte nicht
einer gewissen Pikanterie, dass als Retterin in der Not Fräulein Francillo-Kauf¬
mann erschien, die Direktor Gregor gleichfalls etwas zu leichten Herzens hatte
ziehen lassen.
Der „Don Pasquale“ scheint durch den gewaltsamen Humor der Regie
nicht gewonnen zu haben. Italienische Buffoopern in deutscher Sprache lassen
sich nur vom musikalischen Teil aus wirksam inszenieren, wie man das an
Mahler’s unvergesslichen Leistungen (Cosi fan tutte, Falstaff) erlebt hat. All¬
gemein scheint der Gesindechor in der jetzigen Einstudierung des Pasquale ge¬
fallen zu haben. Herrn Mantler (Pasquale) leuchtet die Gunst des Publikums
jetzt mehr als bei seinem ersten Engagement an der Hofoper.
Ausser einem Ballet „Nippes“ (Text von Pantasi, Musik von Josef Bayer),
das von einer aristokratischen Wohltätigkeitsvorstellung mühelos den Weg auf die
Hofbühne fand, gab es eine neue Pantomime mit zwei berühmten Autorennamen:
Text von Arthur Schnitzler.-Musik von Ernst von Dohnänyi, die aber auch diese
Namen nicht vor einem Misserfolg retten konnten. „Der Schleier der Pierette“
enthält eine Szene von unerhörter Grausigkeil: der Gatte zwingt Pierette nach
dem Selbstmord ihres Geliebten mit der Leiche zu tafeln. Von der Murik hörte
man vielfach bedauernd sagen, ein so ausgezeichneter Künstler wie Dohnányi hätte
ein Werk mit derartig handgreiflichen Reminiszenzen an Wagner und Richard
Strauss im Pult behalten sollen. Zu allem Unglück hatte man noch die Panto¬
mime vor dem Bajazzo (mit Caruso) angesetzt.
Der Kammersänger Caruso, von dem jeder Ton diesmal fünfzehn Kronen
kostete — ein fanatischer Statistiker hats ausgerechnet — sang noch den Herzog
von Mantua und Don José mit seinem gewohnten Sensationserfolg.
In der Volksoper debutierte Frau Minna Leffer, die Gattin des Ausstattungs¬
chefs der Hlofopeer und Professors der Kunstakademie, unter günstigen Auspizien
als Pamina.
Von der Konzertsaison gibt es vorerst nur Versprechungen. Auch ein
neues Wiener Konzertorchester kündigt sich an, der Name des Dirigenten Ferdi¬
nand Hellmesberger (ein Sprössling der allbekannten Wiener Musikerfamilic) ist ein
gutes Omen. Bebaut soll hauptsächlich der überaus fruchtbare Boden der Po¬
Dr. Josef Schneider.
bularisierung guter Musik werden.</Unicode>
            </TextEquiv>
        </TextRegion>
    </Page>
</PcGts>
