<?xml version="1.0" encoding="UTF-8" standalone="yes"?>
<PcGts xmlns="http://schema.primaresearch.org/PAGE/gts/pagecontent/2013-07-15" xmlns:xsi="http://www.w3.org/2001/XMLSchema-instance" xsi:schemaLocation="http://schema.primaresearch.org/PAGE/gts/pagecontent/2013-07-15 http://schema.primaresearch.org/PAGE/gts/pagecontent/2013-07-15/pagecontent.xsd">
    <Metadata>
        <Creator>prov=University of Rostock/Institute of Mathematics/CITlab/Gundram Leifert/gundram.leifert@uni-rostock.de:name=ONB_Newseye_GT_M1+(htr_id=10810)::::v=2.4.2
prov=University of Rostock/Institute of Mathematics/CITlab/Tobias Gruening/tobias.gruening@uni-rostock.de:name=de.uros.citlab.module.baseline2polygon.B2PSeamMultiOriented:v=2.4.2
prov=University of Rostock/Institute of Mathematics/CITlab/Tobias Gruening/tobias.gruening@uni-rostock.de:name=/mnt/transkribus/LA/DEA/URO/LA_news_onb_att.pb:de.uros.citlab.segmentation.CITlab_LA_ML:v=2.4.2
Transkribus</Creator>
        <Created>2019-10-07T11:13:22.094+02:00</Created>
        <LastChange>2019-10-08T01:07:09.483+02:00</LastChange>
        <TranskribusMetadata docId="223965" pageId="9495159" pageNr="257" tsid="16493560" status="IN_PROGRESS" userId="40391" imgUrl="https://files.transkribus.eu/Get?id=VBADDKNPHISMLPYKTJVLNILV&amp;fileType=view" xmlUrl="https://files.transkribus.eu/Get?id=XLFCWCZUJCNHJJTXJVQWHBFI" imageId="6185386"/>
    </Metadata>
    <Page imageFilename="223965_0257.jpeg" imageWidth="3436" imageHeight="4384">
        <ReadingOrder>
            <OrderedGroup id="ro_1711441314778" caption="Regions reading order">
                <RegionRefIndexed index="0" regionRef="r1"/>
                <RegionRefIndexed index="1" regionRef="r2"/>
            </OrderedGroup>
        </ReadingOrder>
        <TextRegion orientation="0.0" id="r1" custom="readingOrder {index:0;}">
            <Coords points="253,204 253,3381 1816,3381 1816,204"/>
            <TextLine id="r1l1" custom="readingOrder {index:0;}">
                <Coords points="244,233 1826,247 1824,157 1648,148 1100,198 487,175 427,227 243,182"/>
                <Baseline points="253,230 331,235 409,239 487,243 565,244 643,245 721,245 800,244 878,243 956,241 1034,238 1112,236 1190,234 1268,231 1347,229 1425,227 1503,225 1581,224 1659,224 1737,224 1816,225"/>
                <TextEquiv>
                    <Unicode>23. Der Schleiender Pierrette</Unicode>
                </TextEquiv>
            </TextLine>
            <TextLine id="r1l2" custom="readingOrder {index:1;}">
                <Coords points="732,1181 764,1192 824,1176 852,1190 898,1165 920,1175 1024,1157 1133,1161 1127,1093 1078,1081 972,1089 883,1131 853,1121 815,1140 729,1138"/>
                <Baseline points="741,1172 766,1172 791,1172 817,1170 842,1168 868,1166 893,1164 918,1162 944,1160 969,1158 995,1155 1020,1153 1045,1152 1071,1150 1096,1149 1122,1148"/>
                <TextEquiv>
                    <Unicode>  Au</Unicode>
                </TextEquiv>
            </TextLine>
            <TextLine id="r1l3" custom="readingOrder {index:2;}">
                <Coords points="847,1239 1379,1243 1519,1204 1520,1173 1320,1153 1250,1175 1076,1157 1050,1176 943,1162 847,1180"/>
                <Baseline points="856,1224 888,1222 921,1221 953,1220 986,1219 1019,1219 1051,1219 1084,1220 1117,1220 1149,1221 1182,1221 1215,1222 1247,1223 1280,1223 1313,1223 1345,1223 1378,1223 1411,1222 1443,1221 1476,1219 1509,1217"/>
                <TextEquiv>
                    <Unicode>Ostsee Zeitung, Steilin</Unicode>
                </TextEquiv>
            </TextLine>
            <TextLine id="r1l4" custom="readingOrder {index:3;}">
                <Coords points="396,1273 445,1273 469,1288 504,1269 633,1271 662,1256 678,1268 689,1257 799,1261 797,1214 738,1197 667,1199 649,1218 601,1198 556,1198 514,1235 394,1224"/>
                <Baseline points="405,1262 430,1263 456,1263 481,1263 507,1262 533,1261 558,1259 584,1258 609,1257 635,1255 661,1253 686,1252 712,1251 737,1251 763,1251 789,1252"/>
                <TextEquiv>
                    <Unicode>##nsehnitt aus:</Unicode>
                </TextEquiv>
            </TextLine>
            <TextLine id="r1l5" custom="readingOrder {index:4;}">
                <Coords points="589,1323 640,1329 687,1310 717,1335 736,1329 752,1340 777,1323 799,1338 828,1320 873,1329 871,1254 855,1249 826,1265 779,1259 684,1283 625,1267 588,1278"/>
                <Baseline points="599,1315 625,1315 651,1314 678,1314 704,1313 731,1312 757,1311 783,1310 810,1310 836,1309 863,1308"/>
                <TextEquiv>
                    <Unicode>10 4. 1373</Unicode>
                </TextEquiv>
            </TextLine>
            <TextLine id="r1l6" custom="readingOrder {index:5;}">
                <Coords points="587,1405 612,1410 645,1395 685,1408 707,1394 737,1410 770,1389 913,1388 910,1339 887,1336 840,1335 811,1348 758,1340 739,1355 680,1362 584,1356"/>
                <Baseline points="595,1383 620,1384 646,1383 671,1383 697,1382 722,1380 748,1379 773,1378 799,1376 824,1375 850,1373 875,1372 901,1371"/>
                <TextEquiv>
                    <Unicode> A cacdest sera wrce</Unicode>
                </TextEquiv>
            </TextLine>
            <TextLine id="r1l7" custom="readingOrder {index:6;}">
                <Coords points="343,1503 1473,1501 1565,1438 343,1448"/>
                <Baseline points="352,1492 412,1489 472,1487 532,1485 592,1484 652,1484 712,1484 773,1484 833,1484 893,1485 953,1486 1013,1486 1073,1487 1133,1487 1194,1488 1254,1488 1314,1487 1374,1486 1434,1484 1494,1482 1555,1479"/>
                <TextEquiv>
                    <Unicode>„Der Schleier der Pierrgtte.“—, Tante Simona“</Unicode>
                </TextEquiv>
            </TextLine>
            <TextLine id="r1l8" custom="readingOrder {index:7;}">
                <Coords points="637,1569 1532,1569 1557,1563 1557,1502 1311,1529 1176,1498 1104,1526 984,1489 900,1529 826,1490 734,1526 636,1508"/>
                <Baseline points="646,1559 691,1559 736,1558 781,1557 826,1557 871,1556 916,1556 961,1555 1006,1555 1051,1554 1097,1554 1142,1554 1187,1554 1232,1554 1277,1554 1322,1554 1367,1554 1412,1554 1457,1555 1502,1555 1548,1556"/>
                <TextEquiv>
                    <Unicode>lin, 104 Aprll., KGonst von Dohnanyi holte sich</Unicode>
                </TextEquiv>
            </TextLine>
            <TextLine id="r1l9" custom="readingOrder {index:8;}">
                <Coords points="338,1602 452,1596 477,1610 507,1599 620,1597 649,1611 650,1550 617,1565 562,1565 550,1555 513,1570 485,1569 451,1549 392,1562 339,1548"/>
                <Baseline points="348,1592 374,1592 401,1593 427,1594 454,1594 480,1595 507,1595 533,1595 560,1595 586,1596 613,1596 640,1596"/>
                <TextEquiv>
                    <Unicode>im Charlpt</Unicode>
                </TextEquiv>
            </TextLine>
            <TextLine id="r1l10" custom="readingOrder {index:9;}">
                <Coords points="716,1611 1436,1614 1534,1606 1569,1591 1569,1559 716,1568"/>
                <Baseline points="726,1601 767,1599 809,1597 850,1595 892,1595 934,1594 975,1594 1017,1594 1058,1594 1100,1594 1142,1595 1183,1595 1225,1596 1266,1596 1308,1597 1350,1597 1391,1597 1433,1597 1474,1596 1516,1595 1558,1594"/>
                <TextEquiv>
                    <Unicode>ngen Deutschen Opernhaus gestern</Unicode>
                </TextEquiv>
            </TextLine>
            <TextLine id="r1l11" custom="readingOrder {index:10;}">
                <Coords points="348,1643 1514,1649 1576,1599 348,1612"/>
                <Baseline points="358,1634 418,1634 478,1634 539,1634 599,1634 660,1634 720,1635 780,1635 841,1635 901,1636 962,1636 1022,1637 1082,1637 1143,1637 1203,1637 1264,1637 1324,1637 1384,1636 1445,1636 1505,1635 1566,1633"/>
                <TextEquiv>
                    <Unicode>abend zweillei## bhäfte Erfolge: Einen verdienten und einen</Unicode>
                </TextEquiv>
            </TextLine>
            <TextLine id="r1l12" custom="readingOrder {index:11;}">
                <Coords points="348,1678 1406,1693 1556,1668 1556,1634 348,1637"/>
                <Baseline points="358,1670 417,1672 476,1673 536,1674 595,1675 655,1675 714,1676 773,1676 833,1676 892,1676 952,1676 1011,1676 1070,1675 1130,1675 1189,1675 1249,1675 1308,1675 1367,1675 1427,1674 1486,1674 1546,1675"/>
                <TextEquiv>
                    <Unicode>unverdieste# einaktige Spieloper „Tante Simona“</Unicode>
                </TextEquiv>
            </TextLine>
            <TextLine id="r1l13" custom="readingOrder {index:12;}">
                <Coords points="348,1714 1568,1720 1533,1673 348,1681"/>
                <Baseline points="358,1709 421,1710 484,1712 547,1713 610,1714 673,1714 736,1715 799,1715 862,1715 925,1715 989,1715 1052,1715 1115,1715 1178,1715 1241,1715 1304,1715 1367,1715 1430,1715 1493,1716 1557,1716"/>
                <TextEquiv>
                    <Unicode>(Text von Viktor Heindl) ist eine romantisch verbrämte textlich</Unicode>
                </TextEquiv>
            </TextLine>
            <TextLine id="r1l14" custom="readingOrder {index:13;}">
                <Coords points="352,1752 1576,1755 1576,1724 1415,1714 352,1723"/>
                <Baseline points="362,1749 422,1750 482,1751 542,1752 602,1753 663,1753 723,1754 783,1754 843,1755 903,1755 964,1755 1024,1755 1084,1755 1144,1755 1204,1755 1265,1754 1325,1754 1385,1753 1445,1752 1505,1751 1566,1750"/>
                <TextEquiv>
                    <Unicode>völlig reizlose Harmlosigkeit, die dem Komponisten wenig Gelegen¬</Unicode>
                </TextEquiv>
            </TextLine>
            <TextLine id="r1l15" custom="readingOrder {index:14;}">
                <Coords points="352,1793 1557,1798 1535,1755 352,1754"/>
                <Baseline points="363,1791 422,1792 481,1792 540,1792 599,1793 659,1793 718,1794 777,1794 836,1794 895,1795 955,1795 1014,1795 1073,1795 1132,1795 1191,1794 1251,1794 1310,1793 1369,1792 1428,1792 1487,1791 1547,1789"/>
                <TextEquiv>
                    <Unicode>heit bot, feine, geistreiche Musik zu geben. So blieb es bei einigen</Unicode>
                </TextEquiv>
            </TextLine>
            <TextLine id="r1l16" custom="readingOrder {index:15;}">
                <Coords points="356,1844 1560,1837 1560,1796 356,1795"/>
                <Baseline points="366,1830 425,1831 484,1831 543,1832 602,1832 662,1832 721,1833 780,1833 839,1833 898,1834 958,1834 1017,1834 1076,1834 1135,1834 1194,1834 1254,1834 1313,1833 1372,1833 1431,1832 1490,1831 1550,1830"/>
                <TextEquiv>
                    <Unicode>hübschen Ansätzen, die zwar überzeugend dartun, daß Dohnanhi</Unicode>
                </TextEquiv>
            </TextLine>
            <TextLine id="r1l17" custom="readingOrder {index:16;}">
                <Coords points="354,1874 1568,1864 354,1838"/>
                <Baseline points="363,1870 422,1870 482,1870 542,1871 602,1871 661,1871 721,1872 781,1872 841,1872 900,1872 960,1873 1020,1873 1080,1873 1139,1873 1199,1873 1259,1873 1319,1873 1378,1872 1438,1872 1498,1872 1558,1871"/>
                <TextEquiv>
                    <Unicode>mit dieser Tante Simona den Versuch machte, uns nach dem</Unicode>
                </TextEquiv>
            </TextLine>
            <TextLine id="r1l18" custom="readingOrder {index:17;}">
                <Coords points="349,1918 1444,1930 1563,1920 1563,1869 349,1879"/>
                <Baseline points="358,1910 417,1910 477,1910 537,1910 597,1910 657,1910 716,1911 776,1911 836,1911 896,1912 956,1912 1015,1912 1075,1913 1135,1913 1195,1913 1255,1912 1314,1912 1374,1912 1434,1911 1494,1910 1554,1909"/>
                <TextEquiv>
                    <Unicode>Muster etwa der d'Albertschen Abreise ein modernes musikalisches</Unicode>
                </TextEquiv>
            </TextLine>
            <TextLine id="r1l19" custom="readingOrder {index:18;}">
                <Coords points="352,1955 1494,1964 1566,1917 352,1918"/>
                <Baseline points="363,1950 422,1950 482,1951 542,1952 601,1952 661,1953 721,1953 780,1953 840,1954 900,1954 960,1954 1019,1954 1079,1954 1139,1954 1198,1953 1258,1953 1318,1953 1377,1952 1437,1952 1497,1951 1557,1951"/>
                <TextEquiv>
                    <Unicode>Lustspiel zu geben, zugleich aber auch, daß ihm dies Bemühen</Unicode>
                </TextEquiv>
            </TextLine>
            <TextLine id="r1l20" custom="readingOrder {index:19;}">
                <Coords points="350,1996 1576,1996 1548,1953 350,1953"/>
                <Baseline points="359,1988 419,1989 479,1990 540,1991 600,1992 660,1992 721,1993 781,1993 841,1993 902,1993 962,1993 1022,1993 1083,1993 1143,1993 1203,1992 1264,1992 1324,1992 1384,1992 1445,1991 1505,1991 1566,1991"/>
                <TextEquiv>
                    <Unicode>völlig mißlungen ist. Stillos gibt sich das Ganze, und wenn nicht</Unicode>
                </TextEquiv>
            </TextLine>
            <TextLine id="r1l21" custom="readingOrder {index:20;}">
                <Coords points="346,2035 1388,2047 1572,2017 346,1994"/>
                <Baseline points="356,2030 416,2030 476,2030 537,2031 597,2031 657,2032 718,2032 778,2032 838,2033 899,2033 959,2033 1019,2033 1080,2033 1140,2033 1200,2033 1261,2033 1321,2032 1381,2031 1442,2030 1502,2029 1563,2027"/>
                <TextEquiv>
                    <Unicode>das treffliche Spiel dafür gesorgt hätte, das Interesse wach¬</Unicode>
                </TextEquiv>
            </TextLine>
            <TextLine id="r1l22" custom="readingOrder {index:21;}">
                <Coords points="343,2074 1518,2092 1569,2078 1569,2035 343,2050"/>
                <Baseline points="353,2073 413,2072 473,2071 533,2070 594,2070 654,2070 714,2069 774,2069 835,2069 895,2070 955,2070 1015,2070 1076,2070 1136,2070 1196,2070 1256,2070 1317,2070 1377,2070 1437,2070 1497,2069 1558,2068"/>
                <TextEquiv>
                    <Unicode>zuhalten, so würde am Schluß die Opposition, die sich bereits leise</Unicode>
                </TextEquiv>
            </TextLine>
            <TextLine id="r1l23" custom="readingOrder {index:22;}">
                <Coords points="349,2114 1565,2119 1565,2090 1454,2072 349,2077"/>
                <Baseline points="359,2108 418,2108 478,2108 538,2108 598,2108 658,2109 717,2109 777,2109 837,2109 897,2110 957,2110 1016,2110 1076,2111 1136,2111 1196,2111 1256,2110 1315,2110 1375,2110 1435,2109 1495,2108 1555,2107"/>
                <TextEquiv>
                    <Unicode>bemerkbar machte, vielleicht noch die Oberhand gewonnen haben. —</Unicode>
                </TextEquiv>
            </TextLine>
            <TextLine id="r1l24" custom="readingOrder {index:23;}">
                <Coords points="355,2154 1567,2144 1505,2114 355,2113"/>
                <Baseline points="365,2148 424,2148 484,2149 543,2149 603,2149 663,2149 722,2149 782,2149 842,2149 901,2149 961,2148 1021,2148 1080,2148 1140,2148 1200,2148 1259,2148 1319,2148 1379,2148 1438,2148 1498,2149 1558,2149"/>
                <TextEquiv>
                    <Unicode>Von ganz anderem Schlage ist die Pantomime „Der Schleier</Unicode>
                </TextEquiv>
            </TextLine>
            <TextLine id="r1l25" custom="readingOrder {index:24;}">
                <Coords points="344,2196 1579,2193 1554,2154 344,2151"/>
                <Baseline points="354,2188 414,2188 475,2188 536,2188 597,2188 658,2188 718,2188 779,2188 840,2188 901,2188 962,2189 1022,2189 1083,2189 1144,2189 1205,2189 1266,2189 1326,2189 1387,2189 1448,2189 1509,2189 1570,2188"/>
                <TextEquiv>
                    <Unicode>der Pierrette“ Hier schmiegt sich die Musik auf das aller¬</Unicode>
                </TextEquiv>
            </TextLine>
            <TextLine id="r1l26" custom="readingOrder {index:25;}">
                <Coords points="354,2233 1570,2224 1553,2193 861,2206 734,2171 354,2194"/>
                <Baseline points="365,2228 424,2228 484,2228 544,2228 604,2227 663,2228 723,2228 783,2228 843,2228 902,2229 962,2229 1022,2229 1082,2229 1141,2229 1201,2229 1261,2229 1321,2229 1380,2229 1440,2228 1500,2228 1560,2227"/>
                <TextEquiv>
                    <Unicode>intimste der Schnitzlerschen Dichtung an. Schnitzler hat die</Unicode>
                </TextEquiv>
            </TextLine>
            <TextLine id="r1l27" custom="readingOrder {index:26;}">
                <Coords points="355,2275 1562,2262 1483,2227 355,2232"/>
                <Baseline points="365,2267 424,2267 483,2267 543,2268 602,2268 661,2268 721,2268 780,2268 839,2268 899,2269 958,2269 1017,2269 1077,2269 1136,2269 1195,2269 1255,2270 1314,2270 1373,2270 1433,2270 1492,2270 1552,2270"/>
                <TextEquiv>
                    <Unicode>Pantomime, was vielleicht ein Unikum ist, zum Teil in Dialog¬</Unicode>
                </TextEquiv>
            </TextLine>
            <TextLine id="r1l28" custom="readingOrder {index:27;}">
                <Coords points="340,2298 1565,2320 1536,2275 340,2270"/>
                <Baseline points="349,2309 409,2308 469,2308 530,2307 590,2307 650,2307 711,2307 771,2307 831,2308 892,2308 952,2309 1012,2309 1073,2310 1133,2310 1193,2310 1254,2310 1314,2310 1374,2310 1435,2309 1495,2308 1556,2307"/>
                <TextEquiv>
                    <Unicode>form geschrieben, und man kann sagen, daß Dohnanyi auch seiner¬</Unicode>
                </TextEquiv>
            </TextLine>
            <TextLine id="r1l29" custom="readingOrder {index:28;}">
                <Coords points="351,2360 1561,2359 1531,2312 351,2303"/>
                <Baseline points="361,2348 420,2347 479,2347 539,2347 598,2347 658,2347 717,2347 777,2347 836,2348 896,2348 955,2348 1014,2348 1074,2348 1133,2348 1193,2348 1252,2348 1312,2348 1371,2348 1431,2348 1490,2347 1550,2346"/>
                <TextEquiv>
                    <Unicode>feits den Dialog direkt aufnimmt. Man hört Pierrette sprechen</Unicode>
                </TextEquiv>
            </TextLine>
            <TextLine id="r1l30" custom="readingOrder {index:29;}">
                <Coords points="353,2388 1440,2402 1562,2363 353,2357"/>
                <Baseline points="363,2386 422,2385 481,2386 541,2386 600,2386 660,2386 719,2386 779,2386 838,2386 898,2387 957,2387 1016,2387 1076,2387 1135,2388 1195,2388 1254,2388 1314,2389 1373,2389 1433,2389 1492,2389 1552,2389"/>
                <TextEquiv>
                    <Unicode>und den armen Pierrot, der aus Liebesgram sterben muß, und</Unicode>
                </TextEquiv>
            </TextLine>
            <TextLine id="r1l31" custom="readingOrder {index:30;}">
                <Coords points="344,2425 1558,2434 1558,2403 1457,2391 344,2388"/>
                <Baseline points="355,2425 414,2425 474,2426 533,2426 593,2426 653,2426 712,2426 772,2426 832,2427 891,2427 951,2427 1011,2427 1070,2427 1130,2427 1190,2427 1249,2427 1309,2427 1369,2427 1428,2427 1488,2427 1548,2427"/>
                <TextEquiv>
                    <Unicode>den von den Schauern wilder Eifersucht und blinder Wut ge¬</Unicode>
                </TextEquiv>
            </TextLine>
            <TextLine id="r1l32" custom="readingOrder {index:31;}">
                <Coords points="348,2470 1559,2468 1531,2429 349,2425"/>
                <Baseline points="359,2464 418,2464 478,2464 537,2465 597,2465 656,2465 716,2465 775,2465 835,2466 894,2466 954,2466 1013,2466 1073,2466 1132,2466 1192,2466 1251,2466 1311,2467 1370,2467 1430,2467 1489,2468 1549,2468"/>
                <TextEquiv>
                    <Unicode>triebenen Arlechino. Und so wundervoll rasch weiß Dohnanyi</Unicode>
                </TextEquiv>
            </TextLine>
            <TextLine id="r1l33" custom="readingOrder {index:32;}">
                <Coords points="355,2507 1565,2512 1549,2471 355,2475"/>
                <Baseline points="364,2501 423,2502 483,2503 542,2503 602,2504 662,2504 721,2504 781,2504 840,2504 900,2504 960,2504 1019,2503 1079,2503 1138,2503 1198,2503 1258,2503 1317,2503 1377,2504 1436,2504 1496,2505 1556,2506"/>
                <TextEquiv>
                    <Unicode>mit den Stimmungen zu wechseln, mit einem Schritt von zartester</Unicode>
                </TextEquiv>
            </TextLine>
            <TextLine id="r1l34" custom="readingOrder {index:33;}">
                <Coords points="352,2535 1560,2550 1548,2507 352,2512"/>
                <Baseline points="361,2542 420,2543 479,2543 539,2543 598,2543 658,2543 717,2543 777,2543 836,2543 896,2543 955,2543 1014,2543 1074,2542 1133,2542 1193,2542 1252,2542 1312,2542 1371,2542 1431,2542 1490,2543 1550,2543"/>
                <TextEquiv>
                    <Unicode>Seligkeit in das Land wildester Leidenschaft hinüberzuführen.</Unicode>
                </TextEquiv>
            </TextLine>
            <TextLine id="r1l35" custom="readingOrder {index:34;}">
                <Coords points="350,2584 1557,2590 1557,2553 1484,2549 350,2551"/>
                <Baseline points="360,2582 419,2582 478,2583 537,2583 597,2583 656,2583 715,2583 775,2583 834,2582 893,2582 953,2582 1012,2582 1071,2582 1130,2582 1190,2582 1249,2582 1308,2582 1368,2582 1427,2583 1486,2583 1546,2584"/>
                <TextEquiv>
                    <Unicode>Den Höhepunkt dieser bemerkenswerten Kunst erklimmt er im</Unicode>
                </TextEquiv>
            </TextLine>
            <TextLine id="r1l36" custom="readingOrder {index:35;}">
                <Coords points="353,2629 1554,2632 1554,2589 1489,2585 353,2586"/>
                <Baseline points="363,2623 422,2624 481,2624 540,2624 599,2624 658,2624 717,2624 776,2624 835,2624 894,2623 953,2623 1012,2623 1071,2623 1130,2623 1189,2623 1248,2623 1307,2622 1366,2622 1425,2622 1484,2622 1544,2622"/>
                <TextEquiv>
                    <Unicode>zweiten Akt in der Zwiesprache zwischen Pierrot und Pierrette.</Unicode>
                </TextEquiv>
            </TextLine>
            <TextLine id="r1l37" custom="readingOrder {index:36;}">
                <Coords points="346,2668 1555,2668 1523,2627 347,2627"/>
                <Baseline points="356,2663 415,2662 474,2661 534,2661 593,2661 653,2661 712,2662 771,2662 831,2663 890,2663 950,2664 1009,2664 1068,2665 1128,2665 1187,2665 1247,2666 1306,2665 1365,2665 1425,2664 1484,2664 1544,2662"/>
                <TextEquiv>
                    <Unicode>Pierrot will leben, Pierrette ruft ihn zum Tode. Stärker und</Unicode>
                </TextEquiv>
            </TextLine>
            <TextLine id="r1l38" custom="readingOrder {index:37;}">
                <Coords points="355,2704 1559,2717 1559,2660 355,2669"/>
                <Baseline points="365,2700 424,2700 483,2700 542,2701 602,2701 661,2702 720,2702 779,2702 839,2703 898,2703 957,2703 1016,2704 1076,2704 1135,2704 1194,2703 1253,2703 1313,2703 1372,2702 1431,2701 1490,2700 1550,2699"/>
                <TextEquiv>
                    <Unicode>musikalisch einwandfreier, als es hier geschehen ist, konnte dieser</Unicode>
                </TextEquiv>
            </TextLine>
            <TextLine id="r1l39" custom="readingOrder {index:38;}">
                <Coords points="347,2740 1557,2751 1557,2714 1424,2702 347,2706"/>
                <Baseline points="357,2740 416,2740 476,2740 535,2740 595,2740 654,2740 714,2741 773,2741 833,2741 892,2742 952,2742 1012,2742 1071,2742 1131,2743 1190,2743 1250,2743 1309,2742 1369,2742 1428,2741 1488,2741 1548,2739"/>
                <TextEquiv>
                    <Unicode>Gegensatz sar nicht herausgearbeitet werden. Dieser zweite Akt</Unicode>
                </TextEquiv>
            </TextLine>
            <TextLine id="r1l40" custom="readingOrder {index:39;}">
                <Coords points="353,2783 1561,2781 1481,2745 353,2745"/>
                <Baseline points="363,2779 422,2779 481,2779 541,2780 600,2780 660,2780 719,2780 779,2780 838,2780 898,2781 957,2781 1016,2781 1076,2781 1135,2781 1195,2781 1254,2781 1314,2781 1373,2781 1433,2781 1492,2781 1552,2780"/>
                <TextEquiv>
                    <Unicode>ist unzweifelhaft der wertvollste des dreiaktigen Werkes. Im</Unicode>
                </TextEquiv>
            </TextLine>
            <TextLine id="r1l41" custom="readingOrder {index:40;}">
                <Coords points="352,2826 1429,2836 1548,2826 1549,2789 352,2785"/>
                <Baseline points="361,2818 419,2818 478,2818 537,2818 596,2818 655,2818 714,2818 773,2818 832,2819 891,2819 950,2819 1008,2820 1067,2820 1126,2820 1185,2821 1244,2821 1303,2821 1362,2821 1421,2821 1480,2821 1539,2820"/>
                <TextEquiv>
                    <Unicode>dritten befremdet der Aufwand allgustarker orchestraler Mittel.</Unicode>
                </TextEquiv>
            </TextLine>
            <TextLine id="r1l42" custom="readingOrder {index:41;}">
                <Coords points="352,2866 1568,2872 1540,2825 352,2825"/>
                <Baseline points="361,2855 420,2856 480,2856 540,2857 600,2857 660,2858 719,2858 779,2859 839,2859 899,2859 959,2860 1018,2860 1078,2860 1138,2860 1198,2860 1258,2861 1317,2861 1377,2861 1437,2861 1497,2861 1557,2861"/>
                <TextEquiv>
                    <Unicode>Das Grauen der mit dem toten Pierrot zusammen eingesperrten</Unicode>
                </TextEquiv>
            </TextLine>
            <TextLine id="r1l43" custom="readingOrder {index:42;}">
                <Coords points="346,2895 1554,2910 1523,2865 346,2864"/>
                <Baseline points="355,2897 414,2896 474,2896 533,2896 593,2897 652,2897 712,2897 771,2897 831,2898 890,2898 950,2898 1009,2899 1069,2899 1128,2899 1188,2900 1247,2900 1307,2900 1366,2900 1426,2900 1485,2900 1545,2900"/>
                <TextEquiv>
                    <Unicode>Pierrette würde durch weniger Lärm und Pathos viel tiefer und</Unicode>
                </TextEquiv>
            </TextLine>
            <TextLine id="r1l44" custom="readingOrder {index:43;}">
                <Coords points="347,2940 1534,2955 1560,2916 347,2901"/>
                <Baseline points="357,2935 416,2935 476,2936 535,2936 595,2936 655,2937 714,2937 774,2937 833,2937 893,2937 953,2937 1012,2937 1072,2938 1131,2938 1191,2938 1251,2939 1310,2939 1370,2940 1429,2941 1489,2943 1549,2944"/>
                <TextEquiv>
                    <Unicode>überzeugender dargetan werden können. Erst zum Schluß in der</Unicode>
                </TextEquiv>
            </TextLine>
            <TextLine id="r1l45" custom="readingOrder {index:44;}">
                <Coords points="347,2981 1565,2980 1464,2941 347,2940"/>
                <Baseline points="357,2975 416,2975 476,2975 536,2975 596,2976 656,2976 716,2976 776,2977 836,2977 896,2977 956,2978 1015,2978 1075,2978 1135,2979 1195,2979 1255,2979 1315,2979 1375,2979 1435,2979 1495,2979 1555,2979"/>
                <TextEquiv>
                    <Unicode>Wahnsinnsszene findet sich Dohnanyi wieder ganz zu der diskret¬</Unicode>
                </TextEquiv>
            </TextLine>
            <TextLine id="r1l46" custom="readingOrder {index:45;}">
                <Coords points="349,3022 1565,3036 1566,2981 350,2985"/>
                <Baseline points="359,3014 418,3014 478,3015 538,3015 598,3016 658,3016 717,3016 777,3017 837,3017 897,3018 957,3018 1016,3018 1076,3018 1136,3019 1196,3019 1256,3019 1315,3019 1375,3019 1435,3019 1495,3019 1555,3020"/>
                <TextEquiv>
                    <Unicode>feinsinnigen Dichtung Schnitzlers zurück. Auch hier unterstützte</Unicode>
                </TextEquiv>
            </TextLine>
            <TextLine id="r1l47" custom="readingOrder {index:46;}">
                <Coords points="351,3058 1561,3059 1561,3032 1332,3016 351,3023"/>
                <Baseline points="360,3052 419,3053 479,3054 538,3055 598,3055 658,3056 717,3056 777,3057 836,3057 896,3057 956,3057 1015,3057 1075,3057 1134,3057 1194,3057 1254,3057 1313,3057 1373,3056 1432,3056 1492,3056 1552,3056"/>
                <TextEquiv>
                    <Unicode>die Darstellung die Interessen des Dichters und des Komponisten</Unicode>
                </TextEquiv>
            </TextLine>
            <TextLine id="r1l48" custom="readingOrder {index:47;}">
                <Coords points="352,3096 1570,3088 1552,3059 352,3059"/>
                <Baseline points="361,3091 424,3091 487,3092 550,3093 613,3093 676,3094 739,3094 802,3095 865,3095 928,3096 992,3096 1055,3096 1118,3096 1181,3096 1244,3096 1307,3096 1370,3096 1433,3095 1496,3094 1560,3094"/>
                <TextEquiv>
                    <Unicode>auf das angelegentlichste. Elsa Galafrés, die vom Deutschen</Unicode>
                </TextEquiv>
            </TextLine>
            <TextLine id="r1l49" custom="readingOrder {index:48;}">
                <Coords points="345,3139 1561,3152 1562,3099 346,3094"/>
                <Baseline points="355,3132 414,3132 474,3132 534,3132 594,3133 654,3133 714,3133 773,3134 833,3134 893,3134 953,3135 1013,3135 1073,3136 1133,3136 1192,3136 1252,3136 1312,3136 1372,3136 1432,3136 1492,3135 1552,3135"/>
                <TextEquiv>
                    <Unicode>Schauspielhaus herüberkommt, war eine sehr zarte und in ihrer</Unicode>
                </TextEquiv>
            </TextLine>
            <TextLine id="r1l50" custom="readingOrder {index:49;}">
                <Coords points="335,3174 1557,3169 1484,3139 335,3141"/>
                <Baseline points="345,3173 405,3172 465,3172 525,3171 585,3171 645,3171 705,3171 765,3171 825,3172 885,3172 946,3172 1006,3173 1066,3173 1126,3173 1186,3174 1246,3174 1306,3174 1366,3175 1426,3175 1486,3175 1547,3175"/>
                <TextEquiv>
                    <Unicode>grausamen Not tieferschütternde Pierrette und die ekstatische An¬</Unicode>
                </TextEquiv>
            </TextLine>
            <TextLine id="r1l51" custom="readingOrder {index:50;}">
                <Coords points="343,3214 1563,3210 1563,3181 1452,3176 344,3177"/>
                <Baseline points="353,3209 413,3209 473,3209 533,3209 593,3209 653,3210 713,3210 773,3210 833,3211 893,3211 953,3212 1013,3212 1073,3213 1133,3213 1193,3214 1253,3214 1313,3214 1373,3215 1433,3215 1493,3215 1553,3215"/>
                <TextEquiv>
                    <Unicode>mut, die sie in der Wahnsinnsszene entfaltete, wird man nicht so</Unicode>
                </TextEquiv>
            </TextLine>
            <TextLine id="r1l52" custom="readingOrder {index:51;}">
                <Coords points="339,3248 1377,3271 1533,3268 1563,3225 339,3215"/>
                <Baseline points="349,3248 409,3247 469,3247 529,3247 589,3247 650,3247 710,3247 770,3248 830,3248 890,3249 951,3249 1011,3250 1071,3250 1131,3251 1191,3252 1252,3252 1312,3253 1372,3253 1432,3254 1492,3254 1553,3254"/>
                <TextEquiv>
                    <Unicode>leicht vergessen. Einar Linden gab den Pierrot in festen, sicheren</Unicode>
                </TextEquiv>
            </TextLine>
            <TextLine id="r1l53" custom="readingOrder {index:52;}">
                <Coords points="337,3289 1557,3288 1557,3259 337,3246"/>
                <Baseline points="347,3284 407,3286 467,3287 527,3289 587,3290 647,3291 707,3291 767,3292 827,3292 887,3292 947,3292 1007,3293 1067,3293 1127,3293 1187,3293 1247,3293 1307,3293 1367,3293 1427,3294 1487,3294 1548,3295"/>
                <TextEquiv>
                    <Unicode>Linien und Edwin Heyer den Arlechino mit etwas allzu robustem</Unicode>
                </TextEquiv>
            </TextLine>
            <TextLine id="r1l54" custom="readingOrder {index:53;}">
                <Coords points="336,3334 1547,3344 1523,3303 1396,3296 337,3295"/>
                <Baseline points="347,3322 406,3324 465,3326 525,3328 584,3329 644,3330 703,3331 763,3332 822,3332 882,3333 941,3333 1000,3333 1060,3333 1119,3333 1179,3333 1238,3333 1298,3333 1357,3333 1417,3333 1476,3333 1536,3333"/>
                <TextEquiv>
                    <Unicode>Strich. Dohnanyi selbst stand bei der Pantomime am Dirigenten¬</Unicode>
                </TextEquiv>
            </TextLine>
            <TextLine id="r1l55" custom="readingOrder {index:54;}">
                <Coords points="332,3376 349,3383 375,3377 396,3392 411,3389 419,3396 425,3390 439,3389 454,3400 467,3401 472,3341 452,3339 440,3346 425,3330 410,3331 399,3340 357,3327 345,3336 335,3335"/>
                <Baseline points="342,3365 371,3365 401,3368 430,3371 460,3371"/>
                <TextEquiv>
                    <Unicode>pult.</Unicode>
                </TextEquiv>
            </TextLine>
            <TextEquiv>
                <Unicode>23. Der Schleiender Pierrette
  Au
Ostsee Zeitung, Steilin
##nsehnitt aus:
10 4. 1373
 A cacdest sera wrce
„Der Schleier der Pierrgtte.“—, Tante Simona“
lin, 104 Aprll., KGonst von Dohnanyi holte sich
im Charlpt
ngen Deutschen Opernhaus gestern
abend zweillei## bhäfte Erfolge: Einen verdienten und einen
unverdieste# einaktige Spieloper „Tante Simona“
(Text von Viktor Heindl) ist eine romantisch verbrämte textlich
völlig reizlose Harmlosigkeit, die dem Komponisten wenig Gelegen¬
heit bot, feine, geistreiche Musik zu geben. So blieb es bei einigen
hübschen Ansätzen, die zwar überzeugend dartun, daß Dohnanhi
mit dieser Tante Simona den Versuch machte, uns nach dem
Muster etwa der d'Albertschen Abreise ein modernes musikalisches
Lustspiel zu geben, zugleich aber auch, daß ihm dies Bemühen
völlig mißlungen ist. Stillos gibt sich das Ganze, und wenn nicht
das treffliche Spiel dafür gesorgt hätte, das Interesse wach¬
zuhalten, so würde am Schluß die Opposition, die sich bereits leise
bemerkbar machte, vielleicht noch die Oberhand gewonnen haben. —
Von ganz anderem Schlage ist die Pantomime „Der Schleier
der Pierrette“ Hier schmiegt sich die Musik auf das aller¬
intimste der Schnitzlerschen Dichtung an. Schnitzler hat die
Pantomime, was vielleicht ein Unikum ist, zum Teil in Dialog¬
form geschrieben, und man kann sagen, daß Dohnanyi auch seiner¬
feits den Dialog direkt aufnimmt. Man hört Pierrette sprechen
und den armen Pierrot, der aus Liebesgram sterben muß, und
den von den Schauern wilder Eifersucht und blinder Wut ge¬
triebenen Arlechino. Und so wundervoll rasch weiß Dohnanyi
mit den Stimmungen zu wechseln, mit einem Schritt von zartester
Seligkeit in das Land wildester Leidenschaft hinüberzuführen.
Den Höhepunkt dieser bemerkenswerten Kunst erklimmt er im
zweiten Akt in der Zwiesprache zwischen Pierrot und Pierrette.
Pierrot will leben, Pierrette ruft ihn zum Tode. Stärker und
musikalisch einwandfreier, als es hier geschehen ist, konnte dieser
Gegensatz sar nicht herausgearbeitet werden. Dieser zweite Akt
ist unzweifelhaft der wertvollste des dreiaktigen Werkes. Im
dritten befremdet der Aufwand allgustarker orchestraler Mittel.
Das Grauen der mit dem toten Pierrot zusammen eingesperrten
Pierrette würde durch weniger Lärm und Pathos viel tiefer und
überzeugender dargetan werden können. Erst zum Schluß in der
Wahnsinnsszene findet sich Dohnanyi wieder ganz zu der diskret¬
feinsinnigen Dichtung Schnitzlers zurück. Auch hier unterstützte
die Darstellung die Interessen des Dichters und des Komponisten
auf das angelegentlichste. Elsa Galafrés, die vom Deutschen
Schauspielhaus herüberkommt, war eine sehr zarte und in ihrer
grausamen Not tieferschütternde Pierrette und die ekstatische An¬
mut, die sie in der Wahnsinnsszene entfaltete, wird man nicht so
leicht vergessen. Einar Linden gab den Pierrot in festen, sicheren
Linien und Edwin Heyer den Arlechino mit etwas allzu robustem
Strich. Dohnanyi selbst stand bei der Pantomime am Dirigenten¬
pult.</Unicode>
            </TextEquiv>
        </TextRegion>
        <TextRegion orientation="0.0" id="r2" custom="readingOrder {index:1;}">
            <Coords points="1811,164 1811,3516 3243,3516 3243,164"/>
            <TextLine id="r2l1" custom="readingOrder {index:0;}">
                <Coords points="1974,200 2078,224 2141,224 2181,198 2201,212 2342,205 2395,218 2394,134 2339,133 2318,152 2285,131 2255,151 2232,135 2183,159 2111,138 2056,166 2013,139 1974,147"/>
                <Baseline points="1983,193 2008,193 2033,193 2058,193 2083,193 2108,193 2133,193 2158,193 2184,193 2209,193 2234,193 2259,192 2284,192 2309,191 2334,191 2359,190 2385,189"/>
                <TextEquiv>
                    <Unicode>box 28/1</Unicode>
                </TextEquiv>
            </TextLine>
            <TextLine id="r2l2" custom="readingOrder {index:1;}">
                <Coords points="1957,861 2086,879 2120,861 2182,879 2264,860 2292,876 2450,857 2450,831 2376,813 2360,825 2292,809 2231,817 2182,797 2073,824 2016,812 1957,833"/>
                <Baseline points="1968,856 1994,856 2020,855 2046,855 2072,854 2099,853 2125,853 2151,852 2177,852 2204,851 2230,851 2256,851 2282,851 2308,852 2335,854 2361,855 2387,857 2413,859 2440,862"/>
                <TextEquiv>
                    <Unicode>Ausschnitt aus:</Unicode>
                </TextEquiv>
            </TextLine>
            <TextLine id="r2l3" custom="readingOrder {index:2;}">
                <Coords points="2447,891 2510,904 2603,882 2739,903 2773,878 2879,881 2958,858 2955,794 2834,795 2763,826 2676,808 2603,831 2536,822 2478,846 2444,834"/>
                <Baseline points="2456,868 2481,872 2507,874 2533,876 2559,877 2585,878 2611,878 2637,877 2663,876 2689,875 2715,873 2741,871 2767,869 2793,866 2819,864 2845,862 2871,860 2897,857 2923,855 2949,853"/>
                <TextEquiv>
                    <Unicode>#scindenblatt, Wien.</Unicode>
                </TextEquiv>
            </TextLine>
            <TextLine id="r2l4" custom="readingOrder {index:3;}">
                <Coords points="1969,956 2125,969 2186,941 2207,959 2456,963 2456,904 2407,912 2329,888 2276,903 2196,897 2131,929 2088,914 1969,919"/>
                <Baseline points="1979,953 2004,955 2030,955 2056,956 2082,956 2108,956 2134,955 2160,954 2186,954 2212,953 2237,953 2263,952 2289,952 2315,953 2341,954 2367,955 2393,957 2419,961 2445,965"/>
                <TextEquiv>
                    <Unicode>vom: 40.4r R. 1913</Unicode>
                </TextEquiv>
            </TextLine>
            <TextLine id="r2l5" custom="readingOrder {index:4;}">
                <Coords points="2349,1017 2385,1026 2405,1022 2418,1034 2446,1026 2467,1046 2484,1039 2497,1046 2527,1040 2552,1046 2566,1043 2576,970 2481,957 2452,965 2404,959 2356,965"/>
                <Baseline points="2359,1008 2387,1012 2415,1017 2444,1021 2472,1025 2501,1029 2529,1031 2558,1033"/>
                <TextEquiv>
                    <Unicode>S</Unicode>
                </TextEquiv>
            </TextLine>
            <TextLine id="r2l6" custom="readingOrder {index:5;}">
                <Coords points="2250,1138 2823,1133 2823,1083 2738,1071 2719,1085 2250,1064"/>
                <Baseline points="2259,1128 2286,1127 2314,1126 2342,1126 2369,1126 2397,1127 2425,1127 2452,1127 2480,1128 2508,1128 2536,1129 2563,1129 2591,1129 2619,1129 2646,1129 2674,1128 2702,1127 2729,1126 2757,1124 2785,1121 2813,1118"/>
                <TextEquiv>
                    <Unicode>Berliner Premieren.</Unicode>
                </TextEquiv>
            </TextLine>
            <TextLine id="r2l7" custom="readingOrder {index:6;}">
                <Coords points="1822,1185 3253,1168 3062,1115 1821,1164"/>
                <Baseline points="1832,1179 1902,1182 1973,1185 2043,1187 2114,1188 2184,1189 2255,1189 2325,1189 2396,1188 2466,1187 2537,1186 2607,1184 2678,1183 2748,1182 2819,1180 2889,1178 2960,1177 3030,1176 3101,1175 3171,1174 3242,1174"/>
                <TextEquiv>
                    <Unicode>— Berlin, 9. April. (Tel. d. „Fremden=Blatt“.) Das Deutsche</Unicode>
                </TextEquiv>
            </TextLine>
            <TextLine id="r2l8" custom="readingOrder {index:7;}">
                <Coords points="1802,1245 3034,1248 3246,1203 1801,1188"/>
                <Baseline points="1811,1242 1882,1240 1953,1238 2024,1237 2096,1236 2167,1235 2238,1234 2309,1233 2381,1233 2452,1233 2523,1233 2594,1232 2666,1232 2737,1232 2808,1232 2879,1231 2951,1230 3022,1229 3093,1228 3164,1226 3236,1224"/>
                <TextEquiv>
                    <Unicode>Opernhaus brachte heute die Artur Schnitzlersche Pantomime</Unicode>
                </TextEquiv>
            </TextLine>
            <TextLine id="r2l9" custom="readingOrder {index:8;}">
                <Coords points="1814,1297 3068,1291 3237,1280 3237,1225 1814,1271"/>
                <Baseline points="1825,1291 1895,1289 1965,1287 2035,1285 2105,1284 2175,1283 2245,1282 2316,1281 2386,1281 2456,1280 2526,1280 2596,1280 2666,1279 2736,1279 2807,1278 2877,1278 2947,1277 3017,1276 3087,1275 3157,1273 3228,1271"/>
                <TextEquiv>
                    <Unicode>„Der Schleier der Pierrette“, Musik von Ernst v. Dohnanyi, zür Erst¬</Unicode>
                </TextEquiv>
            </TextLine>
            <TextLine id="r2l10" custom="readingOrder {index:9;}">
                <Coords points="1815,1343 3244,1334 3243,1287 3161,1278 1814,1304"/>
                <Baseline points="1825,1339 1895,1337 1965,1335 2036,1334 2106,1332 2177,1331 2247,1330 2318,1330 2388,1329 2459,1328 2529,1328 2599,1327 2670,1327 2740,1326 2811,1325 2881,1325 2952,1324 3022,1323 3093,1321 3163,1320 3234,1318"/>
                <TextEquiv>
                    <Unicode>aufführung. Das pantomimische Musikdrama übte mit seinen grellen Kontrasten</Unicode>
                </TextEquiv>
            </TextLine>
            <TextLine id="r2l11" custom="readingOrder {index:10;}">
                <Coords points="1825,1395 3172,1384 3240,1332 1824,1339"/>
                <Baseline points="1834,1386 1903,1385 1973,1384 2043,1383 2113,1382 2183,1381 2252,1380 2322,1379 2392,1379 2462,1378 2532,1377 2601,1377 2671,1376 2741,1375 2811,1374 2881,1373 2950,1372 3020,1371 3090,1369 3160,1367 3230,1365"/>
                <TextEquiv>
                    <Unicode>und bunter Phantastik einen großen Eindruck auf die Zuschauer aus und die</Unicode>
                </TextEquiv>
            </TextLine>
            <TextLine id="r2l12" custom="readingOrder {index:11;}">
                <Coords points="1826,1442 3240,1446 3225,1360 1826,1395"/>
                <Baseline points="1836,1436 1905,1434 1975,1433 2045,1432 2114,1430 2184,1429 2254,1428 2323,1428 2393,1427 2463,1426 2533,1425 2602,1424 2672,1424 2742,1423 2811,1422 2881,1421 2951,1421 3020,1420 3090,1419 3160,1418 3230,1417"/>
                <TextEquiv>
                    <Unicode>Musik, die sich den stark wechselnden Situationen geschickt und stimmungsvoll</Unicode>
                </TextEquiv>
            </TextLine>
            <TextLine id="r2l13" custom="readingOrder {index:12;}">
                <Coords points="1823,1479 3076,1487 3246,1444 1822,1442"/>
                <Baseline points="1833,1483 1903,1482 1973,1481 2043,1481 2113,1481 2183,1480 2253,1480 2324,1479 2394,1479 2464,1479 2534,1478 2604,1477 2674,1476 2744,1475 2815,1474 2885,1472 2955,1471 3025,1468 3095,1466 3165,1463 3236,1460"/>
                <TextEquiv>
                    <Unicode>anpaßte, erhöhte den Eindruck um ein Beträchtliches. Else Galafrés¬</Unicode>
                </TextEquiv>
            </TextLine>
            <TextLine id="r2l14" custom="readingOrder {index:13;}">
                <Coords points="1826,1536 3228,1544 3241,1473 1825,1493"/>
                <Baseline points="1836,1530 1905,1529 1975,1527 2045,1526 2115,1526 2185,1525 2254,1525 2324,1524 2394,1524 2464,1523 2534,1523 2603,1523 2673,1522 2743,1522 2813,1521 2883,1521 2952,1520 3022,1519 3092,1517 3162,1516 3232,1514"/>
                <TextEquiv>
                    <Unicode>Hubermann in der weiblichen Hauptrolle riß das Publikum durch ihr</Unicode>
                </TextEquiv>
            </TextLine>
            <TextLine id="r2l15" custom="readingOrder {index:14;}">
                <Coords points="1829,1580 3185,1586 3242,1541 1828,1541"/>
                <Baseline points="1838,1582 1907,1581 1977,1579 2047,1578 2116,1577 2186,1577 2256,1576 2325,1575 2395,1575 2465,1574 2535,1573 2604,1573 2674,1572 2744,1571 2813,1571 2883,1570 2953,1569 3022,1568 3092,1566 3162,1565 3232,1563"/>
                <TextEquiv>
                    <Unicode>prachtvolles Spiel und ihre ausdrucksvolle Mimik zu lebhaften Beifalls¬</Unicode>
                </TextEquiv>
            </TextLine>
            <TextLine id="r2l16" custom="readingOrder {index:15;}">
                <Coords points="1826,1645 3100,1633 3167,1589 1825,1588"/>
                <Baseline points="1836,1626 1902,1626 1968,1626 2034,1625 2100,1625 2166,1625 2232,1625 2298,1625 2364,1624 2430,1624 2496,1624 2562,1623 2628,1622 2694,1622 2760,1621 2826,1620 2892,1619 2958,1618 3024,1617 3090,1616 3156,1614"/>
                <TextEquiv>
                    <Unicode>kundgebungen hin. Am Schluß wurde der Komponist wiederholt gerufen.</Unicode>
                </TextEquiv>
            </TextLine>
            <TextLine id="r2l17" custom="readingOrder {index:16;}">
                <Coords points="1929,1664 2979,1690 3243,1645 1929,1640"/>
                <Baseline points="1939,1675 2003,1675 2068,1674 2133,1674 2197,1674 2262,1674 2327,1674 2391,1674 2456,1674 2521,1673 2586,1673 2650,1672 2715,1672 2780,1671 2844,1670 2909,1669 2974,1667 3038,1665 3103,1664 3168,1662 3233,1659"/>
                <TextEquiv>
                    <Unicode>Weniger erfreulich war eine einaktige Spieloper „Donna Simona“</Unicode>
                </TextEquiv>
            </TextLine>
            <TextLine id="r2l18" custom="readingOrder {index:17;}">
                <Coords points="1838,1733 3212,1727 3235,1652 2979,1691 1837,1692"/>
                <Baseline points="1847,1724 1919,1723 1992,1722 2064,1721 2137,1721 2209,1721 2282,1721 2355,1720 2427,1720 2500,1720 2572,1720 2645,1720 2717,1720 2790,1719 2863,1718 2935,1717 3008,1715 3080,1713 3153,1711 3226,1708"/>
                <TextEquiv>
                    <Unicode>gleichfalls von Dohnanyi, die der Pantomime vorausging. Hier scheint</Unicode>
                </TextEquiv>
            </TextLine>
            <TextLine id="r2l19" custom="readingOrder {index:18;}">
                <Coords points="1840,1784 3254,1791 3253,1718 1840,1731"/>
                <Baseline points="1850,1772 1919,1772 1989,1772 2058,1772 2128,1772 2198,1772 2267,1771 2337,1771 2407,1770 2476,1770 2546,1769 2616,1769 2685,1768 2755,1767 2825,1766 2894,1765 2964,1764 3034,1763 3103,1762 3173,1761 3243,1760"/>
                <TextEquiv>
                    <Unicode>der recht alberne Text dem Komponisten keine Anregung geboten zu haben.</Unicode>
                </TextEquiv>
            </TextLine>
            <TextLine id="r2l20" custom="readingOrder {index:19;}">
                <Coords points="1836,1828 3175,1846 3249,1791 1835,1791"/>
                <Baseline points="1845,1824 1914,1824 1984,1823 2054,1823 2123,1822 2193,1822 2263,1821 2332,1821 2402,1820 2472,1820 2542,1819 2611,1819 2681,1818 2751,1817 2820,1817 2890,1816 2960,1815 3029,1815 3099,1814 3169,1813 3239,1812"/>
                <TextEquiv>
                    <Unicode>In der mänulichen Hauptrolle zeichnete sich der Tenorist Waschmann,</Unicode>
                </TextEquiv>
            </TextLine>
            <TextLine id="r2l21" custom="readingOrder {index:20;}">
                <Coords points="1827,1886 2095,1907 2224,1878 2289,1905 2589,1870 2762,1900 2867,1867 2866,1834 2814,1821 1826,1836"/>
                <Baseline points="1836,1875 1887,1875 1938,1875 1989,1875 2040,1874 2091,1874 2142,1874 2193,1874 2244,1874 2295,1873 2346,1873 2397,1872 2448,1872 2499,1871 2550,1870 2601,1869 2652,1868 2703,1867 2754,1866 2805,1865 2857,1863"/>
                <TextEquiv>
                    <Unicode>der aus Wien stammt, durch seine schöne Stimme aus.</Unicode>
                </TextEquiv>
            </TextLine>
            <TextLine id="r2l22" custom="readingOrder {index:21;}">
                <Coords points="1891,2635 2581,2665 2879,2651 2919,2593 2676,2609 2606,2580 2555,2610 2424,2584 2373,2613 2072,2576 1892,2612"/>
                <Baseline points="1902,2631 1952,2630 2002,2629 2052,2629 2103,2630 2153,2631 2203,2632 2254,2634 2304,2636 2354,2638 2405,2640 2455,2642 2505,2643 2555,2645 2606,2646 2656,2646 2706,2646 2757,2645 2807,2643 2857,2640 2908,2636"/>
                <TextEquiv>
                    <Unicode>Ausschnitt ausione Freie Presse, Wien</Unicode>
                </TextEquiv>
            </TextLine>
            <TextLine id="r2l23" custom="readingOrder {index:22;}">
                <Coords points="1897,2721 1940,2743 2063,2741 2108,2719 2175,2737 2233,2721 2265,2738 2355,2738 2370,2734 2369,2667 2261,2663 2234,2681 2177,2663 2116,2705 1945,2679 1896,2697"/>
                <Baseline points="1907,2736 1932,2737 1957,2737 1982,2737 2007,2737 2032,2736 2058,2734 2083,2733 2108,2731 2133,2730 2158,2729 2183,2728 2209,2727 2234,2727 2259,2727 2284,2729 2309,2731 2334,2734 2360,2738"/>
                <TextEquiv>
                    <Unicode>vom: 40 APfl</Unicode>
                </TextEquiv>
            </TextLine>
            <TextLine id="r2l24" custom="readingOrder {index:23;}">
                <Coords points="2365,2781 2488,2781 2520,2759 2529,2766 2551,2757 2605,2765 2598,2673 2567,2673 2527,2688 2510,2678 2473,2680 2445,2696 2417,2692 2398,2700 2388,2693 2377,2705 2359,2705"/>
                <Baseline points="2373,2752 2400,2756 2428,2755 2455,2754 2483,2751 2510,2747 2538,2744 2565,2742 2593,2743"/>
                <TextEquiv>
                    <Unicode>EE</Unicode>
                </TextEquiv>
            </TextLine>
            <TextLine id="r2l25" custom="readingOrder {index:24;}">
                <Coords points="1999,2805 3058,2831 3058,2759 3027,2749 2417,2792 1999,2779"/>
                <Baseline points="2008,2810 2060,2812 2112,2813 2164,2813 2216,2814 2268,2813 2320,2813 2372,2812 2424,2812 2476,2811 2528,2810 2580,2810 2632,2810 2684,2809 2736,2810 2788,2810 2840,2811 2892,2814 2944,2816 2996,2818 3048,2823"/>
                <TextEquiv>
                    <Unicode>Aus Berlin wird uns berichtet: Das Deutschef</Unicode>
                </TextEquiv>
            </TextLine>
            <TextLine id="r2l26" custom="readingOrder {index:25;}">
                <Coords points="1859,2864 2588,2871 2723,2849 2705,2806 2156,2835 2013,2807 1945,2828 1859,2791"/>
                <Baseline points="1868,2858 1910,2857 1952,2857 1994,2856 2037,2856 2079,2856 2121,2856 2164,2856 2206,2856 2248,2856 2291,2856 2333,2856 2375,2856 2417,2856 2460,2856 2502,2855 2544,2855 2587,2855 2629,2854 2671,2854 2714,2853"/>
                <TextEquiv>
                    <Unicode>Opernhaus in Charlottenburg füh¬</Unicode>
                </TextEquiv>
            </TextLine>
            <TextLine id="r2l27" custom="readingOrder {index:26;}">
                <Coords points="1851,2925 2854,2899 2716,2852 1850,2872"/>
                <Baseline points="1861,2903 1910,2902 1959,2901 2008,2900 2057,2899 2106,2898 2155,2898 2204,2897 2253,2897 2302,2897 2352,2897 2401,2897 2450,2896 2499,2896 2548,2896 2597,2896 2646,2896 2695,2896 2744,2896 2793,2895 2843,2895"/>
                <TextEquiv>
                    <Unicode>Kompositionen von Ernst v. Dohnanyi ir Le¬</Unicode>
                </TextEquiv>
            </TextLine>
            <TextLine id="r2l28" custom="readingOrder {index:27;}">
                <Coords points="1862,2955 3002,2931 2890,2897 1862,2914"/>
                <Baseline points="1872,2946 1928,2944 1984,2943 2040,2943 2096,2942 2152,2941 2208,2941 2264,2941 2320,2941 2376,2941 2432,2941 2488,2941 2544,2941 2600,2941 2656,2940 2712,2940 2768,2939 2824,2938 2880,2936 2936,2935 2992,2933"/>
                <TextEquiv>
                    <Unicode>erstenmal auf, die Spieloper „Tante Simon von Vill</Unicode>
                </TextEquiv>
            </TextLine>
            <TextLine id="r2l29" custom="readingOrder {index:28;}">
                <Coords points="1856,2992 3004,2992 3017,2920 2456,2965 1856,2951"/>
                <Baseline points="1865,2990 1922,2988 1979,2987 2036,2986 2093,2985 2150,2984 2207,2984 2264,2983 2321,2983 2378,2983 2436,2982 2493,2982 2550,2982 2607,2982 2664,2981 2721,2981 2778,2980 2835,2980 2892,2979 2949,2979 3007,2978"/>
                <TextEquiv>
                    <Unicode>Kendel und die Pantomime „Der Schleie der Pierrette“</Unicode>
                </TextEquiv>
            </TextLine>
            <TextLine id="r2l30" custom="readingOrder {index:29;}">
                <Coords points="1865,3033 2946,3031 3018,3019 3018,2988 1865,3000"/>
                <Baseline points="1874,3031 1930,3030 1987,3029 2044,3028 2100,3027 2157,3027 2214,3026 2270,3026 2327,3025 2384,3025 2441,3024 2497,3024 2554,3023 2611,3023 2667,3023 2724,3022 2781,3022 2837,3021 2894,3021 2951,3020 3008,3020"/>
                <TextEquiv>
                    <Unicode>von Artur Schnitzler. In der Spielozr waren die</Unicode>
                </TextEquiv>
            </TextLine>
            <TextLine id="r2l31" custom="readingOrder {index:30;}">
                <Coords points="1867,3080 3012,3076 3012,3021 1866,3033"/>
                <Baseline points="1876,3073 1932,3072 1988,3071 2044,3071 2101,3070 2157,3069 2213,3069 2270,3068 2326,3068 2382,3067 2439,3067 2495,3066 2551,3066 2607,3065 2664,3065 2720,3065 2776,3064 2833,3064 2889,3064 2945,3064 3002,3064"/>
                <TextEquiv>
                    <Unicode>Hauptrollen mit den Damen Marck und Penter sowie</Unicode>
                </TextEquiv>
            </TextLine>
            <TextLine id="r2l32" custom="readingOrder {index:31;}">
                <Coords points="1859,3124 2979,3120 3018,3073 1859,3083"/>
                <Baseline points="1869,3116 1926,3114 1983,3114 2040,3113 2097,3112 2154,3111 2211,3111 2268,3110 2325,3110 2382,3110 2439,3109 2496,3109 2553,3109 2610,3109 2667,3108 2724,3108 2781,3108 2838,3107 2895,3107 2952,3106 3009,3105"/>
                <TextEquiv>
                    <Unicode>den Herren Lehmann und Waschman; gut besetzt.</Unicode>
                </TextEquiv>
            </TextLine>
            <TextLine id="r2l33" custom="readingOrder {index:32;}">
                <Coords points="1855,3167 3014,3164 3014,3127 1854,3124"/>
                <Baseline points="1865,3160 1922,3158 1979,3157 2036,3156 2093,3155 2150,3155 2207,3154 2264,3153 2321,3153 2378,3152 2435,3152 2492,3151 2549,3151 2606,3150 2663,3150 2720,3149 2777,3149 2834,3148 2891,3147 2948,3146 3005,3145"/>
                <TextEquiv>
                    <Unicode>In der Pantomime trat heute zum erstenmal Elsa Gala¬</Unicode>
                </TextEquiv>
            </TextLine>
            <TextLine id="r2l34" custom="readingOrder {index:33;}">
                <Coords points="1863,3211 3005,3199 3004,3156 2844,3145 1863,3160"/>
                <Baseline points="1873,3200 1929,3200 1985,3200 2041,3200 2097,3199 2153,3199 2209,3198 2265,3197 2321,3196 2377,3195 2434,3194 2490,3194 2546,3193 2602,3192 2658,3191 2714,3191 2770,3190 2826,3190 2882,3189 2938,3189 2995,3189"/>
                <TextEquiv>
                    <Unicode>frés auf. Ihre Pierrette ist eine ganz vorzügliche Leistung.</Unicode>
                </TextEquiv>
            </TextLine>
            <TextLine id="r2l35" custom="readingOrder {index:34;}">
                <Coords points="1856,3248 3010,3233 3009,3201 2614,3180 2544,3209 1856,3211"/>
                <Baseline points="1866,3242 1922,3242 1979,3243 2035,3243 2092,3243 2149,3242 2205,3242 2262,3241 2319,3240 2375,3239 2432,3238 2489,3237 2545,3236 2602,3235 2659,3234 2715,3233 2772,3231 2829,3230 2885,3229 2942,3228 2999,3227"/>
                <TextEquiv>
                    <Unicode>Sie besitzt sehr viel Geist und Gewandtheit und ein geradezu</Unicode>
                </TextEquiv>
            </TextLine>
            <TextLine id="r2l36" custom="readingOrder {index:35;}">
                <Coords points="1850,3285 3021,3290 3020,3255 2938,3234 1849,3246"/>
                <Baseline points="1859,3287 1916,3286 1974,3286 2031,3285 2089,3284 2147,3283 2204,3283 2262,3282 2319,3281 2377,3281 2435,3280 2492,3279 2550,3279 2607,3278 2665,3277 2723,3276 2780,3276 2838,3275 2895,3274 2953,3273 3011,3272"/>
                <TextEquiv>
                    <Unicode>überraschendes dramatisches Talent. Ihre Partner, Herr</Unicode>
                </TextEquiv>
            </TextLine>
            <TextLine id="r2l37" custom="readingOrder {index:36;}">
                <Coords points="1851,3335 3009,3332 3008,3281 2965,3275 1851,3300"/>
                <Baseline points="1862,3328 1918,3327 1975,3327 2032,3327 2089,3326 2146,3326 2203,3326 2259,3325 2316,3325 2373,3324 2430,3323 2487,3323 2544,3322 2601,3321 2657,3320 2714,3320 2771,3319 2828,3318 2885,3316 2942,3315 2999,3314"/>
                <TextEquiv>
                    <Unicode>Linden und Herr Heyer als Pierrot und Arlecchino,</Unicode>
                </TextEquiv>
            </TextLine>
            <TextLine id="r2l38" custom="readingOrder {index:37;}">
                <Coords points="1852,3373 2885,3355 3028,3386 3003,3318 1852,3336"/>
                <Baseline points="1863,3373 1920,3372 1978,3372 2036,3372 2093,3371 2151,3371 2209,3370 2266,3369 2324,3369 2382,3368 2440,3367 2497,3366 2555,3365 2613,3364 2670,3363 2728,3362 2786,3362 2843,3361 2901,3359 2959,3359 3017,3358"/>
                <TextEquiv>
                    <Unicode>standen ihr würdig zur Seite. Beide Stücke, besonders aber</Unicode>
                </TextEquiv>
            </TextLine>
            <TextLine id="r2l39" custom="readingOrder {index:38;}">
                <Coords points="1865,3424 2995,3421 3020,3382 1865,3384"/>
                <Baseline points="1875,3414 1931,3413 1988,3413 2045,3413 2102,3412 2159,3412 2215,3411 2272,3410 2329,3409 2386,3409 2443,3408 2499,3407 2556,3406 2613,3405 2670,3404 2727,3404 2783,3403 2840,3403 2897,3402 2954,3401 3011,3401"/>
                <TextEquiv>
                    <Unicode>die Pantomime, erzielten einen ungewöhnlichen Erfolg. Nach</Unicode>
                </TextEquiv>
            </TextLine>
            <TextLine id="r2l40" custom="readingOrder {index:39;}">
                <Coords points="1853,3462 2917,3448 2978,3476 3024,3456 3024,3407 1853,3421"/>
                <Baseline points="1863,3454 1920,3455 1978,3456 2035,3456 2093,3456 2151,3456 2208,3455 2266,3454 2323,3453 2381,3452 2439,3451 2496,3450 2554,3449 2611,3448 2669,3447 2727,3446 2784,3446 2842,3445 2899,3445 2957,3446 3015,3446"/>
                <TextEquiv>
                    <Unicode>Schluß des letzten Bildes mußte Dohnanyi wenigstens, eiz</Unicode>
                </TextEquiv>
            </TextLine>
            <TextLine id="r2l41" custom="readingOrder {index:40;}">
                <Coords points="1847,3513 2707,3511 2730,3466 2012,3457 1846,3483"/>
                <Baseline points="1857,3504 1900,3504 1943,3504 1986,3505 2029,3504 2073,3504 2116,3503 2159,3503 2202,3502 2245,3501 2289,3500 2332,3499 2375,3498 2418,3497 2461,3496 2505,3495 2548,3494 2591,3493 2634,3493 2677,3492 2721,3491"/>
                <TextEquiv>
                    <Unicode>halbes dutzendmal vor der Rampe erscheinen.</Unicode>
                </TextEquiv>
            </TextLine>
            <TextEquiv>
                <Unicode>box 28/1
Ausschnitt aus:
#scindenblatt, Wien.
vom: 40.4r R. 1913
S
Berliner Premieren.
— Berlin, 9. April. (Tel. d. „Fremden=Blatt“.) Das Deutsche
Opernhaus brachte heute die Artur Schnitzlersche Pantomime
„Der Schleier der Pierrette“, Musik von Ernst v. Dohnanyi, zür Erst¬
aufführung. Das pantomimische Musikdrama übte mit seinen grellen Kontrasten
und bunter Phantastik einen großen Eindruck auf die Zuschauer aus und die
Musik, die sich den stark wechselnden Situationen geschickt und stimmungsvoll
anpaßte, erhöhte den Eindruck um ein Beträchtliches. Else Galafrés¬
Hubermann in der weiblichen Hauptrolle riß das Publikum durch ihr
prachtvolles Spiel und ihre ausdrucksvolle Mimik zu lebhaften Beifalls¬
kundgebungen hin. Am Schluß wurde der Komponist wiederholt gerufen.
Weniger erfreulich war eine einaktige Spieloper „Donna Simona“
gleichfalls von Dohnanyi, die der Pantomime vorausging. Hier scheint
der recht alberne Text dem Komponisten keine Anregung geboten zu haben.
In der mänulichen Hauptrolle zeichnete sich der Tenorist Waschmann,
der aus Wien stammt, durch seine schöne Stimme aus.
Ausschnitt ausione Freie Presse, Wien
vom: 40 APfl
EE
Aus Berlin wird uns berichtet: Das Deutschef
Opernhaus in Charlottenburg füh¬
Kompositionen von Ernst v. Dohnanyi ir Le¬
erstenmal auf, die Spieloper „Tante Simon von Vill
Kendel und die Pantomime „Der Schleie der Pierrette“
von Artur Schnitzler. In der Spielozr waren die
Hauptrollen mit den Damen Marck und Penter sowie
den Herren Lehmann und Waschman; gut besetzt.
In der Pantomime trat heute zum erstenmal Elsa Gala¬
frés auf. Ihre Pierrette ist eine ganz vorzügliche Leistung.
Sie besitzt sehr viel Geist und Gewandtheit und ein geradezu
überraschendes dramatisches Talent. Ihre Partner, Herr
Linden und Herr Heyer als Pierrot und Arlecchino,
standen ihr würdig zur Seite. Beide Stücke, besonders aber
die Pantomime, erzielten einen ungewöhnlichen Erfolg. Nach
Schluß des letzten Bildes mußte Dohnanyi wenigstens, eiz
halbes dutzendmal vor der Rampe erscheinen.</Unicode>
            </TextEquiv>
        </TextRegion>
    </Page>
</PcGts>
