3344 4352
245 168 1822 251 23. Der Schleiender Pierrette
1014 1119 1393 1213 Telephen 12.381.
490 1273 1200 1345 „UDSLRTER
314 1333 1425 1419 I. öeterr. behördl. konz. Unternehmen für Zeltungs-Ausschaltte
512 1387 1253 1471 Wien, I., Concordiaplatz 4.
718 1448 1041 1512 Vertretungen
327 1486 1440 1541 in Berlin, Basel, Budapest, Chicago, Cleveland, Christianka,
323 1541 1426 1600 Genf, Kopenhagen, London, Madrid, Mailand, Minneapolla,
324 1578 1431 1628 New-Vork, Paris, Rom, San Francisco, Stockholm, St. Peters¬
743 1620 1033 1682 burg, Toronto.
824 1653 1107 1714 abe, ehen Gewähr.)
328 1724 773 1810 Ausschnitt aus:
639 1625 1446 1922 — bee
595 1794 893 1883 25 1 1910
326 1828 494 1888 vom
437 1876 1180 1936 e e  eee
501 1936 1382 1987 * Dresdner Oper. Eine originelle und reizvolle Ur¬
435 1970 1386 2010 aufführung an der Oper hat, wie gemeldet, einen
443 2013 1383 2064 großen Erfolg gefunden. Axtur-Schnitzler hat aus
443 2054 1381 2094 seinem Renaissancedrama „Der Schiefer der Bea¬
436 2087 1386 2137 trice" das prägnanteste Motiv zu einer Pantomime
440 2132 1379 2176 verarbeitet, wobei er die Handlung in die Bieder¬
439 2169 1382 2216 meierzeit von Altwien transponierte. Dazu hat
433 2211 1382 2257 Ernst v. Dohnänyi, ein Dreiunddreißigjähriger,
439 2245 1385 2304 dermit einer Symphonie, einem Cellokonzert und
386 2278 1390 2344 +-Kämmermusikwerken viel beachtete Talentproben ge¬
443 2331 1380 2368 geben hat, eine Musik geschrieben, die mit fabel¬
443 2370 1377 2422 haftem Elan das verschollene Genre der Pantomime
443 2403 1384 2459 zur Höhe eines vollgültigen Kunstwerkes empor¬
431 2437 1380 2498 reißt. „Der Schleier der Pierette“ heißen die
432 2486 1376 2525 drei Bilder, in denen gezeigt wird, wie Pierette als
438 2523 1383 2571 Arlekinos Brant im Brautschleier zu ihrem geliebten
446 2564 1383 2614 Pierrot zurückkehrt, um mit ihm zu sterben. Das
443 2601 1380 2642 Gift trinkt aber nur er, während die Furcht vorm
444 2633 1385 2688 Tode ihr das Glas vom Munde zieht. Von Pierrots
442 2674 1383 2720 Leichnam eilt sie auf das Hochzeitsfest, wo Arlekino
433 2722 1376 2764 sie schon zornig erwartet. Aber wohin sie schaut: der
437 2752 1380 2813 tote Pierrot tritt ihr entgegen und winkt mit dem
442 2798 1377 2838 vergessenen Schleier. Sie stürzt fort, zu ihm, von
440 2834 1378 2889 Arlekino gefolgt. Der findet den Leichnam des
435 2872 1378 2925 Nebenbuhlers, treibt wilden Spott mit ihm und
440 2915 1378 2968 schließt Pierette mit ihm ins Zimmer ein. Der
434 2957 1378 2998 Wahnsinn ergreift sie bald und nach verzücktem
436 2997 1372 3036 Tanze bricht sie bei dem toten Geliebten zusammen.
426 3030 1373 3076 Eine ohne Mätzchen bis ins Kleinste malende Musik
432 3068 1385 3138 von enervierender Ausdruckskraft, stellenweise mit
431 3114 1363 3157 genialen Einfällen, romantisch durchhaucht von
424 3149 1374 3211 Altwiener Walzerklängen, aber auch zu gewaltig er¬
436 3192 1370 3233 schütternden Höhen sich aufbäumend, illustriert
427 3219 1376 3281 diese grelle Handlung. Die Instrumentation ist maß¬
431 3275 1374 3325 voll modern, aber außerordentlich wirkungsvoll und
427 3308 1372 3359 geschickt. Die Bilder sind durch Zwischenmusik ver¬
424 3350 1367 3391 bunden; ein im vollsten Orchester dahinrauschender
418 3385 1363 3436 Walzer elektrisierte das ganze Haus. Das Orchester
419 3429 1366 3464 unter Ernst v. Schuch spielte diese fast hemmungs¬
419 3468 1365 3520 los fließende Musik mit unerhörtem Schwung, so daß
412 3506 1363 3558 ein Jubel das Hans durchbrauste, als sich endlich
420 3547 1367 3596 auch Schuch neben den viele Male hervorgerufenen
423 3585 1374 3637 Hauptdarstellern, Fräulein Tervani und Herren
415 3622 1265 3685 Spot und Trede und dem Komponisten, zeigte.
969 3662 1362 3736 Felix Zimmermann
2001 160 2410 253 box 27/5
2578 1480 2912 1557 eiephon 12.681.
2046 1609 2757 1698 „UDSERVER
1864 1670 2990 1759 I. öeterr. behördl. konz. Unternehmen für Zeitunge-Ausechaltte
2064 1736 2794 1805 Wien, I., Concordiaplatz 4.
2273 1790 2602 1855 Vertretungen
1862 1830 2981 1906 in Berlin, Basel, Budapest, Chicago, Cleveland, Christlanta,
1866 1884 2975 1932 Genf, Kopenhagen, London, Madrid, Mailand, Minnespolts,
1858 1928 2968 1971 New-Vork, Paris, Rom, San Francisco, Stockholm, St. Pelese¬
2272 1963 2580 2017 burg, Toronto.
2198 1997 2657 2063 (Scu
1861 2071 2328 2138 Ausschnitt aus:
1870 2144 2339 2226 vom: 45.0AN. 199
2333 2186 3030 2289 ## Abendzeitung, Leipzig
1973 2344 2913 2420 Premierenrundschau. Aus Dresden wird
1911 2382 2912 2456 kuns berichtet: Der Schleier der Pierrette,
1928 2446 2404 2499 Pantomime von Arthur
2404 2442 2910 2503 Schnitzler Musik von Ernst
1935 2480 2898 2546 v. Dohnänni, sanraführung im Dresdner
1933 2515 2574 2568 Opernhaus stürmischen Beifall..
2684 2525 2902 2575 egfried
1922 2569 2901 2622 Wagners neue Oper „Bana Dietrich“ wurde
1932 2599 2905 2658 bei der gestrigen Uraufführung im Karlsruher Hof¬
1929 2638 2915 2715 theater ebenfalls sehr beifällig aufgenommen.
1980 2669 2244 2722 ###
