3344 4320
1950 129 2382 218 box 28/1
479 160 521 205 7
220 142 1803 241 23. M## Schleier der pierrette
973 474 2275 522 Schleier zu ihrem Geliebten, von dem sie nicht lassen kann. Gemeinsam
973 516 2274 570 wollen sie sterben. Pierrot trinkt das tödliche Gift, doch sterbend stößt er
973 554 2278 609 Pierretten den Becher aus der Hand. Von der Leiche flieht Pierrette
975 582 2280 654 in wahnsinnigem Schreck. Unterdessen vermißt man sie beim Fest. Harle¬
973 647 2279 706 kin schäumt vor Wut. Als sie dann erscheint wird sie von der Erscheinung
960 683 2275 739 des toten Pierrot in ihren Angstvorstellungen verfolgt. Der Bräutigam
962 731 2275 772 bemerkt, daß ihr Schleier fehlt. Er folgt der Fliehenden zur Wohnung des
971 762 2274 825 Geliebten, findet den Toten und beginnt nun ein teuflisches Spiel mit
963 808 2274 871 ihm. Ins Sofa wird der tote Pierrot gelegt, Harlekin trinkt ihm zu,
961 840 2280 903 zwingt Pierrette, sich zu dem schaurigen Gelage zu setzen und sperrt sie
976 901 2277 958 schließlich bei ihm ein. Da kommt der Wahnsinn über Pierrette. Sie tanzt
974 933 2282 1006 und tanzt, bis sie tot umsinkt. Eindringende Freunde Pierrots finden
963 988 1770 1042 entsetzt die im Tode vereinten Liebenden.
1052 1012 2273 1082 Diese Inhaltsangabe läßt den Schluß krisser erscheinen, als er ist
966 1063 2271 1126 oder zu sein braucht. Pierrots vorsichtiges Kostüni mildert hier vieles.
970 1116 2267 1168 Man sieht, daß dieses Buch dem nachschaffenden Musiker reiche Möglich¬
968 1165 2275 1216 keiten bietet. Man darf sagen, daß Dohnanyi sie ganz vorzüglich zu nutzen
968 1200 2273 1261 verstanden hat. Seine Musik ist nicht eigentlich das, was man originell
966 1246 2273 1296 nennt, zugegeben. Er ist Eklektiker. Aber es steckt ein ganzer Mensch
971 1289 2268 1342 hinter diesem Werk. Das gibt den Ausschlag. Eine blühende Melodik
974 1324 2273 1385 ist in dieser im besten Sinne des Wortes modernen Musik, ein erlesener!
963 1357 2278 1429 Geschmack lebt in ihr und andererseits ein sehr starker dramatischer Nerv.
967 1418 2264 1454 So nimmt man's nicht allzu schwer, wenn thematische Anklänge sich ein¬
963 1460 2272 1503 stellen und etwa gleich die ersten Noten, die erklingen, das Hauptthema
972 1491 2273 1558 des Ganzen, das pathetische Symbol Pierrots, an Brünnhildens Recht¬
962 1546 2271 1603 fertigung „War es so schmählich“ anklingt, oder dann gleich hinterher
963 1582 2278 1620 aus dem Fiebertraum von „Tod und Verklärung" Erinnerungen aufsteigen.
962 1620 2277 1685 Mit der beste Teil dieser Musik sind ihre Tänze. Gleich zu Anfang tanzen
960 1675 2269 1729 da Pierrots Freunde mit ihren Mädchen einen langsamen Walzer, der
955 1713 2270 1781 zum Entzücken lieblich und schmiegig ist. Rauschende Walzerklänge er¬
966 1757 2262 1807 öffnen das zweite Bild — drei Bilder ziehen in fünf Viertelstunden ohne
964 1800 2269 1843 Unterbrechung vorbei — ein harmonisch unendlich feines Menuett löst
966 1839 2273 1898 sie ab. Und dann kommt der Höhepunkt: Die Gespenstererscheinung
969 1885 2262 1932 Pierrots. Harlekin hat in blinder Wut die Instrumente der zum Tanz
964 1933 2267 1984 aufspielenden Musiker zertrümmert. Nun soll wieder getanzt werden. Entsetzt
964 1970 2273 2013 weisen die Musikanten auf ihre zerstörten, falsch klingenden Instrumente.
954 2013 2271 2054 Doch „Tut nichts, nur spielen!“ heißt es. Und da erklingt nun eine Schnell¬
954 2055 2261 2112 polka, die etwas wahrhaft Spukhaftes hat. In B=Dur bläst die Klarinette
961 2102 2274 2157 andauernd h, der Klavierspieler greift im Baß e für k. Wundervoll
961 2143 2274 2204 sein ist das gemacht. Eine fahle Dämmerung breitet sich über die tanzenden
958 2186 2275 2235 Paare. Und während die groteske Polka unermüdlich weiter hüpft;
952 2236 2273 2291 und zappelt, schreitet langsam von seinem drohenden Posaunenmotiv
958 2269 2265 2326 geleitet, der tote Pierrot durch den Saal. Dieser Szene ist auf
956 2322 1965 2371 der musikalischen Bühne wenig an die Seite zu stellen.
1044 2357 2263 2412 Das dritte Bild fiel ursprünglich etwas ab. Der Wahnsinns¬
966 2396 2265 2445 tanz der Pierrette war Dohnanyi nicht so ganz gelungen. Er hat sich
968 2430 2265 2481 dann zu einer Umbearbeitung dieses Teils entschlossen, die der Bres¬
968 2481 2260 2544 lauer Aufführung zugrunde lag. Aus dem fortlaufenden Tanz ist
956 2522 2273 2577 jetzt mehr eine mimische Szene geworden voll starken drama¬
964 2567 2265 2610 tischen Lebens. Diese Lösung ist ganz unvergleichlich besser als
961 2609 1172 2676 die erste.
1038 2651 2254 2711 Man hatte sich mit dem ungemein schwierig wiederzugebenden
968 2688 2263 2749 Werk im Schauspielhaus große Mühe gegeben. Kapellmeister
965 2741 2262 2781 Weiner hatte sein Orchester bedeutend verstärkt, als Regisseur
967 2781 2266 2841 war vom Charlottenburger Deutschen Opernhause Dr. Hans Kauf¬
963 2825 2261 2869 mann herbeigerufen worden. Wenn dennoch die Aufführung nur
958 2869 2262 2912 eigentlich in groben Umrissen ein Bild von der Schönheit dieses
955 2908 2260 2961 Werkes geben konnte, so lag das eben daran, daß die Kräfte, die
964 2948 2266 2998 man zur Verfügung hatte, im großen und ganzen für solche Zwecke
960 2993 2265 3054 nicht ausreichten. Mit einem Operettenorchester und einem
965 3031 2259 3084 Operettenchor läßt sich eben etwas derartiges nicht ausschöpfen.
953 3083 2252 3128 In der Inszenierung konnte man sich mit vielem keineswegs ein¬
962 3114 2271 3181 verstanden erklären. Pierrots Zimmer, in dem fortwährend
964 3174 2257 3218 getanzt wird, war mit Möbeln geradezu verbaut. Der schlafende
964 3211 2265 3270 und später der tote Pierrot lagen so dem Kommenden vor der
956 3250 2258 3299 Nase, daß das lange Suchen nach ihnen geradezu lächerlich erschien.
954 3292 2252 3342 Der Straßenprospekt vor dem Fenster war zu dicht, die Nacht
961 3320 2269 3394 draußen kohlschwarz ohne jedes Licht. Auf Harlekins Hochzeit
963 3364 2266 3434 trank man aus uralten furchtbar verbeulten Theaterbechern. Die
957 3420 2262 3475 Erscheinung des Pierrot am Büfett blieb den meisten Zuschauern
954 3461 2257 3527 unsichtbar. Auch das völlige Abdrehen alles Lichts beim Er¬
958 3500 2265 3552 scheinen des toten Pierrot wirkte nicht angenehm. Derlei ließe
954 3549 2261 3619 sich noch mehr ausstellen. Chor und Orchester können weder
959 3595 2251 3646 einen wirklich eleganten Walzer; spielen, noch viel weniger ihn
954 3633 2253 3704 tanzen. Es war ein ziemlich unrhythmisches Lämmerhüpfen, was
951 3661 1479 3730 man da zu sehen bekam.
1034 3696 2247 3760 In all diesen Dingen mußte die Phantasie gutwillig mithelfen.
949 3763 2251 3812 das Bild zu ergänzen. Besser stand es um die Hauptdarsteller.
954 3807 2258 3860 Zwar Herr Brunner schöpft die Rolle des Pierrot noch nicht aus.
954 3842 2259 3883 Das meiste sieht noch eingelernt, ungefühlt aus. Am besten war
950 3883 2254 3943 sein Mienenspiel. Dafür ist seine Partnerin Frl. Zulka um so
949 3920 2251 3986 besser. Nicht eigentlich im ersten Bilde. Das Mahl vor dem
957 3951 2259 4043 freiwilligen Tode wurde zum höchst sorglosen Tôte-a-téte, dem
949 4006 2244 4067 prachtvollen, wehmütig graziösen Trauermarsch zum Trotz, den
959 4058 1515 4109 Dohnanyi dazu geschrieben.
1034 4094 2252 4154 Dann aber, mit dem Eintritt des blutigen Ernstes, hob sich
