3392 4352
1946 206 2380 288 box 28/1
217 208 1784 317 23. Der Schleiender Pierrette
1886 807 2200 954 Ge0
2172 930 2225 1005 —
2126 1045 2236 1109 843
823 1181 1611 1283 „Der Schleier der Pierrette.“
932 1284 2235 1355 Wenn Arthur Schnitzler eine Pantomime dichtet und Ernst
811 1310 2231 1402 v. Dohnänyi die Maschreibt, so mag die Wiener Hof¬
824 1381 2235 1437 oper die moralische Verpflichtung fühlen, das Werk aufzuführen.
825 1428 2228 1506 Lange genug harren das Ballett und die mimische Kunst neuer,
815 1492 2234 1554 moderner Aufgaben. Laut und eindringlich ertönt von allen Seiten
823 1535 2234 1600 der Ruf: Führt die heimischen Dichter auf! Gebt den lebenden
825 1582 2242 1621 Musikern ihr Recht! Nehmt tätigen Anteil an der Gegenwart!
827 1630 2232 1683 Fördert dadurch die Zukunft! Trotzdem hat Weingartner, dem
813 1681 2238 1749 wir so oft Unrecht geben mußten, wirklich Recht gehabt, als er
829 1727 2230 1785 den „Schleier der Pierrette“ verneinend zurückwies. Gregor glaubte,
819 1779 2238 1838 ihn beschämen zu müssen und siehe: Das Werk hat vollständig
826 1838 2245 1917 versagt; keine einzige der erwarteten Sensationen ist in Erfüllung
817 1877 1047 1949 gegangen.
946 1932 2235 1999 Schon der Titel ist ein Aufsitzer. Pierrette besucht nach ihrer
817 1979 2234 2049 Hochzeit im Brautschleier ihren Freund Pierrot, um mit ihm
824 2019 2169 2094 Gift zu nehmen. Dürfen sie sich im Leben nicht angehören,
826 2082 2237 2147 wollen sie im Tode vereint sein. Pierrette selbst besteht auf diesem
826 2129 2227 2193 tragischen Entschlusse, während Pierrot lieber mit ihr entfliehen
814 2180 2234 2217 möchte. Aber zuletzt nimmt doch nur er das Gift; ihr entsinkt
821 2219 2224 2265 der Mut. Tot liegt er zu ihren Füßen und sie — die Leichtfertige
899 2269 2232 2320 lebt und kann ihm nicht mehr folgen, da er sterbend und hohn¬
820 2316 2228 2363 lachend ihr Glas zersplittert hat. Entsetzt eilt sie zurück zum Hoch¬
820 2375 2225 2421 zeitsfeste; der Schleier, der ihr vom Haupte geglitten, bleibt im
818 2419 2229 2477 Zimmer Pierrots. Ihr Bräutigam Arlechino, dessen Eifersucht
818 2470 2225 2525 schon durch ihre Abwesenheit bis zur Wut gereizt wurde, entdeckt
816 2522 2227 2567 natürlich auch das Fehlen des Schleiers. Damit ist aber dessen
825 2561 2222 2626 Rolle ausgespielt; er hat für die Handlung, in der er auf das
817 2619 2236 2657 leichteste entbehrt werden könnte, gar keine Bedeutung mehr und
813 2675 2230 2732 auch als Symbol kommt er nicht zur Geltung. Nicht einem in
821 2704 2230 2783 dem unschuldigen Schleier verborgenen Zauber, sondern der Macht
824 2755 2219 2816 des Toten ist Pierrette verfallen. Dieser erscheint ihr mitten unter
817 2814 2222 2864 den Hochzeitsgästen (allerdings „mit dem Schleier in der Hand“),
816 2861 2234 2936 ihm folgt sie willenlos bis in seine Wohnung, dort findet Arlechino
815 2907 1501 2975 die Leiche. Nun weiß er sich
1588 2913 2229 2978 auch ohne Schleier — den
811 2965 2228 3029 richtigen Reim zu machen. Seine Rache ist grausam: er setzt den
805 3023 2226 3081 Toten aufrecht an den Tisch und sperrt die Braut mit ihm ein.
817 3059 2227 3111 Pierrette wird wahnsinnig. Dabei fängt sie, nach den Gesetzen
822 3099 2223 3177 des Bühnenwahnsinns und der Pantomime, zu tanzen an. Hin¬
821 3160 2219 3226 gegen widerspricht es diesen Gesetzen, daß Pierrot unbeweglich
819 3192 2226 3280 sitzen bleibt. Ob wir nun selbst geneigt sind, an seine gespenster¬
814 3254 2233 3321 hafte Wiederbelebung zu glauben, oder ob wir das Ganze nur als
821 3304 2222 3352 eine Vision des zerrütteten Hirnes der armen Pierrette auffassen
820 3358 2222 3419 wollen — wie die Erscheinung Pierrots im Festsaale —, in jedem
814 3403 2230 3472 Falle wäre es das Natürlichste von der Welt, daß er sich jetzt
817 3457 2234 3533 erhebt und Pierrette zum Tanzen auffordert, um tanzend mit ihr
2293 895 2440 1069 4
