3392 4384
1919 154 2386 248 box 28/1
199 174 1763 271 23. Der Schleiender- Bierrette
402 441 812 518 lusschnitt aus:
820 436 1503 547 umner Neueste Nachrichten
660 496 855 583 ARS
402 548 528 609 #
821 533 1425 631 # Mart#sihtunen lebhaft
448 555 717 661 S#miert.
527 612 1418 693 „Der Schleierder Pierette“ eine Pan¬
493 668 1411 723 tomime in drei Bildern von starker Realistik und
479 693 1417 764 dramatischer Kraft von Artur Schnitzler. Musik
485 725 1418 809 von Ernst v. Dohnauht
484 778 1416 849 abend, wie uns ein Privattelegramm meldet, im
480 819 1409 887 Charlottenburger Opernhaus einen
480 858 1412 927 lebhaften und berechtigten Erfolg. Die Partitur
486 895 1409 959 ist eine in jeder Hinsicht hervorragende Arbeit.
485 934 1413 1005 Die der Pantomime vorausgegangene einaktige
482 971 1409 1035 Spieloper „Tante Simona“ von demselben
470 1008 1407 1072 Komponisten ist zwar auch nicht arm an reizenden
470 1054 1404 1101 Einzelheiten, reicht aber mit ihrem mehr als
472 1086 1414 1160 harmlosen Buche sowie auch musikalisch nicht an
467 1131 1406 1181 das erstgenannte Werk heran. Die beiden Auffüh¬
485 1164 1405 1226 rungen waren recht gut. Der Komponist konnte
477 1199 1416 1278 wohl ein dutzendmal den Dank des Hauses vor den.
478 1245 990 1298 Vorhang entaegennehmen.
1069 1247 1411 1314 Goettmann
509 1274 1463 1350 Direktor Barnowsky hat für seine ers# —
471 1314 1445 1394 Spielzeit im Lessing=Theater“ „Die Brüder
1095 1359 1434 1436 SeAe
695 1813 1785 1903 Ausschnitt aus: National Zeitung, Berlin
811 1892 1312 2004 11 APRit 1913
703 1948 851 1998 vom:
1973 2005 2105 2083 S
680 1944 762 2102 —
1781 2072 3040 2132 anmutige Zofe Mizzi Finks abfallen. Krasselt dirigiertes
1794 2106 2584 2172 voll Laune. Die Dekoration ist reizend.
1022 2081 1448 2212 Feuilleion.
1874 2157 3042 2219 Da hat doch die Handlung von „Schleier de: Pier¬
1806 2198 3015 2250 rette“ eine andere Schneid! Pierrette stiehlt sich im Braut¬
1814 2244 3011 2313 schleier von ihrem ungeliebten Bräutigam Arlecchino zu dem ver¬
1802 2294 3007 2346 zweifelten Pierrot fort. Das Pärchen win gemeinsam sterben.
883 2271 1559 2370 Deutsches Opernhaus.
1806 2338 3003 2395 Pierrot nimmt's genau und verschluckt auch wirklich sein Por¬
679 2342 1808 2416 S. Pg.) Das Deutsche Ofeguhauls führte gestern die
1806 2377 2996 2434 tiönchen Gift; indessen Pierrette, feige geworden, im letzten Augen¬
608 2398 1809 2462 einaktige sömssche Oper st. Bant# Simona“ von Viktor
1815 2428 2991 2477 blick vom Vertrage zurücktritt. Unterdessen bekommt der verlassene
605 2454 1805 2513 Heindl jumsdel (Schnftzlersche Pantomime „Der
1807 2472 2993 2524 Bräutigam inmitten einer festlichen Hochzeitsgesellschaft Tobsochts¬
611 2495 1808 2557 Schleieg& Pierrette“ zum erstenmal auf. Die Musik
1815 2498 2993 2560 anfälle. Die verstörte Pierrette kehrt endlich zurück. Alles ver¬
605 2531 1796 2598 zu beiden Werken fließt aus der Feder Ernst von Dohnänyis,
1809 2555 2989 2610 ziehen? Keine Rede. Nach ein paar gruseligen Erscheinungen des
611 2583 1799 2637 des ausgezeichneten Pianisten und Pädagogen, den man den Ber¬
1805 2584 2993 2641 toten Pierrot „brüllt, Arlecchino: „Wo ist dein Schleier, Pier¬
602 2622 1716 2675 linern auch als Komponisten nicht mehr vorzustellen braucht.
1805 2643 2988 2702 rette?“ Beide ab nach Pierrots Behausung. Der angenehne
689 2676 1798 2735 Donna Simona wünscht ihre Nichte Beatrice vor den Ent¬
1816 2679 2995 2740 Arlecchino arrangiert nun ein teuflisches Schäferstündchen mi
620 2724 1810 2776 täuschungen der Liebe zu bewahren, die sie selbst — in jungen
1817 2721 3004 2778 Pierrette, wobei der Tote mit verglasten Augen in der Divanecke
613 2768 1796 2820 Jahren — hatte durchkosten müssen, und hält das junge Mädchen
1805 2773 2997 2837 lehnen muß. Kein Wunder, wenn die arme kleine Pierrette schließ¬
615 2809 1805 2861 vor der Männerwelt socgfältig verborgen. Doch weiß sich Graf
1808 2817 2523 2880 lich vom Wahnsinn gepackt wird....
614 2857 1814 2912 Ghino in der Maske eines taubstummen Gärtners einzuschleichen.
1872 2840 3005 2935 Also wirklich, stammt diese ausbündig gruselige scène à faire
610 2896 1808 2954 Als er, sein Inkognito lüftend, Beatricen seine Liebe gesteht, wird
1816 2913 2999 2965 von Arthur Schnitzler? Verehrter arbiter elegantiarum, wo
612 2939 1797 2991 das Pärchen von Tante Simona überrascht. Beatrice soll ins
1809 2944 3000 3009 blieb da Ihr bewährter feiner Geschmack? Mußten aus den Prä¬
606 2985 1808 3040 Kloster gesteckt werden. Mittlerweile läßt sich aber Simona im
1817 2999 3012 3067 missen Ihres „Schleiers der Beatrice“ solch knallige Konklusionen
604 3027 1808 3079 zärtlichen Tete=a#tete mit ihrem alten Anbeter Grafen Florio
1808 3043 2148 3111 gezogen werden?
612 3067 1809 3123 ertappen, was einer Preisgabe ihrer sittenstrengen Grundsätze
1889 3065 3003 3139 Schade, daß Schnitzlers böses Beispiel die guten Sitten Doh¬
614 3120 1806 3184 gleichkommt. Tante Simona muß verzeihen, und der Vorhang
1814 3123 3000 3183 nänyis nicht verderben konnte. Dohnänyis Kraßheit ist von der
615 3153 1292 3217 schließt sich über zwei Brautpaaren.
1812 3161 3003 3233 frisierten Art, seine getanzte Wahnsinnsarie atmet eine höchst un¬
693 3209 1802 3274 Abgebrauchte Singsvielsituationen also, denen ein geringes
1814 3210 2997 3276 gefährliche Bizarrerie. Igor Stravinsky, ich bitte dir jetzt vieles
610 3257 1805 3305 Interesse im vorhinein sicher ist. Und die Musik? Ihr gegenüber
1812 3254 3003 3309 ob. Sollen wir die Komponisten zitieren, die der Komponist in
1811 3304 2999 3356 seinem „Schleier“ zitiert? Wagner ist schon in Takt eins der
614 3301 1801 3355 befindet sich der Referent in der Lage eines Mannes, der die Ein¬
1811 3329 3004 3397 Partitur nicht zu übersehen; später gesellen sich Lanner, Delibes
615 3343 1797 3397 drücke schildern soll, die er in der Gesellschaft wohlanständiger,
1816 3385 3011 3449 und Richard Strauß fruchtbringend hinzu. Sehr hübsch ein Alla
608 3387 1794 3446 aber herzlich unbedeutender Leute empfangen hat, jener Leute,
607 3437 1794 3487 die sich unausgesetzt an die Einfälle anderer erinnern müssen,
1805 3435 2459 3498 marcia, H=Moll, im ersten Bilde.
1874 3443 3015 3538 Die anmutige Gastin Frau Huberman=Galafrés
602 3484 1806 3534 weil ihnen selbst so wenig einfällt. Der Vergleich stimmt. Doh¬
1815 3509 2999 3571 bot als Pierrette Ausgezeichnetes. Ihr zunächst stand Heyers
612 3522 1807 3572 nanyis wohlgesetzte und gut instrumentierte Musik verfügt über
604 3565 1801 3619 ein treffliches Gedächtnis für das, was „die andern“ zu Zeiten,
1808 3553 3003 3615 Arleechino. Einar Linden war ein ganz guter Pierrot. Herr
1818 3592 3005 3657 von Dohnänyi dirigierte seine Pantomime als liebevoller Vater.
599 3608 1796 3661 die gewesen sind, bei ähnlichen Anlässen vorgebracht haben. Nun
1810 3629 3010 3695 Dekorationen und Kostüme bezeugten wieder das starke Talent
609 3660 1809 3706 erfreut sich aber auch das Publikum eines guten Gedächtnisses, und
1808 3682 3005 3751 Wunderwalds. In beiden Novitäten zeichnete der tüchtige
609 3695 1807 3748 so kam es, daß der Beifall nach „Tante Simona“ nicht ohne ener¬
1807 3740 2783 3791 Dr. Kaufmann als verantwortlich für die Regie.
603 3737 1810 3802 gischen Widerspruch blieb. Die Träger der Hauptpartien Louise
1881 3750 3022 3827 Der äußere große Erfolg von „Schleier der Pierrette“ Mieb!
607 3779 1819 3836 Marck, Eleanor Painter, Ernst Lehmann und Carl
611 3823 2602 3895 Waschmann mögen erwähnt werden; Lob kann bloß für die unbestritten. Dohnänyi wurde oft gerufen.
2626 4049 3134 4153 Knt eescher sre wrchitihei c n eer
