3436 4352
1450 85 2184 155 eree
1141 134 2185 192 schen Helden über die Bühne führt, sondern aus
1147 184 2182 251 wahrer Volkstümlichkeit hervorholt, mit seinen ersten
1135 228 2175 303 Tönen, in denen nicht nur was wir gemeinhin Musik
1140 285 2181 343 nennen, sondern eine ganze Persönlichkeit zum Vollen
1134 335 2187 402 kommt, wurde sofort ein Strom von Gefühlen ins
1135 384 2179 448 Publikum geleitet. Allein ein Darsteller, der, wie Ca¬
1134 420 2187 502 ruso, über den reichsten künstlerischen Besitz gebietet,
1138 483 2170 549 kann diese freie, kaum mit einem Augenzwinkern an¬
1137 526 2176 604 gedeutete Heiterkeit auf dem Karren des Bajazzo so
1138 571 2183 637 unbefangen und natürlich, kann diesen Zorn und
1129 633 2181 699 Jammer in solcher Wahrheit äußern, die kleinlicher
1125 672 2172 753 Hilfen nicht bedarf. Allein ein Sänger, der die Voll¬
1136 733 2176 792 endung ist, kann mit solcher Selbstverständlichkeit,
1123 780 2178 854 welche die technische Arbeit kaum ahnen läßt, die künst¬
1135 833 2171 907 lerische Überlegenheit seines Stammes, seiner Schule,
1129 883 2171 955 seiner Individualität offenbaren. Man müßte ein
1123 935 2171 991 deutscher Tenor sein, um die Kunst Carusos mit dem
1127 976 2167 1042 rings um Caruso üblichen Hervorstoßen und Aus¬
1132 1030 2162 1105 pressen von Tönen auch nur in Vergleich zu stellen.
1124 1084 2175 1158 Wo jeder Ton, jede Tonreihe für sich ein ganzes
1131 1138 2181 1199 Kunstgebiet repräsentiert, kann schließlich die Härerschaft.
1179 1199 2210 1245 auch bloß durch ein paar Szenen zur Bewunderun
1182 1252 2200 1314 seltener Phänomene der Stimme und der Technik hir
1188 1297 2187 1358 gerissen werden. So ist es gestern auch geschehen....
1227 1345 2199 1393 Artur Schnitzlers „Schleier der Pierrette“ ist m
1185 1399 2197 1455 seinem Renaissance=Schauspiel „Der Schleier de
1186 1448 2203 1519 Beatrice“ verwandt. Für das liebe Alt=Wien, durch da
1176 1500 2206 1546 die Pantomime den verhängnisvollen Schleier wehe
1175 1556 2195 1599 läßt, ist die Handlung wohl zu grausig. Pierrette be
1174 1601 2203 1659 sucht, nach Sitte Anatols, kurz vor dem Hochzeitsfes
1186 1651 2198 1703 das sie mit Arlechino vereinigen soll, noch einmal de
1181 1707 2201 1750 geliebten Pierrot, den sie zu Gunsten der gut bürge
1175 1749 2227 1800 lichen Ehe verlassen hatte. Pierrette ist im Brautkleid,
1184 1802 2228 1855 mit Myrte und Schleier. Ein Doppelselbstmord, wie
1184 1854 2212 1915 ihn die Lokalchronik öfters zu erzählen hat, wird in¬
1184 1906 2226 1957 szeniert. Bei dem Abschiedssouper trinkt Pierrot ein
1178 1962 2223 2012 Gift, das Pierrette mitgebracht hat. Pierrette findet den
1173 2011 2217 2053 Mut nicht, das Gleiche zu tun. Er sinkt tot um — sie
1179 2054 2225 2120 flieht zurück in das Leben, zum Hochzeitsfest, läßt
1186 2114 2218 2172 aber den Schleier bei der Leiche zurück. Die Hochzeits¬
1175 2165 2216 2217 gäste und der Bräutigam Arlechino haben Pierrette
1175 2196 2218 2277 im Saale vermißt. Endlich erscheint sie, verstört, von
1175 2259 2223 2324 Wahnbildern geängstigt. Der Geist des toten Pierrot
1167 2310 2211 2362 verfolgt sie und lockt sie mit dem Schleier hinweg.
1171 2356 2219 2421 Arlechino stürzt ihr nach. Beide eilen in Pierrots
1179 2406 2224 2459 Zimmer. Da liegt der Schleier, weiß schimmernd, im
1174 2463 2215 2524 dunklen Zimmer. Der eifersüchtige Arlechino stößt auf
1172 2519 2218 2568 Pierrot, den er für betrunken hält. Wie er aber ge¬
1171 2567 2210 2619 wahr wird, daß ein Toter auf dem Boden liegt, kommt
1177 2615 2217 2681 er auf einen tückischen Einfall. Er legt den toten Pierrot
1169 2665 2219 2729 in einen Sessel, zwingt mit teuflischem Lächeln Pierrette
1173 2714 2208 2778 herbei; sie muß mit ihm und mit dem Toten sich zu
1176 2766 2211 2820 Tische setzen. Arlechino trinkt ihr und der Leiche zu.
1171 2817 2203 2870 Dann verläßt er die Armste mit der mimischen Ver¬
1165 2867 2211 2932 sicherung: „Du bist ja in guter Gesellschaft!" Pierrette
1169 2916 2207 2972 will Arlechino nacheilen — er hat aber die Tür ver¬
1163 2974 2208 3040 sperrt. Pierrette wird vom Wahn Ba# führt einen
1165 3012 2203 3080 Irrsinnstanz auf und sinkt tot um. . .. Trotzdem Frl.
1174 3063 2215 3112 Jamrich als Pierrette, die Herren Czadill und
1174 3114 2205 3165 Godlewski für die Dichtung ihre Kräfte eifer¬
1165 3171 2206 3224 voll einsetzten, schien das Publikum von der schaurigen
1174 3222 2209 3283 Angelegenheit nicht berührt. Die Inszenierung war
1178 3265 2207 3333 dem Werk auch keine Hilfe. Die Geistererscheinungen,
1170 3319 2211 3377 welche die lebensvolle Hochzeitsfeier beschleichen sollten,
1170 3371 2206 3419 waren in der primitivsten Weise hergestellt. Auf dem
1168 3424 2202 3476 Höhepunkt der pantomimischen Tragödie wurde so die
1174 3471 2207 3515 Absicht des Dichters vereitelt. Auch die Musik
1169 3515 2209 3586 Dohnänyis wirkt der Darstellung entgegen. Sie
1156 3571 2201 3626 demonstrie# thematische Verwicklungen, ein Wirrnis von
1158 3612 2219 3680 Leitmotiven, sucht in das Musikdrama zu wachsen und,
1163 3664 2210 3727 hält die Vorgänge durch allerlei Tonoperationen unge¬
1160 3723 2212 3788 bührlich auf. Dohnanyi ist ein belesener, gebildeter
1154 3768 2210 3859 Musiker, dem es nur leider an quellender Erfindung
1156 3818 2203 3886 mangelt. Seine Musik ist unpersönlich oder eigentlich
1161 3870 2209 3922 Musik vieler Personen, unter denen er Richard Wagner
1159 3921 1905 3986 am hartnäckigsten an sich gezogen hat.
2015 3933 2189 4020 B
