3436 4384
254 142 429 243 23
431 131 1837 242 DerSchleiender-Pierrette
964 3166 1702 3269 Aus Berliner Theatern.
797 3280 1352 3365 Hantömime und Oper.
915 3330 1843 3433 Im „Deutschen Opernhause“
812 3398 1867 3481 Charlottenburg, verblüffte der Ungar
815 3454 1866 3555 Ernst von Dohnänyi als musikalischer
826 3528 1862 3615 Illustrator einer unbedingt bedeutsamen Pan¬
815 3564 1863 3674 tomime: „Der Schleier der Pierrette“.
816 3638 1876 3719 langweilte derselbe Komponist als tonkünstleri¬
824 3707 1880 3780 scher Geleitsmann eines gegenstandslosen und
830 3750 1892 3848 im musikalischen Stil verfehlten Operneinakters
1994 108 2408 197 box 28/1
2761 785 2887 858 251
1767 817 2004 889 zenwart.
1841 922 2885 1033 „Tante Simona“. Die Gesten zur Pan¬
1843 994 2908 1083 tomime hat kein Geringerer als Artur Schnitzler
1848 1046 2896 1129 „gedichtet“; und er hat dabei, der Methode
1857 1099 2909 1192 der Verfilmung vorgreifend, eines seiner sinn¬
1858 1163 2883 1253 vollsten Dramen: „Der Schleier der Beatrice“
1851 1215 2909 1293 um seinen Wortbesitz gebracht. Bei diesem Pro¬
1860 1288 2916 1371 zeß ist das Zeitalter der Renaissance etwa dem
1860 1335 2913 1433 Zeitalter Heuri Murgers gewichen: und statt
1862 1403 2915 1493 der armen Beatrice, die in ihrer Hochzeitsnacht
1869 1455 2909 1538 ihren holden Buhlen, den Dichter Filippo Loschi
1857 1530 2916 1612 aufsucht, um ihn süße Abschiedswonnen kosten
1867 1589 2910 1655 zu lassen, enteilt hier, das Symbolische der
1876 1649 2919 1738 Handlung vertiefend, ihr Menschliches ver¬
1866 1716 2919 1779 kleinernd, Pierrette ihrem Ehemann Arlechino
1866 1763 2924 1840 und dem Hochzeitstrubel, um mit Pierrot, dem
1872 1820 2921 1900 Heißgeliebten, sich zum Doppelselbstmord zu ver¬
1868 1881 2926 1969 binden. Auch sonst weicht die Pantömime nur
1884 1942 2933 2028 in kleinen Schattierungen, aber nicht in den
1875 2009 2922 2087 Hauptwirkungen von dem effekt= und gedanken¬
1887 2053 2944 2156 vollen Urbild ab. Pierrette läßt den trostlosen
1882 2114 2938 2204 Geliebten allein die Reise in „jenes Land“ an¬
1894 2169 2929 2256 treten, ohne daß sie die Kraft hat, ihn zu ge¬
1886 2230 2944 2310 leiten, und eilt ins Hochzeitshaus zurück.
1891 2301 2942 2363 Pierrots Schatten, der vor ihr aus dem fest¬
1887 2359 2951 2441 lichen Treiben aufsteigt, hetzt sie dann wieder in
1887 2419 2941 2490 die zur Leichenstube gewordene Dachkammer.
1888 2474 2941 2571 Ihr Mann folgt ihr, nimmt für das, was er
1895 2532 2951 2626 aus der Situation abliest, Nache, indem er
1902 2584 2955 2673 Pierrette mit dem toten Pierrot zusammensperrt
1903 2642 2959 2728 und sie so erst dem Wahnsinn, dann dem Tode
1912 2723 2959 2799 ausliefert. — Ich bin, im Gegensatz zu den
1901 2778 2899 2861 jungdeutschen Parteigängern der Pantomime
1919 2837 2884 2923 Hofmannsthal, Vollmöller, Frecksa usw.
1922 2887 2964 2987 nicht der Meinung, daß dieses Genre grund¬
1914 2955 2965 3041 sätzlich von den Leitmotiven der Erotik und des
1912 2995 2973 3108 Grausens abhängig gemacht werden soll. Aber
1916 3073 2976 3151 es muß doch gesagt sein, daß Ernst von Doh¬
1918 3124 2976 3227 nanyi schon durch die Geschicklichkeit und In¬
1921 3170 2969 3277 tensität, mit der er diesem Albdruck zum musika¬
1926 3244 2973 3343 lischen Leben verhilft, mehr als nur ein Ge¬
1941 3303 2979 3399 sellenstück geliefert hat. Diese Musik mit dem
1934 3338 2988 3449 ständigen Unterton des Grauens, mit dem
1944 3418 2983 3519 schweren Schleier des Mysteriösen auch über
1950 3482 2990 3571 ihren kleinen lyrischen und größeren festlichen
1959 3536 2989 3625 Erhellungen hat sich an dem schauerlich=gro¬
1969 3589 2988 3696 tesken Stoff der Inhaltsvorlage ganz voll¬
1965 3638 2993 3759 gesogen. Sie tritt zuweilen gar zu opernhaft!
1951 3709 3006 3814 gerüstet auf: und die Originalphrase zu ihrems
