3392 4384
1957 98 2368 190 box 28/1
231 111 1807 202 23. Der Schleiender-Bierrette
2157 897 2568 972 No. 16. 16. April 13.
1655 912 1965 990 SIGNALE
1051 934 1166 998 586
1053 1018 2566 1103 törichten Text gesellt sich eine Musik, deren Bleichsüchtigkeit den Zuhörer in
1056 1083 2573 1164 die Stimmung trübster Hoffnungslosigkeit versetzt. Wie hohl und leer und
1054 1142 2574 1217 gemacht das alles klingt, sogar die Instrumentation! Und dabei bewies Dohnänyi
1066 1196 2571 1280 gleich darauf in der Pantomime „Der Schleier der Pierrette“, dass er sich unter
1058 1245 1984 1307 anderen Umständen auf's Orchestrieren versteht.
1177 1273 2571 1367 Gewiss, diese Pantomime steht sehr viel höher als die unmögliche „Tante
1067 1331 2567 1409 Simona“, aber hier hat ja auch ein Dichter, Arthur Schnitzler, das Stoffliche ge¬
1066 1385 2581 1456 #liefert. Nicht jedem musikalischen Menschen wird es gegeben sein, solch’ eine
1069 1431 2582 1515 Pantomime recht eigentlich zu geniessen, aber die „Pierrette“ von Schnitzler¬
1068 1477 2585 1551 Dohnänyi wird man immerhin als artistisch gelungen bezeichnen dürfen. Frei¬
1067 1556 2584 1631 lich, von irgendwelcher Dämonik, die der Stoff unbedingt verlangt, ist in der
1069 1571 2589 1661 Musik nicht ein Atom zu spüren. Den Wahnsinnstanz der unglücklichen Pierrette
1072 1633 2578 1712 vor dem Leichnam ihres Geliebten sieht und hört man sich daher mit behäbigem
1077 1676 2586 1757 Gleichmut an. Erschütterung der Seele? Ach nein! Auch gehört zu einer Pan¬
1070 1721 2583 1817 tomime, soll sie wirken, ein intimerer Raum. Ausserdem gehören richtige Panto¬
1077 1765 2595 1860 mimisten dazu. Nur ein einziger Darsteller, Einar Linden, der den Pierrot vor¬
1083 1823 2595 1901 züglich agierte, ist ein solcher Pantomimist, Frau Galafrès, die Pierrette, ist das
1082 1876 2601 1967 ganz und garnicht. Sie, die treffliche, gewandte Schauspielerin, wirkte zum:
1077 1926 2527 2002 grösseren Teil fast dilettantisch, da sie den Mund halten und tanzen musste.
1202 1981 2587 2046 Wenn die Gesangsleistungen in „Tante Simona“ schwächer waren, als
1088 2021 2594 2100 man sie je auf dieser Bühne vernommen hat, so liegt das doch nicht ausschliess¬
1082 2084 2595 2146 lich an der undankbaren Aufgabe, die der Komponist den Sängern gestellt hatte,
1081 2120 2599 2199 sondern z. B. beim Tenoristen Carl Waschmann, dem Vertreter der männlichen
1088 2180 2619 2247 Hauptrolle, an den fundamentalen Mängeln seines Singapparats. Es ist unrecht
1087 2210 2615 2312 „on der Direktion, solche schwache Gesangskraft an einen hervorragenden Posten“
2178 2265 2574 2343 August Sphnnen.
1073 2302 1313 2359 zu stellen.
1661 2323 2604 2402 Im Jahre, wo der 100. Geburtstag Richard Wag¬
1189 2368 1564 2439 Die neu einstu¬
1652 2378 2603 2447 ner’s gefeiert „werden soll, dürfte das musik¬
1146 2406 1615 2486 dierte „Walküre“ im
1653 2431 2599 2511 liebenge Purlikum der Reichshauptstadt doch
1146 2464 1608 2538 Köhigl.)Opernhause
1609 2474 2606 2564 Eehr# verlängen, als was die königliche Bühne
1094 2520 2610 2616 am 5. Aupind rcheuchfersierten „Walküre bot. Cleich wenn der „Nibelungen¬
1093 2568 2617 2657 vorhan huscnändergeht und das Innere von Hunding’s Hütte sichtbar wird,
1099 2638 2608 2722 gibt’s einen Sculzerider Enitäuschung. Warum den kaum so merkwürdig unruhig
1090 2680 2603 2757 gliedern, dass von Einem Bühnenbild in leicht fasslichen Zügen nicht die Rede sein
1093 2723 2606 2818 kann? Man liest das Szenarium nach und wundert sich, dass die Einzelheiten
1104 2778 2609 2850 stimmen. Die Wagner’schen Anweisungen sind also rezeptmässig befolgt worden,
1099 2823 2613 2901 ohne dass der Geist des Gesamtkunstwerkes interveniert hätte. Es gibt eben
1097 2897 1809 2953 auch unmusikalische Interieurs
1212 2902 2615 2998 Aber es sollte noch schlimmer kommen. Nach Sieglinden’s Worten: „Ha,
1096 2970 2609 3040 wer ging? Wer kam herein?“ ging nämlich die Vernunft, und ein völlig sinn¬
1106 3027 2623 3101 loser Einfall kam herein. Man höre und staune: nicht die hintere Tür springt
1108 3074 2612 3159 auf, wie der Meister es vorschreibt; nein, die ganze Hinterwand der Hütte fällt
1106 3119 2614 3215 wie durch Zauberei auseinander, und der Lenz lacht nicht, sondern er grinst
1109 3165 2613 3261 über’s ganze Gesicht in den Saal. Gott schütze Wagner vor seinen Verbesserern!
1220 3223 2613 3288 Für den Schauplatz des dritten Aufzuges („Auf dem Gipfel eines Fels¬
1105 3273 2620 3353 berges“) gilt Achnliches wie für den ersten. Derselbe Mangel an Konzentration
1105 3329 2614 3392 macht sich geltend. Und diese Beleuchtungseffekte! Farben, wie sie der abend¬
1109 3361 2623 3443 liche Himmel oder das Mondlicht oder der Feuerzauber aufwiesen, kommen in
1107 3429 2616 3499 der Natur nicht vor. Man möchte meinen, dass sich die Phantasie des Be¬
1095 3462 2508 3579 leuchtungstechnikers an den Reizen von Oelfarbendrucken entzündet habe.
2932 4000 2991 4074 —
