3392 4352
275 213 1863 314 23. Der Schleier der bierrette
471 1558 600 1657 801.
1551 1566 1842 1664 Telephon 12
985 1654 1759 1809 „OBSERVER‘
467 1791 623 1871 inge¬
844 1807 1834 1881 1. österr. beh. konz. Unternehmen für Zeitt
1044 1861 1717 1931 Ausschnitte und Bibliographie.
1013 1896 1782 1992 Wien, I., Conoordiaplatz 4.
1232 1983 1563 2048 Vertretungen
456 2009 628 2074 Hania,
831 2028 1843 2094 in Berlin, Brüssel, Budapest, Chicago, Cleveland, Chris
453 2064 607 2115 ipolis,
838 2067 1834 2116 Genf, Kopenhagen, London, Madrid, Mailand, Minne.
458 2102 625 2162 leters¬
825 2109 1819 2186 New-Vork, Paris, Rom, San Francisco, Stockholm, St. 1
1226 2148 1532 2204 burg, Toronto.
1208 2193 1536 2240 Quellesengabe ehne Gerg
810 2186 1694 2283 Berliner Börsen Courier, Berlin
849 2250 1215 2331 Ausschnit, aus:
909 2319 1223 2410 21. L. 1911
824 2359 1001 2447 vom:
742 2450 1736 2554 Caruso ist nach einer halbjährigen Pause gestern
676 2486 1721 2582 in der Wiener Hofoper wieder aufgetreten. Im
675 2530 1727 2623 Vollbesitz seiner wunderbar edlen Stimme erschütterte
676 2577 1703 2672 und freuetisierte er als Canio in den „Bajazzi.
1666 2620 1717 2660 7
668 2611 1712 2697 Voran ging Schu##s graumalende Pantomime
684 2661 1722 2756 „Der Schleier der Pierette mit Dohnanyis
682 2694 1708 2803 war eklektischer, gleichwohl stellenweise wirksam
685 2740 1715 2831 llustrierender Musik. Das Werk enttäuschte, in den
677 2764 1712 2884 lauen Beifall mischte sich eine vernehmliche Opposition.!
668 2815 1556 2901 Caruso war Gegenstand lebhafter Ovationen.
2007 201 2413 296 box 28/
2021 1327 2516 1433 em, Ropenhagen, Lomy A
1945 1372 3051 1471 New-York, Paris, Rom, San #eise, Stocmemg en er
2369 1449 2681 1504 burg, Toronto.
2184 1466 2717 1558 S1 Gelinangebe oune Gevür.)
1964 1540 2852 1658 Ausschnitt üder Tagespost, Gras
2344 1630 2717 1727 Abendblatz-
2273 1745 2939 1862 Theater und Musik.
2168 1840 3133 1929 Enrico Caruso in Wien. Aus Wien wird
2075 1888 3130 1988 uns vom 21. d. telegraphiert: Caruso hat gestern
2071 1944 3139 2016 den Bajazzo gesungen. Dem berühmten Sänger¬
2078 1977 3130 2094 wurden stürmische Ehrungen bereitet. Es wurden wahn¬
2080 2029 3120 2123 sinnige Preise im Zwischenverkauf für Sitze gezahlt und
2075 2080 3135 2185 knapp vor Beginn der Vorstellung wurden Parterresitze##
2064 2143 3117 2216 sogar zum Preise von 500 Kronen an den Mann ge¬
2067 2177 3112 2276 bracht. Caruso hat die Partie des Bajazzo in meister¬
2066 2232 3119 2335 hafter Weise gesungen und gespielt, doch war er au
2063 2272 3105 2366 fangs nicht disponiert und man wollte bemerken, daß
2055 2335 3113 2419 der volle Zauber des Caruso=Timbres zum Teil ge¬
2062 2382 3110 2470 schwunden sei. Nichtsdestoweniger war der Beifall nach
2045 2430 3099 2522 der Arie förmlich explosiv. — Vorher wurde die neus
2048 2487 3109 2573 Pantomime Der Schleier der Pierrette gegeben
2056 2530 3096 2624 Das Buch Artur Schnitzlers will das Gruseln lehren.
2053 2573 3091 2672 Alles läuft auf einen peinlich grellen Schlußessekt hinaus
2049 2635 3100 2733 Die Musik bringt durchwegs abgegriffene Themen und
2038 2677 3029 2759 konnte nicht gefallen. Die Novität fiel sanft durch.
2048 2730 3096 2821 Sowohl vor Beginn der Vorstellung als auch nach
2046 2773 3095 2872 Schluß warteten viele hundert Neugierige vor der
2032 2829 3103 2920 Bühnentür, um Caruso zu sehen. Nach der Vorstellung
2042 2878 3088 2984 mußte Caruso durch ein Spalier von Sicherheitswach¬
2039 2930 3098 3021 leuten zu seinem lutomobil schreiten. Die Enthusiasten
2039 2969 3096 3074 liefen dem Automobil nach und bereiteten dem Künstler
2040 3025 3086 3115 vor dem Hotel Bristol neuerlich begeisterte Kundgebungen
2699 3139 3017 3229 ##= Saiendansdel eennemn
