3344 4384
196 192 398 281 23
1915 197 2378 283 box 27/5
381 232 1790 299 per ScHeier der ferrette
1196 901 1542 1000 Telephon 12.801.
628 1052 1291 1153 „ODSERVER
417 1105 1538 1219 1. öeterr. behördl. konz. Unternehmen für Zeitungs-Ausschnitte
611 1185 1370 1266 Wien, I., Concordiaplatz 4.
828 1234 1151 1310 Vertretungen
429 1267 1547 1360 In Berlin, Basel, Budapest, Chicago, Cleveland, Christiania,
429 1322 1528 1403 Genf, Kopenhagen, London, Madrid, Mailand, Minneapolis
412 1357 1546 1462 New-Vork, Paris, Rom, San Francisco, Stockholm, St. Peters
813 1401 1154 1469 burg, Toronto.
733 1438 1221 1525 (Quellenangabe ohne Gewährl.
409 1449 1659 1634 verden un tenscfersct. Schpetcen
410 1634 565 1723 Kom:
2675 1733 3112 1797 ###n dine Graurirgen
1456 1818 3295 1896 Pantomime sind besser zur Geltung zu bringen, oder auch,! Die Musik selbst läßt sofort die
667 1816 1115 1904 Stadttheater.
1441 1866 3283 1926 um die verblüffend wortgetreue Illustrierung der Vor= Chorwerken des Komponisten bei
332 1876 1472 1959 „ Der Schleier der Pierrette", Pantomime in
1448 1908 3298 1975 gänge durch das Orchester schärfer hervortreten zu lassen. Gestaltung erkennen. Einschmeichel
297 1912 1452 2003 Trei Bildern von Ernst v. Dohnänyi. Erstauffüh¬
1460 1951 2614 2006 Jedenfalls überrascht seine Musik zunächst durch ihre ge¬
2591 1942 3291 2005 tigem Gewande sind reichlich übe
299 1962 447 2029 ung.
473 1959 1457 2039 „Die Kunst zu lieben“, komische Oper in
1454 1976 2600 2041 waltige dramatische Schlagkraft, welche man dem Kompo¬
2592 1984 3277 2056 verstreut die als gleichberechtigte
301 2007 1456 2089 wel Akten von Fritz Volbach. Uraufführung.
1462 2025 2605 2089 nisten nach seinen bisherigen durchweg lyrisch=romantisch
2591 2026 3301 2101 bei geht Volbach den Gelegenheite
331 2051 1452 2121 Zur Erstaufführung gelangten am Freitag zwei trotz
1461 2070 2604 2130 angelegten Werken nicht hätte zutrauen sollen. Um die ge¬
2590 2059 3274 2125 fertigkeit zu zeigen, nicht aus dem
299 2081 1457 2163 nancher Aehnlichkeiten inhaltlich wie musikalisch grundver¬
1448 2105 2606 2161 wollte Wirkung zu erreichen, schreckt er vor keinem noch so
2597 2118 3281 2187 in dem Duett und Quartett des e
305 2125 1463 2202 schiedene Werke zweier Komponisten, die damit zum ersten
1451 2150 2598 2206 gewagten Mittel harmonischer und orchestraler Art zurück.
2593 2144 3292 2221 Ensemble des zweiten Aktes. Auch
311 2159 1458 2233 Male die Bühne beschreiten: „Der Schleier der Pierrette“
1446 2177 2597 2251 Dazu treten als Kontrastwirkung die köstlichsten Tänze, so
2598 2191 3286 2259 werden musikalisch ganz köstlich i
303 2206 1450 2298 don Ernst v. Dohnänyi und „Die Kunst zu lieben“ von Fritz
1452 2217 2599 2287 ein wirklich idealer Wiener Walzer und als Verbeugung
2597 2238 3285 2307 aber gibt sich die Musik in den brei
295 2242 510 2304 Volbach.
1461 2261 2597 2329 vor der Heimat ein wilder ungarischer Stampfer. Diese
2590 2258 3294 2338 besszeuen. Infolge der feinen Ar
320 2285 1460 2354 Die Handlung des ersten Stückes stammt von Artur
1460 2303 2592 2366 Vorzüge in Verbindung mit dem melodischen und rhythmi¬
2587 2311 3286 2377 gen melodischen Linien bleibt das
483 2340 1467 2392 x. der sein Drama „Der Schleier der Beatrice“
1455 2347 2605 2401 schen Reichtum stempeln Dohnänyis Musik trotz handgreif¬
2585 2355 3299 2419 klar und läßt sich infolgedessen leich
285 2353 1462 2446 #nderung von Ort und Zeit (Wien zu Beginn des
1454 2385 2609 2453 licher Anlehnungen an Wagner zu einer sehr wertvollen.
2627 2395 3297 2456 So haben wir ein textlich wie mu
297 2402 1459 2481 9. Jahrhunderts) für den Komponisten eigens zurecht¬
1457 2415 2601 2486 Alles weist darauf hin, daß in dem Komponisten ein dra¬
2585 2420 3292 2487 loses, liebenswürdiges Werkchen v#
296 2456 1462 2516 gestutzt hat. Der auf drei Akte verteitte Inhalt ist grausig
1454 2471 2605 2530 matisches Talent ersten Ranges steckt welches hoffentlich
2604 2475 3296 2538 Rücksicht auf seine der leichten Musi
298 2490 1464 2565 genug. Ein junger Pierrot sitzt trübselig in seinem Zim¬
1457 2512 2601 2576 recht bald mit einem wirklichen Bühnenwerke vor die Oef¬
2580 2511 3298 2590 tretende Tendenz längere Lebensda
296 2523 1454 2599 ner und denkt wehmütig an die liebliche Pierrette, welche
1443 2545 1780 2613 fentlichkeit tritt.
2590 2549 3285 2619 Für „die Kunst zu lieben“ besteht
300 2564 1366 2642 soeben dem finstern Arlechino gezwungen die Hand
1344 2585 1467 2638 ge¬
1480 2579 2598 2648 Von ganz anderem Holze ist Volbachs „Kunst zu
2593 2588 3300 2659 allem darin, daß sich ein passendes
295 2608 1457 2677 leicht hat. Aber vom Hochzeitsmahl eilt sie zum Geliebten
1448 2625 2606 2698 lieben“ deren Inhalt kurz angeführt sei: Der auf sein
2598 2640 3290 2690 den Abend zu füllen. Auf die Dau
294 2657 1467 2722 und verbringt mit ihm einige süße Stunden, in deren
1458 2671 2597 2729 Wissen nicht wenig eingebildete Professor Niccolo — die
2594 2676 3297 2742 Gegensätze der nicht einmal äußer
301 2695 1459 2750 Verlauf sie gemeinschaftlich zu sterben beschließen. Während
1458 2698 2594 2765 Handlung spielt zu Bologna im 17. Jahrhundert — möchte
2599 2713 3292 2772 Werke von Volbach und Dohnányi
303 2731 1458 2798 Pierrot das Gift hinunterstürzt ist bei Pierrette der Le¬
1459 2739 2603 2810 seine Nichte Giulietta heiraten und hütet sie daher ängstlich
2634 2752 3300 2824 Die Aufführung beider Neuheite
298 2767 1464 2841 denstrieb stärker. Entsetzt von dem Anblice des Toten, eilt
1457 2782 2596 2843 vor der Zudringlichkeit der Studenten, die ihn überdies
2601 2793 3263 2857 besonderen Schwierigkeiten des „E
300 2805 1458 2880 sie unter Zurücklassung ihres Brautschleiers davon. In¬
1444 2825 2595 2889 durch ihren Gesang in seinen Arbeiten stören. Der Student
2590 2825 3278 2883 die Worte durch eindrucksvolleres
301 2863 1463 2924 zwischen ist sie von der Hochzeitsgesellschaft und Arlechino
1448 2868 2606 2916 Lorenzo, der längst den Weg zum Herzen Giuliettas ge¬
2592 2863 3292 2932 ders aber durch gesteigertes Miene
296 2901 1458 2951 schon vermißt worden. Als sie endlich wiederkehrt, er¬
1448 2914 2606 2959 funden hat, weiß sich Eingang in Niccolos Wohnung zu
2588 2908 3298 2988 den glücklich überwunden. Hier v#
299 2933 1460 3004 scheint ihr im Festsaale der tote Pierrot dreimal. Dem
1448 2952 2591 3006 verschaffen und besänftigt den Zorn des Professors, indem
2592 2948 3184 3014 [Julius Barré (Pierrot),
300 2975 1458 3040 zifersüchtigen Bräutigam ist ihre Verstörung nicht entgan¬
1458 2994 3289 3056 er sich den Anschein eines wissensdurstigen Schülers gibt. rette), Konrad v. Zawilows
307 3019 1461 3084 gen, trotzdem sie sich bemüht, recht harmlos zu erscheinen.
1458 3036 3282 3078 Niccolo führt ihn denn auch sofort in seines Lieblings=[Bedau (Pierrettens Vater) und
302 3053 1464 3127 Als er schließlich das Fehlen des Schleiers bemerkt zwingt
1446 3064 2597 3130 dichters Ovid „Kunst zu lieben“ mit solcher Gründlichkeit
2582 3066 3281 3129 rettens Mutter), sowie Eugen
306 3094 1465 3161 er sie, ihn in das Zimmer des Toten zu führen. Hier wird
1458 3106 2601 3173 ein, daß die Praxis hinter der Theorie bald nicht mehr zu¬
2584 3108 3232 3178 noit, Auguste Reibold
296 3131 1458 3198 ihm der Sachverhalt klar. Aus Rache schließt er Pierrette
1447 3153 2594 3200 rückbleibt. Als er Lorenzo in einer Sommernacht mit Giu¬
2584 3142 3247 3219 kleineren Nebenrollen. Aehnlich
301 3179 1459 3248 nit der Leiche ein, die er erst in die Ecke des Sofas gesetzt
1448 3194 2591 3255 lietia erwischt hat, muß er schließlich den ob des Lärms
2589 3177 3270 3253 „Kunst zu lieben“ Hier wären ei
294 3211 1467 3292 hat. Vor Entsetzen wird Pierrette wahnsinnig und tanzt
1452 3231 2596 3289 herbeigeeilten Bürgern und Studenten eingestehen, daß
2590 3228 3292 3299 zu erwähnen der humorvolle Nicco
295 3255 1039 3321 sich in schrecklicher Raserei zu Tode.
1450 3255 2600 3320 sein Schüler Ovids Lehre nur zu gut begriffen habe und
2591 3281 3290 3337 schow. der listige Lorenzo von R
333 3302 1458 3361 Zu verwundern ist nur, daß Schnitzler aus diesem In¬
1451 3313 2602 3383 fügt sich in den Verlust seiner Nichte, mit Rücksicht auf die
2587 3305 3297 3372 zende Giulietta von Hermine
295 3322 1453 3402 galt eine Pantomime und nicht ein Drama gemacht hat.
1454 3353 2346 3409 Wissenschaft, die immer Sieger bleiben muß.
2595 3348 3298 3404 und die wackere Barbara von Ma
303 3363 1458 3444 Die Handlung, welche im Urbilde, dem „Schleier der Bea¬
1482 3375 2588 3450 Dieser für zwei Akte etwas dürftige Inhalt verarbeitet
2584 3396 3299 3455 Chor sang überraschend gut und wir
295 3424 1453 3478 trice“, wegen der unklaren Beweggründe der aus Laune
1454 3412 2601 3498 das nicht gerade neue Motiv des von dem jungen Lieb¬
2599 3424 3284 3500 Auffihrungen noch mehr Fühlung
299 3459 1453 3520 handelnden Personen schon so schwer verständlich ist, würde
1457 3462 2589 3529 haber an der Nase herumgeführten alten Narren mit so
2587 3475 3282 3527 bekonmen. Alfred Fröhlich l
294 3497 1453 3560 dadurch an Deutlichkeit entschieden gewonnen haben, und
1439 3506 2597 3565 köstlicher Verquickung der Ovid=Episode, daß die humor¬
2587 3505 3290 3579 züglich eingespielten Orchester Be
301 3534 1452 3601 hamit wäre gleichzeitig das besonders peinigende Gefühl,
1444 3550 2602 3616 volle Handlung sich ganz von selbst ergibt. Da Volbach den
2587 3549 3301 3612 gleicke gilt auch von der Spielleit
294 3557 1464 3629 stumme Menschen leiden zu sehen, vermieden worden. Viel¬
1454 3579 2612 3656 reizvoll dahinfließenden Tert selbst gedichtet hat, so ist die
2588 3603 3302 3648 lers. Das beifallsfreudige Publik#
301 3598 3298 3715 leicht hat Dohnányi selbst den Dichter dazu veranlaßt, um Uebereinstimmung des letzteren mit der Musik so glücklich, als sis beide nebst Volbach auf der
296 3655 2342 3729 die Tönze. welche ja die wichtigsten Bestandteile einer daß das ganze wie aus einem Guß dasteht.
2813 4102 2941 4180 —.—
