<?xml version="1.0" encoding="UTF-8" standalone="yes"?>
<PcGts xmlns="http://schema.primaresearch.org/PAGE/gts/pagecontent/2013-07-15" xmlns:xsi="http://www.w3.org/2001/XMLSchema-instance" xsi:schemaLocation="http://schema.primaresearch.org/PAGE/gts/pagecontent/2013-07-15 http://schema.primaresearch.org/PAGE/gts/pagecontent/2013-07-15/pagecontent.xsd">
    <Metadata>
        <Creator>prov=University of Rostock/Institute of Mathematics/CITlab/Gundram Leifert/gundram.leifert@uni-rostock.de:name=ONB_Newseye_GT_M1+(htr_id=10810)::::v=2.4.2
prov=University of Rostock/Institute of Mathematics/CITlab/Tobias Gruening/tobias.gruening@uni-rostock.de:name=de.uros.citlab.module.baseline2polygon.B2PSeamMultiOriented:v=2.4.2
prov=University of Rostock/Institute of Mathematics/CITlab/Tobias Gruening/tobias.gruening@uni-rostock.de:name=/mnt/transkribus/LA/DEA/URO/LA_news_onb_att.pb:de.uros.citlab.segmentation.CITlab_LA_ML:v=2.4.2
Transkribus</Creator>
        <Created>2019-10-07T11:12:25.874+02:00</Created>
        <LastChange>2019-10-07T22:01:55.379+02:00</LastChange>
        <TranskribusMetadata docId="223965" pageId="9494425" pageNr="44" tsid="16482271" status="IN_PROGRESS" userId="40391" imgUrl="https://files.transkribus.eu/Get?id=YESLAEPTZKCDKPAMVPZGUVQN&amp;fileType=view" xmlUrl="https://files.transkribus.eu/Get?id=GHTIZJWXXSEFYVUQPNLWSQEP" imageId="6184652"/>
    </Metadata>
    <Page imageFilename="223965_0044.jpeg" imageWidth="3392" imageHeight="4256">
        <ReadingOrder>
            <OrderedGroup id="ro_1711441140802" caption="Regions reading order">
                <RegionRefIndexed index="0" regionRef="r1"/>
            </OrderedGroup>
        </ReadingOrder>
        <TextRegion orientation="0.0" id="r1" custom="readingOrder {index:0;}">
            <Coords points="306,103 306,3317 2463,3317 2463,103"/>
            <TextLine id="r1l1" custom="readingOrder {index:0;}">
                <Coords points="2020,172 2090,155 2206,155 2253,176 2342,173 2373,187 2441,154 2472,156 2473,120 2413,80 2218,109 2183,97 2102,105 2054,81 2022,83"/>
                <Baseline points="2031,143 2056,143 2081,143 2107,144 2132,144 2158,145 2183,146 2208,147 2234,148 2259,148 2285,149 2310,150 2335,150 2361,150 2386,150 2412,149 2437,148 2463,146"/>
                <TextEquiv>
                    <Unicode>box 27/5</Unicode>
                </TextEquiv>
            </TextLine>
            <TextLine id="r1l2" custom="readingOrder {index:1;}">
                <Coords points="297,130 619,185 1858,175 1859,104 1699,82 1416,74 1353,121 1230,79 460,117 298,76"/>
                <Baseline points="306,127 383,134 460,141 537,145 614,149 691,152 768,155 846,157 923,158 1000,159 1077,159 1154,159 1231,159 1308,159 1386,159 1463,159 1540,159 1617,159 1694,160 1771,161 1849,163"/>
                <TextEquiv>
                    <Unicode>23. Der Schleiender Pierrette</Unicode>
                </TextEquiv>
            </TextLine>
            <TextLine id="r1l3" custom="readingOrder {index:2;}">
                <Coords points="871,1042 2209,1074 2175,1025 1943,1009 872,1007"/>
                <Baseline points="882,1040 947,1042 1013,1043 1079,1045 1145,1047 1211,1048 1277,1049 1343,1051 1409,1052 1475,1054 1541,1055 1606,1056 1672,1058 1738,1059 1804,1060 1870,1061 1936,1062 2002,1063 2068,1064 2134,1065 2200,1065"/>
                <TextEquiv>
                    <Unicode>Denken herzustellen, so wird er, wenn ihm nicht der Glücksfall be¬</Unicode>
                </TextEquiv>
            </TextLine>
            <TextLine id="r1l4" custom="readingOrder {index:3;}">
                <Coords points="867,1093 2204,1121 2205,1081 2123,1067 868,1056"/>
                <Baseline points="878,1087 943,1089 1009,1091 1075,1093 1141,1095 1207,1097 1273,1099 1338,1101 1404,1103 1470,1104 1536,1106 1602,1108 1668,1109 1734,1110 1799,1112 1865,1113 1931,1114 1997,1115 2063,1117 2129,1118 2195,1119"/>
                <TextEquiv>
                    <Unicode>sonderer Empfehlungen weiter hilft, auf einmal ratlos stecken bleiben.</Unicode>
                </TextEquiv>
            </TextLine>
            <TextLine id="r1l5" custom="readingOrder {index:4;}">
                <Coords points="864,1137 2217,1165 2135,1123 866,1091"/>
                <Baseline points="874,1132 940,1137 1007,1141 1074,1145 1140,1148 1207,1151 1274,1153 1340,1156 1407,1157 1474,1159 1541,1160 1607,1161 1674,1162 1741,1163 1807,1163 1874,1164 1941,1164 2007,1165 2074,1165 2141,1166 2208,1167"/>
                <TextEquiv>
                    <Unicode>Er wird nun erst gewahr, daß die Hunderttausende zwar dicht neben</Unicode>
                </TextEquiv>
            </TextLine>
            <TextLine id="r1l6" custom="readingOrder {index:5;}">
                <Coords points="862,1185 2211,1216 2212,1181 2102,1171 863,1158"/>
                <Baseline points="872,1189 938,1191 1005,1194 1071,1196 1138,1198 1204,1199 1271,1201 1337,1203 1404,1204 1470,1206 1537,1207 1603,1208 1670,1210 1736,1211 1803,1212 1869,1213 1936,1213 2002,1214 2069,1215 2135,1215 2202,1216"/>
                <TextEquiv>
                    <Unicode>ihm, aber dennoch in einer ganz andern Stadt leben; in einer fremden</Unicode>
                </TextEquiv>
            </TextLine>
            <TextLine id="r1l7" custom="readingOrder {index:6;}">
                <Coords points="859,1245 2212,1263 2137,1220 860,1210"/>
                <Baseline points="868,1241 934,1241 1001,1241 1068,1242 1134,1243 1201,1244 1268,1246 1334,1248 1401,1249 1468,1251 1535,1253 1601,1255 1668,1256 1735,1258 1801,1260 1868,1261 1935,1263 2001,1263 2068,1264 2135,1265 2202,1265"/>
                <TextEquiv>
                    <Unicode>und fernen Stadt, deren Inneres ihm streng verschlossen bleibt. Ein¬</Unicode>
                </TextEquiv>
            </TextLine>
            <TextLine id="r1l8" custom="readingOrder {index:7;}">
                <Coords points="852,1303 2213,1315 2098,1268 853,1259"/>
                <Baseline points="863,1289 930,1290 997,1292 1064,1293 1131,1295 1198,1296 1265,1298 1332,1300 1399,1302 1466,1304 1533,1305 1600,1307 1667,1309 1734,1310 1801,1312 1868,1313 1935,1314 2002,1315 2069,1316 2136,1317 2204,1317"/>
                <TextEquiv>
                    <Unicode>druck und Urteil sind dauernd auf die unsichern Zeichen angewiesen,</Unicode>
                </TextEquiv>
            </TextLine>
            <TextLine id="r1l9" custom="readingOrder {index:8;}">
                <Coords points="858,1346 1693,1393 2211,1365 2154,1321 859,1302"/>
                <Baseline points="867,1340 933,1341 1000,1343 1067,1344 1133,1346 1200,1347 1267,1349 1333,1350 1400,1352 1467,1353 1534,1355 1600,1356 1667,1358 1734,1359 1800,1360 1867,1362 1934,1363 2000,1364 2067,1365 2134,1366 2201,1367"/>
                <TextEquiv>
                    <Unicode>die etwa das Leben der Straße und die sonstige allgemein zugängliche</Unicode>
                </TextEquiv>
            </TextLine>
            <TextLine id="r1l10" custom="readingOrder {index:9;}">
                <Coords points="860,1397 939,1414 1202,1401 1219,1417 1320,1399 1399,1417 1455,1397 1455,1376 1259,1351 861,1347"/>
                <Baseline points="870,1387 898,1388 927,1389 956,1391 985,1392 1014,1392 1042,1393 1071,1393 1100,1393 1129,1394 1158,1394 1186,1394 1215,1394 1244,1394 1273,1395 1302,1395 1330,1396 1359,1396 1388,1397 1417,1398 1446,1399"/>
                <TextEquiv>
                    <Unicode>Oeffentlichkeit hergeben mag.</Unicode>
                </TextEquiv>
            </TextLine>
            <TextLine id="r1l11" custom="readingOrder {index:10;}">
                <Coords points="942,1439 2210,1472 2157,1409 943,1407"/>
                <Baseline points="952,1438 1014,1440 1076,1443 1139,1444 1201,1446 1264,1448 1326,1450 1388,1451 1451,1453 1513,1454 1576,1455 1638,1456 1700,1457 1763,1458 1825,1459 1888,1460 1950,1461 2012,1462 2075,1462 2137,1463 2200,1463"/>
                <TextEquiv>
                    <Unicode>Und wer sich mit besonderer Liebe daran gewöhnt hat, solche</Unicode>
                </TextEquiv>
            </TextLine>
            <TextLine id="r1l12" custom="readingOrder {index:11;}">
                <Coords points="860,1489 1876,1531 2209,1504 2200,1471 860,1442"/>
                <Baseline points="870,1489 936,1490 1002,1491 1069,1493 1135,1494 1202,1495 1268,1497 1334,1499 1401,1500 1467,1502 1534,1503 1600,1505 1666,1506 1733,1508 1799,1509 1866,1511 1932,1511 1998,1512 2065,1513 2131,1513 2198,1513"/>
                <TextEquiv>
                    <Unicode>Zeichen aus dem Spiel der Bühne zu lesen und zu deuten, der hat an</Unicode>
                </TextEquiv>
            </TextLine>
            <TextLine id="r1l13" custom="readingOrder {index:12;}">
                <Coords points="853,1537 1533,1577 2206,1554 2183,1513 854,1498"/>
                <Baseline points="862,1539 928,1539 995,1541 1062,1542 1128,1544 1195,1546 1262,1548 1328,1550 1395,1552 1462,1554 1529,1555 1595,1557 1662,1559 1729,1561 1795,1561 1862,1562 1929,1563 1995,1563 2062,1562 2129,1561 2196,1559"/>
                <TextEquiv>
                    <Unicode>diesem Theater den nächsten und ergiebigsten Anhalt. Hier beschwich¬</Unicode>
                </TextEquiv>
            </TextLine>
            <TextLine id="r1l14" custom="readingOrder {index:13;}">
                <Coords points="850,1590 2209,1612 2182,1569 851,1557"/>
                <Baseline points="860,1591 927,1592 994,1592 1061,1593 1128,1595 1195,1596 1262,1597 1329,1599 1396,1601 1463,1602 1530,1603 1597,1605 1664,1606 1731,1608 1798,1609 1865,1610 1932,1610 1999,1611 2066,1611 2133,1611 2200,1610"/>
                <TextEquiv>
                    <Unicode>tigt sich der Drang, vom andern zu wissen und ihm, auf Stunden</Unicode>
                </TextEquiv>
            </TextLine>
            <TextLine id="r1l15" custom="readingOrder {index:14;}">
                <Coords points="857,1645 2019,1676 2165,1674 2203,1631 858,1608"/>
                <Baseline points="867,1640 933,1641 999,1642 1065,1644 1132,1645 1198,1646 1264,1648 1331,1649 1397,1650 1463,1651 1530,1652 1596,1654 1662,1655 1728,1656 1795,1657 1861,1657 1927,1658 1994,1659 2060,1660 2126,1660 2193,1661"/>
                <TextEquiv>
                    <Unicode>wenigstens, geistig nahe zu sein. Dieses Nationaltheater ist soweit</Unicode>
                </TextEquiv>
            </TextLine>
            <TextLine id="r1l16" custom="readingOrder {index:15;}">
                <Coords points="846,1684 2199,1709 2174,1666 847,1651"/>
                <Baseline points="856,1691 922,1691 989,1692 1055,1693 1122,1694 1189,1695 1255,1696 1322,1697 1389,1698 1455,1700 1522,1701 1589,1702 1655,1703 1722,1704 1789,1705 1855,1705 1922,1706 1989,1707 2055,1707 2122,1708 2189,1708"/>
                <TextEquiv>
                    <Unicode>europäisch, daß sich der Anderssprachige darin nicht völlig ins Weglose</Unicode>
                </TextEquiv>
            </TextLine>
            <TextLine id="r1l17" custom="readingOrder {index:16;}">
                <Coords points="848,1751 2106,1779 2206,1732 849,1699"/>
                <Baseline points="859,1740 925,1741 992,1742 1059,1743 1126,1744 1193,1746 1260,1747 1326,1748 1393,1750 1460,1751 1527,1752 1594,1753 1661,1754 1728,1756 1794,1757 1861,1757 1928,1758 1995,1759 2062,1759 2129,1759 2196,1759"/>
                <TextEquiv>
                    <Unicode>verlieren muß, und doch so sehr national, daß sich seine Zugehörigkeit</Unicode>
                </TextEquiv>
            </TextLine>
            <TextLine id="r1l18" custom="readingOrder {index:17;}">
                <Coords points="846,1790 2197,1804 2157,1763 847,1752"/>
                <Baseline points="855,1792 921,1792 988,1793 1054,1794 1121,1794 1188,1795 1254,1796 1321,1797 1388,1799 1454,1800 1521,1801 1588,1802 1654,1803 1721,1804 1788,1805 1854,1806 1921,1807 1988,1808 2054,1808 2121,1809 2188,1809"/>
                <TextEquiv>
                    <Unicode>zu diesem bestimmten Volkstum in keinem Momente des Spiels und</Unicode>
                </TextEquiv>
            </TextLine>
            <TextLine id="r1l19" custom="readingOrder {index:18;}">
                <Coords points="842,1837 1894,1886 2183,1856 842,1802"/>
                <Baseline points="852,1839 918,1840 984,1841 1050,1842 1116,1844 1182,1845 1248,1846 1314,1847 1380,1849 1446,1850 1512,1851 1578,1853 1644,1854 1710,1856 1776,1858 1842,1860 1908,1862 1974,1864 2040,1867 2106,1870 2173,1873"/>
                <TextEquiv>
                    <Unicode>in keiner Bewegung der Zuschauer verleugnen kann. (Fortsetzung folgt)</Unicode>
                </TextEquiv>
            </TextLine>
            <TextLine id="r1l20" custom="readingOrder {index:19;}">
                <Coords points="848,2005 997,2043 1118,2009 1895,2054 2017,2021 1949,1958 1829,1946 849,1951"/>
                <Baseline points="857,2008 914,2008 972,2008 1029,2009 1087,2010 1144,2011 1202,2012 1259,2013 1317,2015 1374,2016 1432,2017 1490,2019 1547,2020 1605,2022 1662,2023 1720,2024 1777,2025 1835,2026 1892,2027 1950,2027 2008,2027"/>
                <TextEquiv>
                    <Unicode>Gregors Kalender von Paul Stefan</Unicode>
                </TextEquiv>
            </TextLine>
            <TextLine id="r1l21" custom="readingOrder {index:20;}">
                <Coords points="834,2100 2191,2115 2167,2047 1952,2080 1275,2027 835,2052"/>
                <Baseline points="844,2086 910,2086 977,2085 1044,2085 1111,2086 1178,2087 1245,2088 1312,2089 1379,2091 1446,2092 1513,2094 1579,2096 1646,2097 1713,2099 1780,2100 1847,2102 1914,2103 1981,2104 2048,2105 2115,2105 2182,2104"/>
                <TextEquiv>
                    <Unicode>ieser Beginn“ mit „dem „Rosenkavalier“ war für den neuen</Unicode>
                </TextEquiv>
            </TextLine>
            <TextLine id="r1l22" custom="readingOrder {index:21;}">
                <Coords points="1003,2132 2103,2170 2189,2115 1004,2103"/>
                <Baseline points="1013,2134 1071,2135 1129,2135 1187,2136 1246,2137 1304,2137 1362,2138 1421,2139 1479,2140 1537,2141 1596,2142 1654,2144 1712,2145 1770,2146 1829,2147 1887,2148 1945,2150 2004,2151 2062,2152 2120,2154 2179,2155"/>
                <TextEquiv>
                    <Unicode>Direktox einExfolg mit geringen Mühen, fast ein zugewehtes</Unicode>
                </TextEquiv>
            </TextLine>
            <TextLine id="r1l23" custom="readingOrder {index:22;}">
                <Coords points="845,2176 1657,2224 2153,2216 2196,2171 845,2156"/>
                <Baseline points="855,2181 921,2182 988,2185 1054,2186 1121,2188 1187,2189 1254,2190 1320,2191 1387,2192 1453,2193 1520,2194 1587,2195 1653,2195 1720,2196 1786,2197 1853,2198 1919,2200 1986,2201 2052,2202 2119,2204 2186,2205"/>
                <TextEquiv>
                    <Unicode>Glück. Und sogar, ein Käffenerfslg. Denn zuerst wollten alle</Unicode>
                </TextEquiv>
            </TextLine>
            <TextLine id="r1l24" custom="readingOrder {index:23;}">
                <Coords points="844,2235 2144,2268 2184,2219 844,2195"/>
                <Baseline points="853,2234 919,2234 985,2234 1051,2234 1117,2234 1183,2235 1249,2236 1315,2237 1381,2238 1447,2239 1513,2241 1579,2242 1645,2244 1711,2245 1777,2247 1843,2248 1909,2250 1975,2251 2041,2253 2107,2254 2174,2255"/>
                <TextEquiv>
                    <Unicode>sehen, ob Hofmanusthal wirklich verdiente, von den öffentlich Meinen¬</Unicode>
                </TextEquiv>
            </TextLine>
            <TextLine id="r1l25" custom="readingOrder {index:24;}">
                <Coords points="847,2291 2116,2316 2181,2271 848,2237"/>
                <Baseline points="857,2278 922,2280 988,2281 1054,2283 1119,2284 1185,2286 1251,2287 1316,2288 1382,2289 1448,2291 1514,2292 1579,2293 1645,2294 1711,2295 1776,2296 1842,2298 1908,2299 1973,2301 2039,2302 2105,2304 2171,2306"/>
                <TextEquiv>
                    <Unicode>den herabgekanzelt zu werden, ob denn Strauß wirklich und end¬</Unicode>
                </TextEquiv>
            </TextLine>
            <TextLine id="r1l26" custom="readingOrder {index:25;}">
                <Coords points="834,2338 2025,2368 2186,2333 835,2286"/>
                <Baseline points="844,2332 910,2333 977,2334 1043,2335 1110,2336 1176,2337 1243,2338 1309,2339 1376,2340 1442,2341 1509,2342 1576,2343 1642,2344 1709,2346 1775,2347 1842,2348 1908,2349 1975,2351 2041,2352 2108,2354 2175,2356"/>
                <TextEquiv>
                    <Unicode>gültig erledigt sei. Die aber gesehen und gehört hatten, schienen all¬</Unicode>
                </TextEquiv>
            </TextLine>
            <TextLine id="r1l27" custom="readingOrder {index:26;}">
                <Coords points="843,2378 2186,2403 2081,2356 843,2348"/>
                <Baseline points="853,2381 919,2381 985,2382 1051,2383 1117,2383 1183,2384 1249,2385 1316,2387 1382,2387 1448,2389 1514,2390 1580,2391 1646,2392 1712,2394 1779,2395 1845,2396 1911,2397 1977,2398 2043,2399 2109,2400 2176,2401"/>
                <TextEquiv>
                    <Unicode>mählich das genaue Gegenteil zu glauben und kamen erst recht wieder.</Unicode>
                </TextEquiv>
            </TextLine>
            <TextLine id="r1l28" custom="readingOrder {index:27;}">
                <Coords points="835,2423 2186,2443 2134,2407 835,2392"/>
                <Baseline points="845,2429 911,2430 978,2432 1044,2433 1111,2434 1177,2436 1244,2437 1310,2438 1377,2439 1443,2440 1510,2441 1577,2443 1643,2444 1710,2445 1776,2445 1843,2447 1909,2447 1976,2448 2042,2449 2109,2450 2176,2451"/>
                <TextEquiv>
                    <Unicode>Ein Zugstück bis auf diese Tage, in denen es schon eine neue Spiel¬</Unicode>
                </TextEquiv>
            </TextLine>
            <TextLine id="r1l29" custom="readingOrder {index:28;}">
                <Coords points="832,2487 2181,2498 2031,2451 833,2433"/>
                <Baseline points="842,2479 908,2480 975,2481 1041,2482 1108,2483 1174,2484 1241,2485 1307,2486 1374,2487 1440,2488 1507,2489 1573,2490 1640,2491 1706,2492 1773,2494 1839,2495 1906,2496 1972,2498 2039,2499 2105,2501 2172,2503"/>
                <TextEquiv>
                    <Unicode>zeit einleiten und stützen muß. Aber dann kam Pelleas. Wirklich und</Unicode>
                </TextEquiv>
            </TextLine>
            <TextLine id="r1l30" custom="readingOrder {index:29;}">
                <Coords points="836,2541 2187,2556 2187,2513 2075,2504 836,2489"/>
                <Baseline points="845,2532 911,2532 978,2532 1044,2532 1111,2532 1178,2533 1244,2534 1311,2535 1377,2536 1444,2537 1511,2539 1577,2540 1644,2542 1710,2543 1777,2544 1843,2545 1910,2547 1977,2548 2043,2549 2110,2551 2177,2552"/>
                <TextEquiv>
                    <Unicode>wahrhaftig der von Weingartner durch drei Jahre angekündigte</Unicode>
                </TextEquiv>
            </TextLine>
            <TextLine id="r1l31" custom="readingOrder {index:30;}">
                <Coords points="843,2583 2180,2619 2181,2565 2139,2555 844,2541"/>
                <Baseline points="853,2581 918,2580 984,2580 1050,2580 1116,2581 1182,2581 1248,2583 1314,2584 1380,2585 1446,2586 1512,2588 1577,2590 1643,2591 1709,2593 1775,2594 1841,2595 1907,2596 1973,2597 2039,2597 2105,2597 2171,2597"/>
                <TextEquiv>
                    <Unicode>Pelleas. Und das war Gregor, und es war schön, mit einem Werk</Unicode>
                </TextEquiv>
            </TextLine>
            <TextLine id="r1l32" custom="readingOrder {index:31;}">
                <Coords points="828,2633 2188,2663 2189,2624 2052,2599 829,2595"/>
                <Baseline points="838,2630 905,2630 972,2631 1039,2631 1106,2632 1173,2632 1240,2633 1307,2634 1374,2635 1441,2636 1508,2637 1575,2639 1642,2640 1709,2641 1776,2642 1843,2643 1910,2644 1977,2645 2044,2646 2111,2647 2179,2648"/>
                <TextEquiv>
                    <Unicode>zu beginnen, das keine äußeren Ehren bringen konnte und einmal</Unicode>
                </TextEquiv>
            </TextLine>
            <TextLine id="r1l33" custom="readingOrder {index:32;}">
                <Coords points="831,2684 2128,2710 2179,2667 832,2647"/>
                <Baseline points="840,2679 906,2678 972,2678 1039,2678 1105,2679 1172,2680 1238,2681 1304,2682 1371,2684 1437,2685 1504,2687 1570,2688 1636,2690 1703,2691 1769,2693 1836,2694 1902,2696 1968,2697 2035,2698 2101,2699 2168,2699"/>
                <TextEquiv>
                    <Unicode>doch gegeben werden mußte; und es so aufzuführen, daß alle zum</Unicode>
                </TextEquiv>
            </TextLine>
            <TextLine id="r1l34" custom="readingOrder {index:33;}">
                <Coords points="834,2730 2176,2747 2136,2705 835,2680"/>
                <Baseline points="845,2725 911,2727 977,2728 1043,2729 1109,2730 1175,2731 1241,2733 1307,2734 1373,2735 1439,2736 1505,2737 1571,2739 1637,2740 1703,2741 1769,2742 1835,2743 1901,2744 1967,2745 2033,2745 2099,2746 2166,2747"/>
                <TextEquiv>
                    <Unicode>mindestens an der Aufführung ihre Freude haben durften. Das</Unicode>
                </TextEquiv>
            </TextLine>
            <TextLine id="r1l35" custom="readingOrder {index:34;}">
                <Coords points="838,2777 1884,2814 2182,2784 2128,2752 839,2736"/>
                <Baseline points="849,2775 915,2776 981,2778 1047,2779 1113,2780 1179,2781 1245,2782 1312,2782 1378,2783 1444,2784 1510,2785 1576,2785 1642,2787 1708,2788 1775,2789 1841,2791 1907,2792 1973,2794 2039,2796 2105,2798 2172,2802"/>
                <TextEquiv>
                    <Unicode>Werk wurde, wiederum, ziemlich ungnädig empfangen, und die</Unicode>
                </TextEquiv>
            </TextLine>
            <TextLine id="r1l36" custom="readingOrder {index:35;}">
                <Coords points="827,2835 1987,2860 2134,2855 2181,2811 828,2783"/>
                <Baseline points="837,2826 903,2826 970,2827 1036,2828 1103,2829 1170,2830 1236,2831 1303,2832 1370,2833 1436,2834 1503,2835 1570,2837 1636,2838 1703,2839 1770,2840 1836,2841 1903,2842 1970,2842 2036,2843 2103,2844 2170,2844"/>
                <TextEquiv>
                    <Unicode>Meinungen über Debussy formten sich zum Teil recht ergötzlich. Aber</Unicode>
                </TextEquiv>
            </TextLine>
            <TextLine id="r1l37" custom="readingOrder {index:36;}">
                <Coords points="823,2872 2122,2915 2177,2867 824,2853"/>
                <Baseline points="833,2877 899,2877 966,2877 1033,2878 1099,2878 1166,2879 1233,2880 1299,2881 1366,2882 1433,2883 1500,2884 1566,2885 1633,2886 1700,2888 1766,2889 1833,2890 1900,2892 1966,2893 2033,2895 2100,2896 2167,2898"/>
                <TextEquiv>
                    <Unicode>es gab doch wieder Leben und Erörterung, eine Schranke des schwarz¬</Unicode>
                </TextEquiv>
            </TextLine>
            <TextLine id="r1l38" custom="readingOrder {index:37;}">
                <Coords points="825,2944 2027,2966 2171,2924 826,2900"/>
                <Baseline points="834,2928 900,2928 966,2928 1032,2928 1099,2929 1165,2930 1231,2931 1298,2932 1364,2933 1430,2934 1497,2935 1563,2936 1629,2938 1695,2939 1762,2940 1828,2941 1894,2942 1961,2943 2027,2944 2093,2944 2160,2944"/>
                <TextEquiv>
                    <Unicode>gelben Ghettos fiel (rasch wurde, wie es da immer geschieht, irgendwo</Unicode>
                </TextEquiv>
            </TextLine>
            <TextLine id="r1l39" custom="readingOrder {index:38;}">
                <Coords points="830,2982 2113,3014 2174,2983 1912,2945 831,2944"/>
                <Baseline points="840,2975 906,2975 972,2976 1038,2977 1104,2978 1171,2979 1237,2980 1303,2981 1369,2982 1435,2983 1502,2984 1568,2985 1634,2987 1700,2988 1766,2989 1833,2990 1899,2991 1965,2992 2031,2993 2097,2994 2164,2995"/>
                <TextEquiv>
                    <Unicode>eine andre zum Ersatz unsichtbar vorgeschoben), und selbst die träg¬</Unicode>
                </TextEquiv>
            </TextLine>
            <TextLine id="r1l40" custom="readingOrder {index:39;}">
                <Coords points="824,3023 2078,3062 2169,3042 2170,3003 824,2992"/>
                <Baseline points="834,3022 900,3023 966,3025 1032,3026 1099,3027 1165,3029 1231,3030 1297,3031 1364,3032 1430,3032 1496,3033 1562,3034 1629,3035 1695,3036 1761,3036 1827,3037 1894,3038 1960,3039 2026,3040 2092,3041 2159,3042"/>
                <TextEquiv>
                    <Unicode>sten Hüter der Ideale, so nennt sich das ja, mußten zu einer neuen</Unicode>
                </TextEquiv>
            </TextLine>
            <TextLine id="r1l41" custom="readingOrder {index:40;}">
                <Coords points="827,3081 2141,3106 2167,3059 828,3041"/>
                <Baseline points="837,3072 906,3073 975,3074 1045,3075 1114,3076 1184,3077 1253,3078 1322,3079 1392,3079 1461,3081 1531,3081 1600,3083 1670,3084 1739,3085 1808,3086 1878,3087 1947,3088 2017,3089 2086,3091 2156,3092"/>
                <TextEquiv>
                    <Unicode>Musik Stellung nehmen. Diese Musik erfüllt mir einen Traum:</Unicode>
                </TextEquiv>
            </TextLine>
            <TextLine id="r1l42" custom="readingOrder {index:41;}">
                <Coords points="831,3133 1911,3157 2166,3145 2167,3101 831,3087"/>
                <Baseline points="840,3120 905,3122 971,3123 1037,3125 1103,3126 1169,3127 1234,3129 1300,3130 1366,3131 1432,3132 1498,3133 1563,3135 1629,3136 1695,3136 1761,3137 1827,3138 1892,3139 1958,3140 2024,3141 2090,3141 2156,3142"/>
                <TextEquiv>
                    <Unicode>sie überklingt viele Grenzen. Ich sage damit nicht, was nur Un¬</Unicode>
                </TextEquiv>
            </TextLine>
            <TextLine id="r1l43" custom="readingOrder {index:42;}">
                <Coords points="817,3178 1203,3217 1317,3172 1394,3220 2176,3200 2123,3146 818,3135"/>
                <Baseline points="828,3172 894,3175 961,3177 1028,3179 1095,3181 1162,3183 1229,3184 1296,3185 1363,3185 1430,3186 1497,3187 1563,3187 1630,3187 1697,3188 1764,3188 1831,3189 1898,3189 1965,3190 2032,3191 2099,3192 2166,3194"/>
                <TextEquiv>
                    <Unicode>aufmerksame, wenn auch allgemein, sagen konnten: daß sie formlos</Unicode>
                </TextEquiv>
            </TextLine>
            <TextLine id="r1l44" custom="readingOrder {index:43;}">
                <Coords points="2035,3306 2048,3308 2069,3326 2087,3313 2100,3320 2112,3314 2125,3319 2137,3313 2164,3314 2165,3277 2151,3279 2129,3261 2109,3266 2104,3260 2096,3260 2088,3267 2067,3259 2061,3264 2036,3262"/>
                <Baseline points="2044,3303 2071,3301 2099,3303 2126,3304 2154,3305"/>
                <TextEquiv>
                    <Unicode>293</Unicode>
                </TextEquiv>
            </TextLine>
            <TextEquiv>
                <Unicode>box 27/5
23. Der Schleiender Pierrette
Denken herzustellen, so wird er, wenn ihm nicht der Glücksfall be¬
sonderer Empfehlungen weiter hilft, auf einmal ratlos stecken bleiben.
Er wird nun erst gewahr, daß die Hunderttausende zwar dicht neben
ihm, aber dennoch in einer ganz andern Stadt leben; in einer fremden
und fernen Stadt, deren Inneres ihm streng verschlossen bleibt. Ein¬
druck und Urteil sind dauernd auf die unsichern Zeichen angewiesen,
die etwa das Leben der Straße und die sonstige allgemein zugängliche
Oeffentlichkeit hergeben mag.
Und wer sich mit besonderer Liebe daran gewöhnt hat, solche
Zeichen aus dem Spiel der Bühne zu lesen und zu deuten, der hat an
diesem Theater den nächsten und ergiebigsten Anhalt. Hier beschwich¬
tigt sich der Drang, vom andern zu wissen und ihm, auf Stunden
wenigstens, geistig nahe zu sein. Dieses Nationaltheater ist soweit
europäisch, daß sich der Anderssprachige darin nicht völlig ins Weglose
verlieren muß, und doch so sehr national, daß sich seine Zugehörigkeit
zu diesem bestimmten Volkstum in keinem Momente des Spiels und
in keiner Bewegung der Zuschauer verleugnen kann. (Fortsetzung folgt)
Gregors Kalender von Paul Stefan
ieser Beginn“ mit „dem „Rosenkavalier“ war für den neuen
Direktox einExfolg mit geringen Mühen, fast ein zugewehtes
Glück. Und sogar, ein Käffenerfslg. Denn zuerst wollten alle
sehen, ob Hofmanusthal wirklich verdiente, von den öffentlich Meinen¬
den herabgekanzelt zu werden, ob denn Strauß wirklich und end¬
gültig erledigt sei. Die aber gesehen und gehört hatten, schienen all¬
mählich das genaue Gegenteil zu glauben und kamen erst recht wieder.
Ein Zugstück bis auf diese Tage, in denen es schon eine neue Spiel¬
zeit einleiten und stützen muß. Aber dann kam Pelleas. Wirklich und
wahrhaftig der von Weingartner durch drei Jahre angekündigte
Pelleas. Und das war Gregor, und es war schön, mit einem Werk
zu beginnen, das keine äußeren Ehren bringen konnte und einmal
doch gegeben werden mußte; und es so aufzuführen, daß alle zum
mindestens an der Aufführung ihre Freude haben durften. Das
Werk wurde, wiederum, ziemlich ungnädig empfangen, und die
Meinungen über Debussy formten sich zum Teil recht ergötzlich. Aber
es gab doch wieder Leben und Erörterung, eine Schranke des schwarz¬
gelben Ghettos fiel (rasch wurde, wie es da immer geschieht, irgendwo
eine andre zum Ersatz unsichtbar vorgeschoben), und selbst die träg¬
sten Hüter der Ideale, so nennt sich das ja, mußten zu einer neuen
Musik Stellung nehmen. Diese Musik erfüllt mir einen Traum:
sie überklingt viele Grenzen. Ich sage damit nicht, was nur Un¬
aufmerksame, wenn auch allgemein, sagen konnten: daß sie formlos
293</Unicode>
            </TextEquiv>
        </TextRegion>
    </Page>
</PcGts>
