3344 4352
1970 153 2402 248 box 27/5
219 140 1798 267 23. Der Schleiender- Dierrette
854 1172 1225 1275 Telephen 12.691.
323 1241 1059 1416 „OBSERVER‘
136 1399 1259 1478 I. Oeterr. benordl kenx. Unturanhmen für Zeifungs-Ausuchalft.
337 1442 1104 1532 Wien, I., Concordiaplatz 4.
541 1499 888 1571 Vertretungen
137 1517 1267 1629 4 Berlin. Basel. Budaprst. Chicago, Clevrland, Christlania.
144 1581 1273 1664 Oenl, Kopenhagen., Lundon, Ma##. Mailand, Minnvspolta,
143 1629 1264 1710 New-Vork, Paris. Rum, San Francisco, Stockholm, St. Peters¬
546 1666 858 1727 burg. Toronte
466 1693 934 1778 Sedlsnagebe en Oevidr.
142 1745 1199 1894 Ausschnitt aus: HIEMIA, PFAG
1450 1812 3261 1916 #mpee sorale er ane einmür Einstlichfeenstalt sa“Feruden Sines zu geden verrang“
137 1845 335 1926 vom:
1287 1834 3257 1965 in Erwägung käme. Vor dieser Erwägungten nun plötzlich die Tschechen ihrerseits Bürg¬
1297 1902 3272 2035 aber schrecken sie zurück. Da kommt ihnen schaften für die Erledigung der beiden wirt¬
887 1972 2342 2069 alenambonomtum—
2561 1996 2637 2070 1
2783 2000 3245 2088 S
1281 2031 3263 2157 ler ist ein homo novus auf der Opernbühne. Seine vor ihm Eugen d'Albert gemacht. Beibt zu hoffen,
1288 2078 2268 2160 Neigungen zogen ihn schon lange zur Musik. Er ist
364 2076 1231 2177 „Der Schleier der Vierrette.“
2264 2102 3127 2180 daß sich Dohnanyi länger oben halten wird.
1293 2106 2272 2200 ein gründlicher Kenner der Werke unserer Klassiker
345 2131 840 2229 Hautomime von
2350 2151 3257 2225 Es sind schon einige Jahre vergangen, seitdem
1275 2141 2262 2249 und der Moderne. Bei keiner wichtigen Aufführung
638 2149 1272 2276 Dohn
2265 2187 3262 2273 Arthur Schnitzler sein fünfaktiges Drama „Der Schleier
1285 2212 2261 2286 fehlt er im Wiener Konzertsaale oder Opernhause.
2254 2233 3267 2313 der Beatrice“ vollendet hat. Der Dichter hatte kein
1290 2251 2270 2326 Als das künstlerische Wien mit Fug und Recht über
383 2248 1290 2345 Wieder in Dresden. Nicht wie sonst anläßlich
2262 2275 3252 2356 Glück mit diesem Werk. In Wien lehnte Dr. Paul
1282 2291 2269 2370 die schnöden Machenschaften außer sich war, die
304 2296 1287 2389 eines sensationellen Ereignisses. Uraufführungen
2252 2320 3257 2394 Schlenther eine Aufführung am Burgtheater rund¬
1292 2340 2283 2425 Gusiav Mahler fortekelten, war Schnitzler einer der
298 2350 1293 2426 interessanter Werke wie „Elektra“ oder Salonie“
2261 2361 3259 2443 weg ab, ein Versuch, dem Drama in Berlin zu seinem
1285 2377 3258 2498 Ersten, die den Protest unterzeichneten, der die kunst= Recht zu verhelfen, scheiterte an der Unzulänglichkeit
293 2390 1302 2461 oder „Moloch“ gibt es heuer nicht. Die Produktion
1283 2407 2263 2495 feindliche Intrige durchkreuzen wollte. Aber als
301 2431 1295 2515 schweigt. Sie holt neuen Atem. Erst im nächsten
2257 2451 3254 2511 der schauspielerischen Kräfte des Lessingtheaters, welche
1277 2467 2264 2544 schaffender Künstler ist Schnitzler bisher der Musik
295 2479 1285 2558 Jahre sind die großen Nummern fällig, der neue
2259 2488 3246 2570 für die Aufgaben des Renaissancestücks nicht geaicht
1279 2515 2270 2585 nicht näher getreten. Höchstens, daß er in ein paar
299 2505 1279 2595 Strauß, der neue Puccini. Bis dahm müssen wir
2257 2529 3251 2616 waren. Wollte der Dichter sein Werk für die Bühne
1280 2549 2256 2625 Romankapiteln ihr Wesen als Aesthet zu ergründen
301 2558 1277 2638 warten, uns in Geduld fassen oder den Nachwuchs
2254 2569 3248 2649 retten, so mußte er sich zu einer gründlichen Um¬
1270 2581 2246 2669 versuchte Doch der Dichter hatte nichts dagegen,
299 2603 1289 2676 beobachten. Aber auch der Nachwuchs streikt. Die
2254 2622 3248 2689 arbeitung entschließen. Es wurde der „Schleier der
1281 2633 2246 2713 daß die Musiker an ihn herantraten. Es waren nun
307 2648 1295 2738 Ziener schreiben nur mehr Operetten, die Münchner
2251 2658 3249 2736 Pierrette“ daraus. Die Pantomime ist wohl noch
1283 2676 2248 2747 freilich nicht die Erlauchtesten aus dem Reiche Poly¬
285 2679 1280 2767 Schule hat völlig versagt und Eugen d'Albert, auf
2252 2701 3250 2766 nicht die definitive Form des veränderten Werkes
1276 2721 2249 2801 hymnias, welche sich ihm näherten. Zuerst Oskar
288 2735 1285 2804 den man einmal Hoffnungen gesetzt hat, findet aus
2250 2739 3233 2823 geworden, denn schwerlich dürfte Schnitzler ein für
1281 2756 2250 2833 Straus, welcher aus dem Puppenspiel „Der tapfere
288 2771 1283 2858 den Sümpfen des „Tiefland“ nicht mehr den Weg
2252 2788 3243 2871 allemal auf das Sprachliche auf das er gerade in
1281 2809 2261 2885 Cassian“, vielleicht wider Willen eine banale Ope¬
293 2822 1269 2902 ins Freie. Die Sterilität des heurigen Musikjahres
2235 2826 3240 2897 diesem Werk sein ganzes Können konzentriert hat,
1279 2855 3230 2949 rette machte, dann der Frankfurter Opernkapell=ganz verzichten. Was wir vor uns haben und was
288 2859 1272 2940 sicht aber die Leitung der Dresdner Oper nicht an.
1276 2890 3239 2990 meister Franz Neumann, der den sonderbaren Ver= Dohnanyi zur Auregung seiner Komposition diente,
278 2894 3238 3039 Melden sich auch die neuen Talente nicht von selbst, such unternommen hat, aus der „Liebelei“ ein ist das Gerüst zu einem neuen Drama. Die Hand¬
289 2950 1279 3023 so weiß man sie zu finden. Kürzlich meldete der
1271 2974 2250 3049 Musikdrama zu machen. Wie das Experiment aus¬
284 2974 1276 3068 Draht aus Elbflorenz wieder einen neuen Erfolg.
2239 2998 3234 3066 lung ist aus der Renaissancezeit in das Wiener
1260 3017 2251 3092 gefallen ist, wird man erst erfahren, wenn die Over
2244 3042 3235 3138 Biedermeier=Milien verlegt, und die Hauptgestalten
279 3037 2252 3147 Freilich nicht den einer Oper. Bloß eine Panto=auch das Licht der Rampen erblickt haben wird.
275 3076 1269 3150 mime war es, die in der letzten Woche den Beifall
2244 3077 3235 3157 bekamen die Masken von Pierrol, Pierrette und
1269 3102 2249 3176 Ihre Aufführung steht gleichfalls in Dresden bevor.
283 3120 1269 3192 der Dresdner gefunden hat. Man hat dort die Sache
2226 3130 3227 3215 Harlekin, Zwei Akte des Originalentwurfs wurden
1261 3133 2249 3217 Der dritte musikalische Schnitzlerianer ist nun der
279 3160 1263 3231 nicht allzu seriös behandelt. Pautomimen entstehen
2229 3170 3231 3244 radikal amputiert. Die Vorgänge entwickeln sich nun
1265 3170 3216 3286 Ungar Ernst von Dohnanyi. Seine Antezedentien wie folgt. An ihrem Hochzeitsabend geht Pierrette
277 3201 1268 3282 und vergehen. Aber der „Schleier der Pierrette“
1257 3228 3215 3327 sprechen nicht gegen ihn. Als Pianist hat er sich ihrem Bräutigam durch. Sie flieht zu ihrem Ge¬
284 3245 1260 3320 scheint sich auf dem Revertoire zu erhalten und
1263 3275 3218 3370 schon in jungen Jahren Weltruhm erworben, als liebten Vierrot, ohne den das Leben für sie keinen
274 3287 1265 3369 gerne nimmt der fahrende Kritiker die Gelegenheit
1251 3311 2231 3386 Komponist mit einem Klavierkonzert den Beethoven¬
270 3334 1038 3396 wahr sich die Sache näher zu besehen.
2229 3338 3227 3419 Wert mehr hat. Kann sie mit ihm nicht mehr leben,
1246 3369 2237 3429 preis davongetragen, mit Kammermusik den Beweis
369 3359 1254 3445 Es sind Namen von Klang, welche der Theater¬
2222 3377 3213 3458 so will sie im Tode mit ihm vereint sein. Das Gist
1260 3408 2236 3479 erbracht, daß er Tüchtiges gelernt hat und eine
280 3414 1256 3489 zettel als Autoren neumt. Kein Geringerer als Arthur
2224 3428 3208 3498 hat sie mitgebracht. Pierrot ist einverstanden und
1260 3449 3212 3537 große, mehrfach aufgeführte Symphonie zeigte be= nimmt zuerst den Todestrank. Aber wie Pierrette
273 3466 1256 3531 Schnitzler hat das Libretto verfahl und Ernst von
1256 3486 3217 3582 reits Reife und Geviegenteit. Run erkolgte der ent= ihren Gelieften sterben siehr, erfaßt sie namen¬
272 3504 3225 3651 Dohnauhi int der musikalische Autor. Artgur Schnitz= scheidende Schritt zum Theater. Aehnlich hat #s lose Angst. Sie is nicht mehr imstande ihren
1442 3589 1560 3708 7
1763 3613 2071 3710 4-
