3344 4352
263 159 426 245 23.
429 162 1822 249 Der-Schlefen der Pierrette
1255 1145 1640 1254 Telephon 12.801.
1278 1264 1435 1350 P
677 1318 734 1379 —
751 1294 1360 1390 „OBSLIVER
526 1372 1621 1464 1 österr. behördl. konz. Unternghmen für Zeitungs-Ausschnitte
661 1441 1497 1533 Wien, I., Concordiaplatz 4.
858 1512 1289 1589 Vertrefungen
522 1544 1611 1623 in Berlin, Budapest, Chicago, Christiania, Genf, Kopen¬
525 1613 1607 1691 hagen, London, Madrid, Mailand, Minneapolis, New-Vork,
566 1664 1579 1731 Paris, Rom, San Francisco, Stockholm, St. Petersburg.
855 1696 1274 1753 (Quellenangabe ohne Gewähr).
509 1736 895 1827 Ausschnitt aus:
683 1795 1568 1907 12. -DieMoche, Berlin
522 1837 676 1906 vom:
722 1984 772 2052 □00
1233 3294 1424 3338 Phot. Baum.
441 3317 1487 3380 Frl. Tervani von der Hofoper in Dresden als Pierrette
613 3366 1321 3439 in Schnitzlers „Schleier der Pierrette“.
2000 176 2428 263 box 27/5
2729 684 3119 771 Telephon 12.801.
2242 763 2879 942 „OBSERVER“
2012 930 3113 996 I. österr. behördl. konz. Unternehmen für Zeltungs-Ausschnitte
2146 981 2997 1082 Wien, I., Concordiaplatz 4.
2342 1048 2785 1131 Vertretungen
2025 1092 3100 1175 in Berlin, Budapest, Chicago, Christiania, Genf, Kopen¬
2020 1151 3090 1219 hagen. London. Madrid Mailand Minneanolis New-Vorb.
2065 1206 3067 1273 Paris, Rom, San Francisco, Stockholm, St. Petersburg.
2368 1234 2786 1306 (Quellenangabe ohne Gewähr).
2024 1289 2403 1372 Ausschnitt aus:
2129 1340 2990 1452 L4. FEBRMRet910pyd, Budapest
2030 1374 2145 1463 vom
2514 1423 2820 1495 Abendblatt
2161 1485 2331 1543 R
2267 1531 2699 1648 Feuilleton.
2496 1626 2536 1685 —
2069 1675 2856 1756 „Der Schleier der Pierrette.“
2026 1743 2919 1822 Pantomime von Schnitzler und Dohnänyi.
2367 1798 2647 1872 eter
1956 1833 2989 1914 Wieder in Dresden. Nicht wie sonst anläßlich ein
1873 1913 3014 1971 sensationellen Ereignisses. Uraufführungen interessante
1883 1949 3017 2009 Werke wie „Elektra“ oder „Salome“ oder „Moloch“ gibt es
1878 1997 3024 2052 heuer nicht. Die Produktion schweigt. Sie holt neuen Atem.
1876 2042 3043 2113 Erst im nächsten Jahre sind die große Nummern fällig,
1871 2098 3042 2155 der neue Strauß, der neue Puccini. Bis dahin müssen
1873 2147 3034 2209 wir warten, uns in Geduld fassen oder den Nachwuchs
1875 2194 3035 2252 beobachten. Aber auch der Nachwuchs streikt. Die Wiener
1877 2242 3046 2298 schreiben nur mehr Operetten, die Münchner Schule hat
1872 2298 3042 2352 völlig versagt und Eugen d'Albert, auf den man einmal
1871 2345 3042 2407 Hoffnungen gesetzt hat, findet aus den Sümpfen des
1881 2395 3041 2460 „Tiefland“ nicht mehr den Weg ins Freie. Die Sterilität
1877 2444 3044 2486 des heurigen Musikjahres sicht aber die Leitung der
1878 2485 3043 2557 Dresdner Oper nicht an. Melden sich auch die neuen
1858 2521 3035 2594 A Talente nicht von selbst, so weiß man sie zu finden. Kürz¬
1861 2597 3038 2655 slich meldete der Draht aus Elbflorenz wieder einen neuen
1864 2638 3041 2701 Erfolg Freilich nicht den einer Oper. Bloß eine Pauto¬
1859 2686 3049 2756 mime wär es, die in der letzten Woche den Beifall der
1868 2740 3041 2806 Dresdner gefunden hat. Man hat dort die Sache nicht
1874 2791 3046 2839 allzu seriös behandelt. Pantomimen entstehen und ver¬
1879 2839 3041 2899 gehen. Aber der „Schleier der Pierrette“ scheint sich auf
1875 2890 3047 2945 dem Repertoire zu erhalten und gern nimmt der fahrende
1870 2937 3040 2988 Kritiker die Gelegenheit wahr, sich die Sache näher zu besehen.
1961 2985 3049 3052 Es sind Namen von Klang, welche der Theaterzettel
1870 3035 3048 3094 als Autoren nennt. Kein Geringerer als Artur Schnitzler
1873 3089 3039 3147 hat das Libretto verfaßt und Ernst v. Dohnänyi ist der
1869 3142 3052 3197 musikalische Autor. Artur Schnitzler ist ein homo novus
1869 3185 3052 3256 auf der Opernbühne. Seine Neigungen zogen ihn schon
1866 3218 3047 3294 lange zur Musik. Er ist ein gründlicher Kenner der Werke
1864 3287 3039 3347 unserer Klassiker und der Moderne. Bei keiner wichtigen
1866 3335 3036 3386 Aufführung sehlt er im Wiener Konzertsaale oder Opern¬
1870 3377 3048 3441 hause. Als das künstlerische Wien mit Fug und Recht
1860 3422 3048 3481 über die schnöden Machenschaften außer sich war, die
1870 3476 3046 3541 Gustav Mahler fortekelten, war Schnitzler einer der ersten,
1876 3512 3050 3590 die den Protest unterzeichneten, der die kunstfeindliche
1867 3578 3046 3638 Intrige durchkreuzen wollte. Aber als schaffender Künstler
3243 2014 3322 2073 ein
3065 2060 3315 2126 ausgefallen i
3059 2109 3325 2172 das Licht da
3055 2157 3311 2226 führung steh
3061 2206 3319 2275 kalische Sch
3060 2251 3317 2323 v. Dohnäny
3062 2302 3299 2367 ihn. Als
3060 2350 3328 2434 Weltruhme
3059 2402 3311 2468 konzert den
3060 2447 3306 2524 musik den
3054 2502 3292 2565 und eine
3057 2539 3311 2620 bereits Reife
3057 2597 3304 2662 scheidende &
3054 2646 3290 2707 Eugen 5°9
3055 2688 3311 2760 Dohnauyi l
3153 2743 3313 2810 Es sin
3062 2780 3286 2854 Schnitzler
3065 2838 3303 2903 Beatrice“ v#
3072 2885 3319 2956 diesem Wer
3061 2938 3311 3005 Aufführung
3070 2988 3308 3047 dem Dram
3065 3035 3314 3109 scheiterte an
3069 3083 3297 3149 Kräfte des
3055 3108 3313 3207 Renaissance
3057 3181 3298 3249 sein Werk
3060 3204 3312 3295 einer gründ
3048 3280 3311 3345 der „Schleic
3058 3328 3287 3400 wohl noch
3057 3375 3301 3443 Werles gen
3061 3424 3306 3487 für allemal
3064 3476 3307 3545 diesem Wer
3052 3523 3289 3590 verzichten.
3047 3575 3307 3654 zur Auregu
