3392 4384
1925 212 2381 297 box 28/1
205 230 1832 337 23. Der Schleier der Pierrette
305 464 1346 556 schnitt aus: Berliner Morgenpost, Ber
363 532 861 645 4- AFRlL 1913
439 662 1179 781 „Der Schleier der Pierreite“
625 761 1262 832 Die nächste Rovität des Deutschen
571 804 1265 869 Opernhauses zu Charlotten¬
568 823 1271 913 burg bringt Ernst von Dohnanyis
571 875 1265 936 jüngste Bühnenwerke, die einaktige komische
568 921 1260 987 Oper „Tante Simona“ und die drei¬
568 948 1268 1019 altige, von Artur Schnitzler ver¬
580 1001 1274 1060 faßte Pantomime „Der#der
576 1026 1266 1102 Pierrette“. Die Premiere, zu der auch
577 1074 1270 1137 Artur Schnitzler sein Kommen in Aussicht
1612 1093 2798 1192 Ausschnitt aus eriache Caitung Berhin
570 1115 1274 1183 gestellt hat, findet nächsten Mittwoch statt.
567 1156 1276 1228 Wir geben im folgenden die Handlung der
580 1196 1286 1268 Schnitzlerschen Pantomime im Auszug
1628 1212 2298 1314 voin: at nre 7315
583 1248 733 1306 wieder:
665 1283 980 1357 Erster Akt.
1609 1303 2777 1373 „Der Schleier der Pierrette.“ Man schreibt uns: Die
428 1312 1276 1403 (Bei Pierrot.) Trüb und einsam sitzt Pierrot
1579 1344 2779 1415 merkwürdige Pantomime, die UrthurScniglergeriene und
1582 1386 2784 1448 Ernst v. Dohnsuni komponiert hat, gelangt, wie bekannt, heute
384 1382 1283 1453 in seinem Stübchen vor Pierrettens Bild an
1584 1422 2784 1487 abend im Deutschen Opernhause in Charlottenburg zur ersten
387 1420 1281 1504 seinem Schreibtisch und weint der verlorenen
1590 1450 2778 1526 Aufführung. Die maßgebende Kritik wird nicht verfehlen, das
398 1468 1291 1546 Geliebten nach, die heute mit Arlechino im Hause
1583 1494 2776 1564 Werk und mit ihm eine ganze Kunstform zu werten. Hier soll nur
389 1515 1278 1587 ihrer Eltern Hochzeit feiert. Die Dämmerung
1589 1532 2785 1598 versucht werden, das Publikum in einigen Worten auf das Be¬
391 1566 1291 1634 gleitet durch den Raum und Pierrot sinkt, vom
1579 1562 2780 1650 sondere, Neuartige dieses Dramas, das nur in Bildern und Tönen
388 1603 1289 1672 Schlummer übermannt, auf sein Lager. Plötzlich
1588 1628 2786 1685 zu den Seelen spricht, vorzubereiten. Die Pantomime, von
2081 1653 2785 1714 von einem Tonkünstler beseelt,
401 1644 1281 1722 springt die Tür auf und der Diener geleitet das
1585 1666 2068 1721 einem Poeten erdacht,
2667 1691 2782 1742 Fritz
2093 1689 2640 1752 Kunst jenes Ziel, das
1582 1698 2083 1758 weist der dramatischen
395 1693 1289 1766 Freundespaar Fred und Florestan mit ihren Ge¬
2563 1718 2791 1782 Befreiung
1588 1725 2567 1795 Mauthner der Erkenntnis gesteckt hat: die
399 1743 1285 1805 liebten herein, die gekommen sind, um Pierrot zu
1596 1763 2786 1832 vom Wort. Das heißt: es scheint für den Dramatiker die Mög¬
395 1779 1300 1854 Schmaus und Tanz im Grünen abzuholen. Doch
1586 1801 2780 1867 lichkeit gegeben, tiefe feelische Sensationen durchzuleben und dem
401 1821 1297 1898 alle Erheiterungsversuche gleiten an Pierrots
1595 1840 2798 1908 Zuschauer zu vermitteln, ohne daß er des Wortes als Maklers
401 1867 1284 1945 düsterer Laune ab. Er ist wieder ganz allein,
1595 1886 2788 1948 bedarf. (Ein verwandtes Streben hat ja zum Kinematheater ge¬
396 1903 1294 1977 wirft alle Erinnerungen an Pierrette beiseite und
1591 1929 2791 1992 führt, das aber seiner Natur nach doch nur den Trieb zum Schauen
395 1958 1290 2020 will eben davonstürmen, als er plötzlich auf der
1589 1978 1929 2039 befriedigen kann.)
1625 1980 2790 2057 Das pantomimisch=musikalische Drama hat, wie ohne weiteres
402 2006 1297 2069 Gasse Pierrette sich nähern sieht. Ueberselig stürzt
1591 2053 2801 2098 einleuchtet, nichts mit dem Musikdrama, noch mit der alten Oper
398 2046 1287 2118 er hinunter, ihr entgegen. Sie kommt im Braut¬
1598 2087 2794 2132 zu tun, wo durchweg Wort und Ton, wenngleich nach ver¬
402 2102 1294 2168 schmuck von der Hochzeitstafel und gibt dem ge¬
1588 2115 2795 2189 schiedenen Gesetzen, aufeinander abgestimmt sind. Aber
407 2132 1293 2209 liebten Pierrot ihren Entschluß kund, mit ihm
1602 2155 2802 2224 auch den Darbietungen der Tanzkunst, den Versuchen
410 2192 1297 2244 vereint aus dem Leben zu scheiden; zögernd wil¬
409 2230 1299 2298 ligt Pierrot ein, doch als nach einer in seligem
1619 2253 2233 2298 der Choreographie ist es
2237 2251 2841 2319 nur von fern verwandt.
402 2269 1302 2355 Liebestaumel verbrachten Stunde Pierrot die
1620 2287 2836 2339 In Schnitzler=Dohnányis Pantomime handelt es sich um die rhyth¬
418 2311 1299 2378 Gläser mit dem todbringenden Trank füllte und
1622 2322 2829 2388 mische Einheit von Geste und Ton, um die Harmonie zwischen der
1622 2371 2830 2419 unmittelbaren Gebärde der Seele und der Transskription dieser
416 2362 1296 2426 das seinige leert, ist es nun Pierrette, die vor
1613 2401 2824 2476 Gebärde ins Musikalische. Ohne der Berliner Kritik irgend vor¬
410 2412 1299 2459 dem Ende zurückschauert. Mit verächtlichem
1622 2441 2818 2500 greifen zu wollen, darf doch gesagt werden, daß das wortlose Drama,
419 2443 1296 2513 Lachen schleudert Pierrot ihr das Glas aus der
1617 2474 2821 2529 das ja bereits über viele Bühnen gegangen ist, gerade nach der
411 2490 1300 2554 Hand und stürzt tot bei ihrem Bilde nieder.
1617 2516 2819 2581 feelischen Seite starke Eindrücke hinterließ und daß die Vereinigung
412 2537 1303 2608 Pierrette versucht vergeblich, ihn ins Leben zu¬
1619 2552 2827 2629 von Gestus und Ton manchen Zuschauer fast an die Entbehrlichkeit
1617 2593 2258 2644 des Maklers Wort glauben machte.
426 2575 1305 2644 rückzurufen; endlich stürzt sie verzweifelt davon,
419 2622 1302 2697 ihren Brautschleier im Zimmer Pierrots zurück¬
1661 2618 2826 2702 Die nur leise anklingenden Motive aus der alten commedia
1612 2667 2823 2731 dell'arte, die einem wienerisch=bürgerlichen Milieu der Biedermeier¬
418 2680 583 2751 lassend.
1604 2699 2824 2768 zeit einverleibt sind, der scharfe Gegensatz zwischen der robust¬
683 2702 1021 2786 Zweiter Akt.
1611 2744 2835 2813 koketten Hochzeitsfröhlichkeit und der gespenstigen Erscheinung des
469 2762 1301 2829 (Im Hochzeitssaal.) Im Festesjubel hat man
1604 2782 2818 2847 toten Pierrot (dieses Opfers seiner schwachmütigen Geliebten, die
414 2814 1305 2871 das Verschwinden Pierrettens nicht bemerkt, bis
1615 2822 2822 2890 ihren Brautschleier bei ihm vergaß, als sie mit ihm sterben wollte,
1609 2860 2831 2913 aber nicht konnte), die grausame Rache des betrogenen Arlechino,
430 2852 1313 2924 endlich Gigolo, der Tanzarrangeur, den mürrisch
1611 2903 2824 2966 Pierrettes Wahnsinn und Tod am Orte ihrer doppelten Untreue,
417 2884 1319 2974 und verschlossen dastehenden Arlechino bittet, am
1611 2932 2818 3006 das Eindringen der ahnungslos vergnügten Freunde, all diese an
419 2946 1320 3006 Tanze teilzunehmen. „Ja gern, aber Sie sehen
1613 2977 2825 3020 farbiger Phantastik und starken Kontrasten reichen Bilder
419 2986 1317 3061 doch, Pierrette ist nicht da“. Man durchforscht
1596 3017 2328 3074 lösen im Zuschauer und Hörer
2341 3024 2397 3070 so
2438 3022 2655 3076 stark die
2657 3023 2817 3075 Stim¬
423 3026 1305 3099 das ganze Haus, vergeblich. Arlechino ergeht sich
1605 3059 2821 3105 mung des Dämonisch=Phantastischen aus, wie sie frühere
422 3060 1318 3143 in den fürchterlichsten Drohungen. Da plötzlich
1602 3087 2813 3165 Geschlechter beim Genusse von E. T. A. Hoffmanns Erzählungen
423 3114 1314 3196 erscheint Pierrette auf der Schwelle, als ob nichts
1605 3134 2814 3190 oder von Callots Zeichnungen empfunden haben mögen. Den
427 3173 1314 3233 geschehen sei: „Wo warst Du?“ — „In meinem
1603 3170 2821 3223 Höhepunkt dürfte diese Stimmung am Schluß des zweiten Bildes
1607 3210 2807 3275 erreichen, wo der erzwungene Hochzeitstanz des wütenden Bräutigams
422 3205 1326 3291 Zimmer oben!“ — „Das ist nicht wahr!“ — „Ach,
1594 3240 2808 3295 ins Rasende übergeht und bei wechselndem Lichte der gespenstige
433 3245 1316 3314 quäl' mich nicht, ich will tanzen!“ Zögernd gibt
1604 3277 2812 3344 Pierrot mit dem vergessenen Schleier erscheint. Bei der Ein¬
432 3311 1317 3362 sich Arlechino darein und der Tanz beginnt, als
1603 3316 2810 3385 studierung des Werkes sollen die Prinzipien des Dalcroze maß¬
422 3341 1321 3407 plötzlich Arlechino das Fehlen des Brautschleiers
1604 3370 2817 3423 gebend gewesen sein. Frau Elsa Galafrés=Hubermann, die in Wien
442 3384 1323 3456 entdeckt und Pierrette aus dem Saale weist: „Du
1599 3390 2815 3478 die Rolle der Pierrette kreiert hat, wurde, wie bekannt, auch für die
1600 3435 2300 3497 Berliner Darstellung gewonnen. —st.
428 3425 1325 3498 wirst jetzt mit mir vereint den verlorenen
440 3478 1003 3549 Schleier wieder herbeischaffen.“
700 3523 1045 3600 Dritter Akt.
487 3562 1322 3646 Im Morgengrauen erreichen sie Pierrots Zim¬
435 3628 1327 3694 mer. Pierrette stürzt auf den im Zimmer liegen¬
427 3667 1328 3732 den Schleier zu und will fort, doch Arlechino sieht
436 3717 1331 3786 sich im Raume um und gewahrt endlich den toten
441 3754 1326 3829 Pierrot am Boden. Er entdeckt den Betrug und
440 3811 1331 3872 schwört dämonische Rache. Da Pierrette sich mit
427 3848 1329 3926 dem lebenden Pierrot so gut verstanden, möge sie
438 3888 1333 3955 auch des Toten Gesellschaft nicht scheuen. Er
442 3929 1333 4005 schleppt die Leiche zum Sofa, setzt sie vor den ge¬
437 3968 1336 4039 deckten Tisch und enteilt. Pierrette mit dem
439 4015 1346 4083 Toten allein gelassen, verfällt dem Wahnsinn und)
436 4074 1109 4145 (inkt tot zu Pierrots Füßen nieder.
