<?xml version="1.0" encoding="UTF-8" standalone="yes"?>
<PcGts xmlns="http://schema.primaresearch.org/PAGE/gts/pagecontent/2013-07-15" xmlns:xsi="http://www.w3.org/2001/XMLSchema-instance" xsi:schemaLocation="http://schema.primaresearch.org/PAGE/gts/pagecontent/2013-07-15 http://schema.primaresearch.org/PAGE/gts/pagecontent/2013-07-15/pagecontent.xsd">
    <Metadata>
        <Creator>prov=University of Rostock/Institute of Mathematics/CITlab/Gundram Leifert/gundram.leifert@uni-rostock.de:name=ONB_Newseye_GT_M1+(htr_id=10810)::::v=2.4.2
prov=University of Rostock/Institute of Mathematics/CITlab/Tobias Gruening/tobias.gruening@uni-rostock.de:name=de.uros.citlab.module.baseline2polygon.B2PSeamMultiOriented:v=2.4.2
prov=University of Rostock/Institute of Mathematics/CITlab/Tobias Gruening/tobias.gruening@uni-rostock.de:name=/mnt/transkribus/LA/DEA/URO/LA_news_onb_att.pb:de.uros.citlab.segmentation.CITlab_LA_ML:v=2.4.2
Transkribus</Creator>
        <Created>2019-10-07T11:12:26.957+02:00</Created>
        <LastChange>2019-10-07T22:04:23.594+02:00</LastChange>
        <TranskribusMetadata docId="223965" pageId="9494436" pageNr="48" tsid="16482860" status="IN_PROGRESS" userId="40391" imgUrl="https://files.transkribus.eu/Get?id=PDCSHKKVTXORVFLCIHEJMULA&amp;fileType=view" xmlUrl="https://files.transkribus.eu/Get?id=YDPSKDDSISEOXXYNCNBYICBH" imageId="6184663"/>
    </Metadata>
    <Page imageFilename="223965_0048.jpeg" imageWidth="3344" imageHeight="4352">
        <ReadingOrder>
            <OrderedGroup id="ro_1711441143062" caption="Regions reading order">
                <RegionRefIndexed index="0" regionRef="r1"/>
            </OrderedGroup>
        </ReadingOrder>
        <TextRegion orientation="0.0" id="r1" custom="readingOrder {index:0;}">
            <Coords points="172,165 172,3343 2507,3343 2507,165"/>
            <TextLine id="r1l1" custom="readingOrder {index:0;}">
                <Coords points="2022,209 2099,228 2122,214 2168,221 2198,202 2267,229 2329,211 2419,226 2420,147 2365,136 2283,158 2257,150 2217,182 2192,181 2162,150 2110,151 2085,133 2023,149"/>
                <Baseline points="2032,199 2057,200 2082,200 2107,201 2132,202 2158,203 2183,204 2208,205 2233,206 2258,206 2284,207 2309,207 2334,207 2359,206 2384,205 2410,203"/>
                <TextEquiv>
                    <Unicode>box 27/5</Unicode>
                </TextEquiv>
            </TextLine>
            <TextLine id="r1l2" custom="readingOrder {index:1;}">
                <Coords points="286,195 648,242 1847,236 1848,174 1777,136 287,158"/>
                <Baseline points="296,189 373,196 450,200 527,206 604,209 681,212 758,215 835,216 912,217 989,218 1066,218 1143,218 1220,218 1297,218 1374,218 1451,218 1528,218 1605,218 1682,219 1759,220 1837,221"/>
                <TextEquiv>
                    <Unicode>23. Der Schleiender- Bierrette</Unicode>
                </TextEquiv>
            </TextLine>
            <TextLine id="r1l3" custom="readingOrder {index:2;}">
                <Coords points="1778,953 1838,974 1862,967 1901,995 1986,983 2005,1003 2028,1002 2040,902 1994,915 1968,906 1947,921 1933,909 1890,912 1871,890 1827,901 1818,890 1785,892"/>
                <Baseline points="1788,951 1814,953 1840,956 1866,960 1892,964 1918,968 1944,970 1970,973 1996,975 2022,975"/>
                <TextEquiv>
                    <Unicode>Gtd</Unicode>
                </TextEquiv>
            </TextLine>
            <TextLine id="r1l4" custom="readingOrder {index:3;}">
                <Coords points="177,1073 325,1089 509,1065 566,1091 663,1075 696,1091 796,1067 797,1031 587,1037 554,1015 402,1030 283,1003 218,1029 178,1013"/>
                <Baseline points="187,1066 217,1066 247,1066 277,1066 307,1067 337,1067 367,1067 397,1068 427,1068 457,1069 487,1069 517,1069 547,1070 577,1070 607,1071 637,1072 667,1072 697,1073 727,1074 757,1075 787,1076"/>
                <TextEquiv>
                    <Unicode>brachen sich; aber Schmock hatte</Unicode>
                </TextEquiv>
            </TextLine>
            <TextLine id="r1l5" custom="readingOrder {index:4;}">
                <Coords points="1178,1085 2455,1111 2514,1075 2137,1020 2086,1054 1178,1037"/>
                <Baseline points="1188,1076 1253,1077 1319,1078 1385,1079 1451,1080 1517,1081 1582,1082 1648,1084 1714,1084 1780,1085 1846,1086 1911,1087 1977,1088 2043,1089 2109,1090 2175,1091 2240,1092 2306,1092 2372,1093 2438,1094 2504,1095"/>
                <TextEquiv>
                    <Unicode>rasende Leidenschaft Canios sofort freigab), eine Gestalt, die man so</Unicode>
                </TextEquiv>
            </TextLine>
            <TextLine id="r1l6" custom="readingOrder {index:5;}">
                <Coords points="180,1122 542,1135 600,1121 688,1138 789,1121 789,1098 724,1079 566,1091 539,1075 181,1072"/>
                <Baseline points="189,1116 218,1116 248,1116 277,1116 307,1116 336,1117 366,1117 395,1118 425,1119 454,1119 484,1120 513,1121 543,1122 572,1122 602,1123 631,1124 661,1124 690,1125 720,1125 749,1126 779,1126"/>
                <TextEquiv>
                    <Unicode>raurige Ergebnis ist, daß Fräu¬</Unicode>
                </TextEquiv>
            </TextLine>
            <TextLine id="r1l7" custom="readingOrder {index:6;}">
                <Coords points="1167,1134 2512,1150 2438,1099 1167,1095"/>
                <Baseline points="1177,1125 1243,1126 1309,1127 1375,1128 1442,1129 1508,1131 1574,1132 1641,1133 1707,1135 1773,1136 1840,1137 1906,1138 1972,1139 2038,1141 2105,1141 2171,1142 2237,1143 2304,1144 2370,1145 2436,1145 2503,1146"/>
                <TextEquiv>
                    <Unicode>wenig wie eine Zeichnung E. T. A. Hoffmanns je vergessen kann. Wel¬</Unicode>
                </TextEquiv>
            </TextLine>
            <TextLine id="r1l8" custom="readingOrder {index:7;}">
                <Coords points="179,1184 574,1165 680,1192 715,1175 788,1190 788,1155 719,1129 180,1123"/>
                <Baseline points="188,1165 217,1166 247,1167 276,1168 306,1169 335,1169 365,1169 394,1169 424,1170 453,1170 483,1170 513,1170 542,1170 572,1171 601,1171 631,1172 660,1173 690,1173 719,1174 749,1176 779,1178"/>
                <TextEquiv>
                    <Unicode>überall verwendbare Sängerin,</Unicode>
                </TextEquiv>
            </TextLine>
            <TextLine id="r1l9" custom="readingOrder {index:8;}">
                <Coords points="1155,1177 2452,1215 2513,1158 1156,1146"/>
                <Baseline points="1165,1174 1231,1176 1298,1177 1365,1179 1432,1181 1499,1182 1566,1184 1632,1185 1699,1186 1766,1188 1833,1189 1900,1190 1967,1191 2034,1192 2100,1193 2167,1193 2234,1194 2301,1194 2368,1194 2435,1194 2502,1194"/>
                <TextEquiv>
                    <Unicode>cher Jammer, daß alles das vor einen Pöbel geworfen wird, den nicht</Unicode>
                </TextEquiv>
            </TextLine>
            <TextLine id="r1l10" custom="readingOrder {index:9;}">
                <Coords points="184,1226 660,1235 801,1219 801,1190 715,1174 684,1189 406,1185 356,1167 304,1186 185,1179"/>
                <Baseline points="194,1214 223,1216 253,1218 283,1220 313,1221 343,1222 373,1222 403,1223 433,1223 463,1223 493,1223 522,1222 552,1222 582,1222 612,1222 642,1222 672,1222 702,1222 732,1223 762,1223 792,1225"/>
                <TextEquiv>
                    <Unicode>muß auf Ordnung achten; aber</Unicode>
                </TextEquiv>
            </TextLine>
            <TextLine id="r1l11" custom="readingOrder {index:10;}">
                <Coords points="1165,1232 2509,1258 2471,1203 1166,1187"/>
                <Baseline points="1175,1225 1241,1226 1307,1228 1373,1229 1440,1231 1506,1232 1572,1233 1638,1235 1705,1236 1771,1238 1837,1239 1903,1240 1970,1241 2036,1242 2102,1243 2168,1244 2235,1244 2301,1245 2367,1245 2433,1245 2500,1245"/>
                <TextEquiv>
                    <Unicode>Caruso, sondern Carusos Preise locken, und der sich von gefälligen</Unicode>
                </TextEquiv>
            </TextLine>
            <TextLine id="r1l12" custom="readingOrder {index:11;}">
                <Coords points="179,1285 264,1266 721,1289 796,1268 797,1228 180,1227"/>
                <Baseline points="190,1267 219,1267 249,1267 279,1267 309,1268 339,1268 369,1268 398,1269 428,1269 458,1269 488,1270 518,1270 548,1270 578,1271 607,1271 637,1271 667,1271 697,1271 727,1270 757,1270 787,1270"/>
                <TextEquiv>
                    <Unicode>gen, ob es nicht klüger gewesen</Unicode>
                </TextEquiv>
            </TextLine>
            <TextLine id="r1l13" custom="readingOrder {index:12;}">
                <Coords points="1155,1272 2421,1315 2517,1307 2518,1266 1155,1236"/>
                <Baseline points="1164,1275 1231,1277 1298,1278 1365,1279 1432,1280 1499,1281 1566,1282 1634,1283 1701,1284 1768,1285 1835,1286 1902,1287 1969,1288 2036,1289 2104,1290 2171,1291 2238,1293 2305,1294 2372,1296 2439,1298 2507,1300"/>
                <TextEquiv>
                    <Unicode>Leuten „Gesellschaft' nennen läßt. Sie trampeln, brüllen mitten hinein</Unicode>
                </TextEquiv>
            </TextLine>
            <TextLine id="r1l14" custom="readingOrder {index:13;}">
                <Coords points="188,1321 292,1338 317,1321 431,1320 448,1336 477,1322 756,1338 795,1321 796,1288 189,1278"/>
                <Baseline points="197,1318 226,1318 255,1318 285,1318 314,1318 344,1319 373,1319 403,1320 432,1320 462,1321 491,1322 520,1322 550,1323 579,1323 609,1324 638,1324 668,1324 697,1324 727,1323 756,1323 786,1322"/>
                <TextEquiv>
                    <Unicode>des Friedens willen, aber auch</Unicode>
                </TextEquiv>
            </TextLine>
            <TextLine id="r1l15" custom="readingOrder {index:14;}">
                <Coords points="1162,1328 1239,1347 1453,1334 1559,1353 1625,1329 1671,1335 1671,1314 1617,1313 1558,1282 1471,1300 1421,1284 1388,1297 1162,1286"/>
                <Baseline points="1172,1323 1197,1324 1223,1325 1249,1326 1275,1326 1300,1327 1326,1327 1352,1328 1378,1328 1404,1328 1429,1329 1455,1329 1481,1329 1507,1329 1533,1330 1558,1330 1584,1330 1610,1330 1636,1330 1662,1331"/>
                <TextEquiv>
                    <Unicode>und sind dabei gewesen.</Unicode>
                </TextEquiv>
            </TextLine>
            <TextLine id="r1l16" custom="readingOrder {index:15;}">
                <Coords points="175,1383 640,1375 728,1400 807,1373 808,1335 369,1320 293,1339 176,1317"/>
                <Baseline points="184,1365 214,1365 245,1365 276,1365 306,1365 337,1366 368,1366 398,1367 429,1368 460,1369 491,1371 521,1371 552,1372 583,1373 613,1374 644,1375 675,1375 705,1376 736,1376 767,1377 798,1377"/>
                <TextEquiv>
                    <Unicode>sitzenden Sängerin trällern zu</Unicode>
                </TextEquiv>
            </TextLine>
            <TextLine id="r1l17" custom="readingOrder {index:16;}">
                <Coords points="1255,1373 2506,1404 2506,1356 2404,1343 1255,1338"/>
                <Baseline points="1265,1376 1326,1377 1388,1379 1449,1380 1511,1381 1572,1382 1634,1383 1695,1384 1757,1385 1818,1386 1880,1386 1942,1387 2003,1388 2065,1388 2126,1389 2188,1389 2249,1390 2311,1391 2372,1391 2434,1392 2496,1392"/>
                <TextEquiv>
                    <Unicode>Weiter, weiter, der Kalender ist dicht beschrieben. Am gleichen</Unicode>
                </TextEquiv>
            </TextLine>
            <TextLine id="r1l18" custom="readingOrder {index:17;}">
                <Coords points="1168,1425 2418,1457 2511,1447 2512,1408 1169,1386"/>
                <Baseline points="1177,1423 1243,1424 1309,1425 1375,1426 1442,1427 1508,1429 1574,1430 1640,1431 1707,1433 1773,1434 1839,1435 1905,1436 1972,1438 2038,1439 2104,1440 2170,1441 2237,1441 2303,1442 2369,1442 2435,1442 2502,1443"/>
                <TextEquiv>
                    <Unicode>Abend begrub die obbemeldete Gesellschaft Dohnänyis „Schleier der</Unicode>
                </TextEquiv>
            </TextLine>
            <TextLine id="r1l19" custom="readingOrder {index:18;}">
                <Coords points="177,1474 792,1486 792,1435 773,1427 659,1431 563,1407 178,1429"/>
                <Baseline points="186,1461 215,1463 245,1465 275,1465 305,1467 335,1467 365,1468 394,1468 424,1468 454,1468 484,1469 514,1469 544,1469 574,1469 603,1469 633,1470 663,1471 693,1471 723,1472 753,1474 783,1476"/>
                <TextEquiv>
                    <Unicode>un lag, wie ihr geheißen war,</Unicode>
                </TextEquiv>
            </TextLine>
            <TextLine id="r1l20" custom="readingOrder {index:19;}">
                <Coords points="1169,1479 2379,1511 2511,1461 1170,1427"/>
                <Baseline points="1178,1475 1244,1476 1310,1477 1376,1478 1442,1479 1508,1480 1574,1481 1640,1483 1706,1484 1772,1485 1839,1487 1905,1488 1971,1489 2037,1490 2103,1491 2169,1492 2235,1493 2301,1494 2367,1494 2433,1495 2500,1495"/>
                <TextEquiv>
                    <Unicode>Pierrette', eine Pantomime, die Schnitzler aus seinem bologneser</Unicode>
                </TextEquiv>
            </TextLine>
            <TextLine id="r1l21" custom="readingOrder {index:20;}">
                <Coords points="180,1519 795,1526 795,1504 722,1477 181,1478"/>
                <Baseline points="190,1513 219,1514 249,1515 279,1516 309,1516 339,1517 368,1517 398,1518 428,1518 458,1519 488,1519 517,1519 547,1519 577,1519 607,1519 637,1520 666,1520 696,1520 726,1520 756,1520 786,1521"/>
                <TextEquiv>
                    <Unicode>re Munterkeit und ihr neckisches</Unicode>
                </TextEquiv>
            </TextLine>
            <TextLine id="r1l22" custom="readingOrder {index:21;}">
                <Coords points="1157,1536 2357,1565 2500,1556 2501,1506 1157,1496"/>
                <Baseline points="1167,1525 1233,1526 1299,1526 1365,1527 1431,1528 1498,1529 1564,1530 1630,1531 1696,1532 1762,1534 1829,1535 1895,1536 1961,1538 2027,1539 2093,1540 2160,1541 2226,1542 2292,1543 2358,1543 2424,1544 2491,1544"/>
                <TextEquiv>
                    <Unicode>Schleierstück altwienerisch zurechtgezimmert hat. Die harmonisch seine,</Unicode>
                </TextEquiv>
            </TextLine>
            <TextLine id="r1l23" custom="readingOrder {index:22;}">
                <Coords points="171,1577 799,1576 799,1543 734,1528 661,1547 601,1523 171,1523"/>
                <Baseline points="180,1565 210,1566 241,1567 271,1568 302,1568 332,1569 363,1569 393,1570 424,1570 454,1570 485,1571 515,1571 546,1571 576,1571 607,1572 637,1572 668,1572 698,1573 729,1573 759,1574 790,1575"/>
                <TextEquiv>
                    <Unicode>en sagt, geschaffte Arbeit. Wie</Unicode>
                </TextEquiv>
            </TextLine>
            <TextLine id="r1l24" custom="readingOrder {index:23;}">
                <Coords points="1158,1579 2507,1587 2423,1548 1158,1546"/>
                <Baseline points="1167,1580 1233,1580 1300,1580 1366,1580 1433,1580 1499,1580 1566,1581 1632,1582 1699,1583 1765,1584 1832,1585 1899,1586 1965,1587 2032,1588 2098,1589 2165,1589 2231,1590 2298,1590 2364,1590 2431,1590 2498,1590"/>
                <TextEquiv>
                    <Unicode>nur wenig lebendige Musik hätte Besseres erwarten dürfen. Aber</Unicode>
                </TextEquiv>
            </TextLine>
            <TextLine id="r1l25" custom="readingOrder {index:24;}">
                <Coords points="182,1620 215,1635 470,1617 527,1639 566,1619 633,1635 730,1624 787,1641 788,1594 744,1578 183,1585"/>
                <Baseline points="192,1617 221,1617 250,1617 279,1618 309,1618 338,1619 367,1619 397,1620 426,1620 455,1621 485,1621 514,1622 543,1622 572,1622 602,1623 631,1623 660,1623 690,1623 719,1623 748,1623 778,1623"/>
                <TextEquiv>
                    <Unicode>großen Haus! Wie kalt blieb,</Unicode>
                </TextEquiv>
            </TextLine>
            <TextLine id="r1l26" custom="readingOrder {index:25;}">
                <Coords points="1163,1637 2398,1663 2499,1610 1163,1606"/>
                <Baseline points="1172,1628 1237,1629 1303,1630 1369,1631 1435,1632 1501,1633 1567,1633 1632,1634 1698,1634 1764,1635 1830,1635 1896,1636 1962,1636 2028,1637 2093,1638 2159,1638 2225,1639 2291,1640 2357,1641 2423,1643 2489,1644"/>
                <TextEquiv>
                    <Unicode>alles dachte, bei dreifach erhöhten Preisen, an Caruso, dessen Bajazzo</Unicode>
                </TextEquiv>
            </TextLine>
            <TextLine id="r1l27" custom="readingOrder {index:26;}">
                <Coords points="195,1675 623,1672 752,1690 792,1667 793,1629 195,1629"/>
                <Baseline points="205,1668 233,1668 262,1668 291,1668 320,1668 349,1669 378,1669 406,1669 435,1669 464,1669 493,1670 522,1670 551,1670 580,1670 608,1670 637,1670 666,1670 695,1669 724,1669 753,1668 782,1668"/>
                <TextEquiv>
                    <Unicode>einst! Die Regie war vorzüg¬</Unicode>
                </TextEquiv>
            </TextLine>
            <TextLine id="r1l28" custom="readingOrder {index:27;}">
                <Coords points="1162,1674 2440,1707 2506,1658 1163,1636"/>
                <Baseline points="1171,1677 1237,1677 1303,1678 1369,1679 1436,1680 1502,1681 1568,1682 1634,1682 1701,1684 1767,1685 1833,1685 1899,1686 1966,1688 2032,1688 2098,1689 2164,1690 2231,1691 2297,1692 2363,1693 2429,1694 2496,1695"/>
                <TextEquiv>
                    <Unicode>um halb Neun kommen würde. Einwände gegen die Pantomime: sie</Unicode>
                </TextEquiv>
            </TextLine>
            <TextLine id="r1l29" custom="readingOrder {index:28;}">
                <Coords points="169,1718 213,1734 341,1714 508,1738 786,1722 786,1699 703,1680 170,1670"/>
                <Baseline points="179,1714 208,1715 238,1715 268,1716 298,1717 328,1718 358,1718 388,1719 418,1719 448,1720 478,1720 507,1721 537,1721 567,1721 597,1722 627,1722 657,1722 687,1722 717,1721 747,1721 777,1721"/>
                <TextEquiv>
                    <Unicode>rechnete mit willfährigen Ver¬</Unicode>
                </TextEquiv>
            </TextLine>
            <TextLine id="r1l30" custom="readingOrder {index:29;}">
                <Coords points="1163,1729 2506,1736 2453,1697 1163,1690"/>
                <Baseline points="1172,1723 1238,1725 1304,1726 1370,1727 1437,1728 1503,1729 1569,1730 1635,1731 1702,1732 1768,1732 1834,1733 1900,1734 1967,1735 2033,1736 2099,1737 2165,1738 2232,1739 2298,1740 2364,1741 2430,1743 2497,1744"/>
                <TextEquiv>
                    <Unicode>ist zu dramatisch, also ohne Worte nur Eingeweihten verständlich.</Unicode>
                </TextEquiv>
            </TextLine>
            <TextLine id="r1l31" custom="readingOrder {index:30;}">
                <Coords points="181,1780 748,1787 800,1771 801,1751 719,1726 182,1732"/>
                <Baseline points="191,1764 222,1764 254,1765 285,1765 317,1766 348,1766 380,1767 411,1768 443,1768 474,1769 506,1770 537,1771 569,1771 600,1772 632,1773 663,1774 695,1775 726,1777 758,1778 790,1779"/>
                <TextEquiv>
                    <Unicode>r gewissermaßen zu beizen. Ach,</Unicode>
                </TextEquiv>
            </TextLine>
            <TextLine id="r1l32" custom="readingOrder {index:31;}">
                <Coords points="1160,1773 2436,1810 2510,1778 1161,1736"/>
                <Baseline points="1169,1778 1235,1778 1302,1779 1368,1779 1435,1780 1501,1781 1568,1782 1634,1783 1701,1783 1767,1785 1834,1785 1900,1786 1967,1787 2033,1788 2100,1789 2166,1789 2233,1790 2299,1790 2366,1790 2432,1790 2499,1790"/>
                <TextEquiv>
                    <Unicode>Einwand gegen die Regie: sie trieb das Grausig=Gespenstische nicht</Unicode>
                </TextEquiv>
            </TextLine>
            <TextLine id="r1l33" custom="readingOrder {index:32;}">
                <Coords points="170,1822 773,1840 787,1790 687,1773 467,1788 170,1772"/>
                <Baseline points="180,1813 209,1814 239,1815 269,1816 299,1817 329,1818 358,1819 388,1819 418,1820 448,1820 478,1820 507,1821 537,1821 567,1821 597,1821 627,1821 656,1821 686,1822 716,1822 746,1822 776,1823"/>
                <TextEquiv>
                    <Unicode>angen die Leute Gemüt, Natur,</Unicode>
                </TextEquiv>
            </TextLine>
            <TextLine id="r1l34" custom="readingOrder {index:33;}">
                <Coords points="1155,1837 2500,1856 2477,1809 2376,1792 1155,1793"/>
                <Baseline points="1164,1829 1230,1829 1296,1829 1363,1829 1429,1829 1495,1830 1562,1831 1628,1831 1694,1832 1761,1833 1827,1834 1893,1835 1960,1836 2026,1837 2092,1838 2159,1839 2225,1841 2291,1842 2358,1843 2424,1845 2491,1846"/>
                <TextEquiv>
                    <Unicode>hervor, sondern wurde mit breitem Behagen „ungemütlich“. Mußten</Unicode>
                </TextEquiv>
            </TextLine>
            <TextLine id="r1l35" custom="readingOrder {index:34;}">
                <Coords points="172,1871 218,1887 245,1870 403,1869 469,1890 504,1869 708,1890 789,1868 789,1831 172,1821"/>
                <Baseline points="182,1865 211,1866 241,1866 271,1867 301,1868 331,1868 361,1868 391,1869 421,1869 451,1869 481,1869 510,1869 540,1869 570,1869 600,1869 630,1870 660,1870 690,1870 720,1870 750,1870 780,1870"/>
                <TextEquiv>
                    <Unicode>hbgelebt und nicht nachgewachsen</Unicode>
                </TextEquiv>
            </TextLine>
            <TextLine id="r1l36" custom="readingOrder {index:35;}">
                <Coords points="1164,1894 2174,1906 2298,1853 1164,1849"/>
                <Baseline points="1174,1877 1229,1877 1285,1877 1341,1877 1396,1878 1452,1878 1508,1879 1563,1879 1619,1880 1675,1881 1731,1882 1786,1882 1842,1883 1898,1884 1953,1885 2009,1885 2065,1886 2120,1886 2176,1886 2232,1886 2288,1886"/>
                <TextEquiv>
                    <Unicode>sie' das erleben, bei dreifach erhöhten Preisen? Schade!</Unicode>
                </TextEquiv>
            </TextLine>
            <TextLine id="r1l37" custom="readingOrder {index:36;}">
                <Coords points="161,1929 389,1915 651,1937 788,1915 789,1876 469,1891 448,1875 378,1889 359,1873 207,1886 163,1871"/>
                <Baseline points="172,1913 202,1914 232,1915 262,1915 293,1916 323,1918 353,1919 384,1920 414,1920 444,1921 475,1922 505,1923 535,1923 565,1924 596,1924 626,1925 656,1925 687,1925 717,1924 747,1924 778,1923"/>
                <TextEquiv>
                    <Unicode>tortheater! Ja, die Italiener!</Unicode>
                </TextEquiv>
            </TextLine>
            <TextLine id="r1l38" custom="readingOrder {index:37;}">
                <Coords points="1237,1933 2428,1960 2500,1910 1237,1889"/>
                <Baseline points="1247,1925 1309,1926 1371,1927 1433,1928 1495,1929 1557,1930 1619,1930 1682,1931 1744,1932 1806,1933 1868,1934 1930,1934 1992,1935 2054,1936 2117,1937 2179,1937 2241,1938 2303,1939 2365,1939 2427,1940 2490,1940"/>
                <TextEquiv>
                    <Unicode>Und schon am nächsten Tage „Fidelio“ — wie verkündet wurde:</Unicode>
                </TextEquiv>
            </TextLine>
            <TextLine id="r1l39" custom="readingOrder {index:38;}">
                <Coords points="164,1972 203,1985 253,1958 401,1988 791,1978 791,1953 693,1926 569,1944 389,1914 165,1928"/>
                <Baseline points="174,1963 204,1963 234,1963 265,1963 295,1964 326,1964 356,1965 386,1966 417,1967 447,1967 478,1968 508,1969 538,1970 569,1970 599,1970 630,1971 660,1971 690,1970 721,1970 751,1969 782,1967"/>
                <TextEquiv>
                    <Unicode>ner Gast=Aufführung des „Don</Unicode>
                </TextEquiv>
            </TextLine>
            <TextLine id="r1l40" custom="readingOrder {index:39;}">
                <Coords points="1161,1972 2497,1998 2497,1940 1684,1964 1162,1928"/>
                <Baseline points="1170,1975 1235,1975 1301,1976 1367,1977 1433,1978 1499,1979 1565,1980 1631,1981 1697,1982 1763,1984 1829,1985 1894,1986 1960,1987 2026,1988 2092,1988 2158,1989 2224,1989 2290,1990 2356,1990 2422,1990 2488,1989"/>
                <TextEquiv>
                    <Unicode>in Mahlers Inszenierung. Welch ein Augenblick, als man die drei</Unicode>
                </TextEquiv>
            </TextLine>
            <TextLine id="r1l41" custom="readingOrder {index:40;}">
                <Coords points="179,2028 595,2023 782,2045 783,1987 731,1974 662,1990 263,1968 180,1982"/>
                <Baseline points="188,2012 217,2013 246,2013 275,2014 304,2014 334,2015 363,2016 392,2016 421,2017 450,2018 480,2019 509,2019 538,2020 567,2021 596,2021 626,2022 655,2022 684,2023 713,2023 742,2023 772,2023"/>
                <TextEquiv>
                    <Unicode>e. Sie hatten sicher keinen Kopf</Unicode>
                </TextEquiv>
            </TextLine>
            <TextLine id="r1l42" custom="readingOrder {index:41;}">
                <Coords points="1166,2033 2496,2033 2348,1993 1166,1984"/>
                <Baseline points="1176,2030 1241,2029 1307,2028 1372,2028 1438,2028 1503,2028 1569,2029 1634,2030 1700,2031 1765,2032 1831,2033 1896,2034 1962,2035 2027,2036 2093,2037 2158,2038 2224,2039 2289,2039 2355,2039 2420,2039 2486,2038"/>
                <TextEquiv>
                    <Unicode>Jahre lang einer Marotte geopferten Wunderbilder wieder sah! Das</Unicode>
                </TextEquiv>
            </TextLine>
            <TextLine id="r1l43" custom="readingOrder {index:42;}">
                <Coords points="175,2082 389,2068 429,2086 691,2074 749,2089 780,2076 781,2045 702,2024 175,2030"/>
                <Baseline points="184,2063 213,2064 242,2064 271,2065 301,2065 330,2066 359,2066 389,2067 418,2067 447,2067 477,2068 506,2068 535,2069 564,2069 594,2069 623,2070 652,2070 682,2071 711,2071 740,2071 770,2072"/>
                <TextEquiv>
                    <Unicode>nen niemand etwas gezeigt und,</Unicode>
                </TextEquiv>
            </TextLine>
            <TextLine id="r1l44" custom="readingOrder {index:43;}">
                <Coords points="1150,2074 2497,2091 2457,2044 1150,2043"/>
                <Baseline points="1159,2079 1225,2079 1291,2078 1358,2078 1424,2078 1491,2078 1557,2079 1623,2080 1690,2080 1756,2081 1823,2082 1889,2084 1955,2084 2022,2085 2088,2086 2155,2087 2221,2088 2287,2088 2354,2088 2420,2088 2487,2088"/>
                <TextEquiv>
                    <Unicode>heißt: den Gesängnishof nicht, der war in irgend einem Magazin ver¬</Unicode>
                </TextEquiv>
            </TextLine>
            <TextLine id="r1l45" custom="readingOrder {index:44;}">
                <Coords points="170,2130 334,2115 635,2139 673,2124 696,2140 781,2127 782,2089 171,2076"/>
                <Baseline points="180,2114 209,2115 239,2115 268,2116 298,2117 328,2117 357,2118 387,2118 416,2119 446,2119 476,2119 505,2120 535,2120 564,2120 594,2120 624,2120 653,2121 683,2121 712,2121 742,2121 772,2121"/>
                <TextEquiv>
                    <Unicode>hemacht. Aber dem schlechtesten</Unicode>
                </TextEquiv>
            </TextLine>
            <TextLine id="r1l46" custom="readingOrder {index:45;}">
                <Coords points="1147,2134 2500,2156 2501,2108 1148,2080"/>
                <Baseline points="1158,2128 1224,2128 1291,2128 1357,2129 1424,2129 1491,2130 1557,2131 1624,2131 1690,2133 1757,2133 1824,2134 1890,2135 1957,2136 2023,2136 2090,2137 2156,2137 2223,2138 2290,2138 2356,2137 2423,2137 2490,2136"/>
                <TextEquiv>
                    <Unicode>dorben, und der „liebenswürdige', heitere“ von Anno Weingartner paßte</Unicode>
                </TextEquiv>
            </TextLine>
            <TextLine id="r1l47" custom="readingOrder {index:46;}">
                <Coords points="169,2169 709,2184 776,2173 777,2139 673,2124 484,2137 421,2120 372,2133 336,2115 170,2132"/>
                <Baseline points="179,2164 208,2164 237,2164 267,2165 296,2165 326,2166 355,2166 384,2167 414,2167 443,2167 473,2168 502,2168 531,2169 561,2169 590,2170 620,2170 649,2170 678,2170 708,2171 737,2171 767,2171"/>
                <TextEquiv>
                    <Unicode>kanieren angeboren; jeder Knei¬</Unicode>
                </TextEquiv>
            </TextLine>
            <TextLine id="r1l48" custom="readingOrder {index:47;}">
                <Coords points="1155,2189 2491,2206 2458,2148 1156,2130"/>
                <Baseline points="1165,2180 1230,2179 1296,2178 1362,2178 1428,2178 1494,2178 1559,2179 1625,2180 1691,2181 1757,2181 1823,2183 1888,2184 1954,2185 2020,2186 2086,2187 2152,2188 2217,2189 2283,2189 2349,2190 2415,2190 2481,2190"/>
                <TextEquiv>
                    <Unicode>schlecht in den heroischen Rahmen. Auch waren manche Mätzchen jener</Unicode>
                </TextEquiv>
            </TextLine>
            <TextLine id="r1l49" custom="readingOrder {index:48;}">
                <Coords points="163,2216 280,2235 334,2216 747,2238 785,2227 786,2194 620,2172 587,2187 163,2173"/>
                <Baseline points="172,2212 202,2212 232,2213 262,2213 292,2214 323,2214 353,2215 383,2215 413,2215 443,2216 474,2216 504,2216 534,2217 564,2217 594,2218 625,2218 655,2219 685,2220 715,2220 745,2221 776,2222"/>
                <TextEquiv>
                    <Unicode>komische Person auf der Bühne.</Unicode>
                </TextEquiv>
            </TextLine>
            <TextLine id="r1l50" custom="readingOrder {index:49;}">
                <Coords points="1152,2232 2497,2248 2497,2205 2446,2197 1152,2192"/>
                <Baseline points="1161,2227 1227,2227 1293,2227 1359,2227 1426,2227 1492,2228 1558,2228 1625,2229 1691,2229 1757,2230 1824,2231 1890,2232 1956,2233 2022,2234 2089,2235 2155,2236 2221,2237 2288,2238 2354,2239 2420,2240 2487,2242"/>
                <TextEquiv>
                    <Unicode>Episode geblieben; war das Licht, war manche Bewegung recht wenig</Unicode>
                </TextEquiv>
            </TextLine>
            <TextLine id="r1l51" custom="readingOrder {index:50;}">
                <Coords points="167,2271 786,2280 787,2226 521,2237 168,2219"/>
                <Baseline points="178,2263 207,2264 237,2264 267,2265 297,2265 327,2266 357,2266 387,2266 417,2267 447,2267 477,2268 506,2268 536,2268 566,2269 596,2269 626,2269 656,2269 686,2270 716,2270 746,2270 776,2271"/>
                <TextEquiv>
                    <Unicode>fihren, hat Spiel und Musik ein</Unicode>
                </TextEquiv>
            </TextLine>
            <TextLine id="r1l52" custom="readingOrder {index:51;}">
                <Coords points="1155,2276 2247,2307 2469,2302 2489,2254 1155,2237"/>
                <Baseline points="1165,2276 1230,2276 1296,2277 1361,2278 1427,2279 1493,2279 1558,2280 1624,2281 1690,2281 1755,2282 1821,2283 1887,2284 1952,2284 2018,2285 2084,2286 2149,2287 2215,2287 2281,2288 2346,2289 2412,2289 2478,2290"/>
                <TextEquiv>
                    <Unicode>im Sinne Mahlers. Und doch, wie sehr muß man Gregor danken!</Unicode>
                </TextEquiv>
            </TextLine>
            <TextLine id="r1l53" custom="readingOrder {index:52;}">
                <Coords points="168,2321 748,2333 782,2324 783,2285 712,2273 636,2289 554,2269 393,2287 363,2263 326,2284 226,2273 204,2288 168,2271"/>
                <Baseline points="178,2313 207,2313 237,2314 267,2315 297,2315 326,2315 356,2316 386,2316 416,2316 445,2317 475,2317 505,2317 535,2318 564,2318 594,2318 624,2318 654,2318 683,2319 713,2319 743,2320 773,2320"/>
                <TextEquiv>
                    <Unicode>n, tollen Feuern, indes man bei</Unicode>
                </TextEquiv>
            </TextLine>
            <TextLine id="r1l54" custom="readingOrder {index:53;}">
                <Coords points="1149,2339 2494,2334 2365,2292 1149,2295"/>
                <Baseline points="1159,2327 1225,2327 1291,2327 1357,2328 1424,2328 1490,2329 1556,2330 1623,2330 1689,2331 1755,2332 1822,2333 1888,2333 1954,2334 2020,2335 2087,2336 2153,2337 2219,2337 2286,2338 2352,2339 2418,2339 2485,2340"/>
                <TextEquiv>
                    <Unicode>Er gibt drei von den sibyllinischen Büchern, da man, als es noch Zeit</Unicode>
                </TextEquiv>
            </TextLine>
            <TextLine id="r1l55" custom="readingOrder {index:54;}">
                <Coords points="167,2371 379,2383 429,2362 622,2388 678,2365 701,2383 782,2372 782,2342 721,2323 632,2338 586,2320 414,2337 168,2321"/>
                <Baseline points="176,2362 205,2362 235,2363 265,2363 295,2364 325,2365 355,2365 384,2366 414,2366 444,2367 474,2367 504,2367 534,2368 564,2368 593,2368 623,2368 653,2369 683,2369 713,2368 743,2368 773,2368"/>
                <TextEquiv>
                    <Unicode>der immerzu Streichhölzer an¬</Unicode>
                </TextEquiv>
            </TextLine>
            <TextLine id="r1l56" custom="readingOrder {index:55;}">
                <Coords points="1148,2374 2372,2412 2497,2398 2498,2338 1148,2347"/>
                <Baseline points="1157,2377 1223,2377 1290,2378 1356,2378 1423,2378 1489,2379 1556,2380 1622,2380 1689,2381 1755,2382 1822,2383 1889,2384 1955,2384 2022,2385 2088,2386 2155,2386 2221,2387 2288,2387 2354,2387 2421,2387 2488,2387"/>
                <TextEquiv>
                    <Unicode>war, die ganzen neun nicht gewollt hat. Er kündigt Mahlers Mozart¬</Unicode>
                </TextEquiv>
            </TextLine>
            <TextLine id="r1l57" custom="readingOrder {index:56;}">
                <Coords points="174,2420 254,2439 407,2414 430,2432 611,2421 711,2438 781,2424 782,2378 672,2370 562,2390 462,2371 174,2372"/>
                <Baseline points="184,2409 213,2410 242,2411 272,2411 301,2412 331,2413 360,2414 389,2415 419,2415 448,2416 478,2416 507,2417 536,2417 566,2418 595,2418 625,2418 654,2418 683,2418 713,2418 742,2418 772,2418"/>
                <TextEquiv>
                    <Unicode>Wollen und Können der Regie</Unicode>
                </TextEquiv>
            </TextLine>
            <TextLine id="r1l58" custom="readingOrder {index:57;}">
                <Coords points="1158,2437 2488,2445 2429,2392 1159,2381"/>
                <Baseline points="1167,2427 1232,2426 1298,2426 1363,2426 1429,2426 1494,2427 1560,2427 1625,2428 1691,2428 1756,2429 1822,2430 1888,2430 1953,2431 2019,2432 2084,2433 2150,2434 2215,2435 2281,2436 2346,2437 2412,2438 2478,2439"/>
                <TextEquiv>
                    <Unicode>Inszenierungen an. Das werden rote Tage im Kalender sein. Ein</Unicode>
                </TextEquiv>
            </TextLine>
            <TextLine id="r1l59" custom="readingOrder {index:58;}">
                <Coords points="181,2469 430,2468 487,2485 779,2466 779,2435 737,2424 440,2436 346,2420 239,2438 182,2419"/>
                <Baseline points="190,2460 220,2460 250,2460 281,2461 311,2461 342,2462 372,2463 403,2464 433,2465 464,2466 494,2466 525,2467 555,2468 586,2469 616,2469 647,2469 677,2469 708,2469 738,2469 769,2468"/>
                <TextEquiv>
                    <Unicode>1) — vor der musikalischen Lei¬</Unicode>
                </TextEquiv>
            </TextLine>
            <TextLine id="r1l60" custom="readingOrder {index:59;}">
                <Coords points="1156,2473 2488,2491 2454,2444 1156,2437"/>
                <Baseline points="1166,2475 1231,2475 1297,2476 1362,2476 1428,2477 1494,2478 1559,2478 1625,2479 1691,2480 1756,2481 1822,2482 1888,2483 1953,2484 2019,2485 2085,2485 2150,2486 2216,2486 2282,2486 2347,2486 2413,2486 2479,2486"/>
                <TextEquiv>
                    <Unicode>Direktor, der Mozart aufführt, und nicht pastorenhafte Feuilletons</Unicode>
                </TextEquiv>
            </TextLine>
            <TextLine id="r1l61" custom="readingOrder {index:60;}">
                <Coords points="192,2521 321,2531 352,2510 380,2530 434,2519 496,2538 531,2521 577,2535 778,2520 778,2485 671,2470 192,2475"/>
                <Baseline points="202,2509 230,2510 258,2511 286,2512 315,2513 343,2513 371,2514 400,2515 428,2516 456,2517 485,2517 513,2517 541,2518 569,2518 598,2519 626,2519 654,2519 683,2519 711,2519 739,2518 768,2518"/>
                <TextEquiv>
                    <Unicode>Respekt. War er verschüchtert</Unicode>
                </TextEquiv>
            </TextLine>
            <TextLine id="r1l62" custom="readingOrder {index:61;}">
                <Coords points="1159,2518 2357,2565 2492,2554 2493,2488 1159,2493"/>
                <Baseline points="1168,2523 1233,2524 1299,2524 1365,2525 1431,2526 1496,2527 1562,2528 1628,2529 1694,2530 1759,2531 1825,2531 1891,2532 1957,2533 2022,2534 2088,2535 2154,2536 2220,2537 2285,2538 2351,2539 2417,2540 2483,2541"/>
                <TextEquiv>
                    <Unicode>über den Göttlichen schreibt, das eigene Unvermögen zu verhüllen!</Unicode>
                </TextEquiv>
            </TextLine>
            <TextLine id="r1l63" custom="readingOrder {index:62;}">
                <Coords points="189,2572 578,2567 734,2589 780,2576 781,2539 189,2518"/>
                <Baseline points="199,2560 227,2561 256,2562 284,2563 313,2564 342,2565 370,2565 399,2566 427,2567 456,2567 485,2567 513,2568 542,2568 570,2568 599,2568 628,2568 656,2568 685,2568 713,2568 742,2568 771,2568"/>
                <TextEquiv>
                    <Unicode>Ist er einer von den deutschen</Unicode>
                </TextEquiv>
            </TextLine>
            <TextLine id="r1l64" custom="readingOrder {index:63;}">
                <Coords points="1154,2572 1255,2601 1400,2573 1685,2611 1765,2579 1765,2541 1678,2534 1154,2536"/>
                <Baseline points="1164,2573 1193,2573 1223,2574 1252,2574 1282,2575 1311,2575 1341,2575 1370,2575 1400,2576 1429,2576 1459,2577 1488,2577 1518,2577 1547,2578 1577,2578 1606,2578 1636,2578 1665,2579 1695,2579 1724,2579 1754,2579"/>
                <TextEquiv>
                    <Unicode>Man hofft. Man darf hoffen.</Unicode>
                </TextEquiv>
            </TextLine>
            <TextLine id="r1l65" custom="readingOrder {index:64;}">
                <Coords points="173,2619 323,2635 433,2613 568,2631 601,2612 629,2632 734,2634 778,2619 779,2579 174,2571"/>
                <Baseline points="182,2609 211,2611 240,2612 270,2613 299,2614 328,2615 358,2616 387,2616 416,2617 446,2617 475,2617 504,2618 534,2618 563,2618 592,2618 622,2618 651,2619 680,2619 710,2620 739,2621 769,2622"/>
                <TextEquiv>
                    <Unicode>icht dirigieren können? Genug,</Unicode>
                </TextEquiv>
            </TextLine>
            <TextLine id="r1l66" custom="readingOrder {index:65;}">
                <Coords points="175,2669 781,2672 781,2632 694,2622 176,2621"/>
                <Baseline points="186,2660 215,2662 244,2663 273,2664 303,2665 332,2665 361,2665 391,2666 420,2666 449,2666 479,2666 508,2666 537,2665 566,2665 596,2665 625,2665 654,2665 684,2666 713,2666 742,2667 772,2667"/>
                <TextEquiv>
                    <Unicode>erbaum gedient hatte, kam nicht</Unicode>
                </TextEquiv>
            </TextLine>
            <TextLine id="r1l67" custom="readingOrder {index:66;}">
                <Coords points="195,2722 682,2732 777,2716 778,2685 196,2678"/>
                <Baseline points="204,2709 232,2710 260,2711 288,2713 316,2713 345,2714 373,2715 401,2716 429,2716 457,2717 486,2717 514,2718 542,2718 570,2718 598,2719 627,2719 655,2720 683,2720 711,2720 739,2721 768,2721"/>
                <TextEquiv>
                    <Unicode>dern, wenn nächstens ein Sta¬</Unicode>
                </TextEquiv>
            </TextLine>
            <TextLine id="r1l68" custom="readingOrder {index:67;}">
                <Coords points="1140,2743 1321,2765 1356,2752 1401,2782 1471,2754 1550,2773 1624,2757 1673,2779 1675,2675 1538,2694 1457,2679 1426,2699 1351,2664 1141,2685"/>
                <Baseline points="1150,2735 1175,2737 1201,2738 1227,2739 1252,2740 1278,2741 1304,2742 1329,2742 1355,2743 1381,2743 1407,2743 1432,2744 1458,2744 1484,2744 1509,2744 1535,2744 1561,2745 1586,2745 1612,2745 1638,2745 1664,2746"/>
                <TextEquiv>
                    <Unicode>Die Rigolboche</Unicode>
                </TextEquiv>
            </TextLine>
            <TextLine id="r1l69" custom="readingOrder {index:68;}">
                <Coords points="204,2769 321,2779 412,2764 525,2780 635,2770 636,2751 583,2721 565,2734 523,2722 488,2736 446,2720 276,2732 205,2721"/>
                <Baseline points="214,2761 239,2761 265,2762 291,2763 317,2763 342,2764 368,2765 394,2765 420,2766 445,2766 471,2766 497,2767 523,2767 548,2768 574,2769 600,2769 626,2770"/>
                <TextEquiv>
                    <Unicode>Pasquale berechnet.</Unicode>
                </TextEquiv>
            </TextLine>
            <TextLine id="r1l70" custom="readingOrder {index:69;}">
                <Coords points="186,2823 506,2833 589,2813 697,2834 770,2817 770,2771 597,2791 489,2772 464,2787 390,2769 186,2778"/>
                <Baseline points="196,2808 224,2811 252,2813 280,2815 308,2816 337,2817 365,2818 393,2818 421,2818 449,2818 478,2818 506,2817 534,2817 562,2816 590,2816 619,2815 647,2815 675,2815 703,2815 731,2816 760,2817"/>
                <TextEquiv>
                    <Unicode>Opern singt, zeigte — welcher</Unicode>
                </TextEquiv>
            </TextLine>
            <TextLine id="r1l71" custom="readingOrder {index:70;}">
                <Coords points="1504,2842 2365,2870 2497,2837 2498,2765 1505,2784"/>
                <Baseline points="1514,2832 1562,2833 1611,2835 1659,2836 1708,2837 1757,2838 1805,2839 1854,2840 1903,2841 1951,2842 2000,2842 2049,2843 2097,2843 2146,2843 2195,2844 2243,2844 2292,2844 2341,2844 2389,2844 2438,2844 2487,2844"/>
                <TextEquiv>
                    <Unicode>von Irma Schneider=Schönfeld</Unicode>
                </TextEquiv>
            </TextLine>
            <TextLine id="r1l72" custom="readingOrder {index:71;}">
                <Coords points="218,2876 303,2870 334,2891 405,2869 772,2874 772,2832 219,2819"/>
                <Baseline points="228,2861 254,2863 281,2865 308,2867 334,2868 361,2869 388,2870 414,2870 441,2871 468,2871 495,2871 521,2871 548,2871 575,2871 601,2870 628,2870 655,2870 681,2870 708,2870 735,2870 762,2870"/>
                <TextEquiv>
                    <Unicode>ls Bajazzo. Leoncavallo nur,</Unicode>
                </TextEquiv>
            </TextLine>
            <TextLine id="r1l73" custom="readingOrder {index:72;}">
                <Coords points="1270,2929 2490,2932 2490,2880 2325,2865 1270,2862"/>
                <Baseline points="1280,2909 1340,2909 1400,2910 1460,2910 1520,2911 1580,2911 1640,2911 1700,2912 1760,2912 1820,2913 1880,2913 1940,2914 2000,2914 2060,2915 2120,2915 2180,2916 2240,2917 2300,2917 2360,2918 2420,2919 2480,2920"/>
                <TextEquiv>
                    <Unicode>abent sua fata — und wenn Bücher ihre Schicksale haben,</Unicode>
                </TextEquiv>
            </TextLine>
            <TextLine id="r1l74" custom="readingOrder {index:73;}">
                <Coords points="300,2923 718,2921 770,2944 770,2879 749,2873 647,2885 600,2870 421,2869 300,2896"/>
                <Baseline points="309,2914 334,2914 359,2915 384,2915 409,2915 434,2916 459,2916 484,2916 509,2916 534,2916 559,2916 584,2916 609,2915 634,2915 659,2915 684,2914 709,2913 734,2913 760,2912"/>
                <TextEquiv>
                    <Unicode>... Aber dieser „Tenor“!</Unicode>
                </TextEquiv>
            </TextLine>
            <TextLine id="r1l75" custom="readingOrder {index:74;}">
                <Coords points="207,2971 219,2972 224,2975 227,2973 242,2975 255,2882 245,2881 241,2874 230,2878 221,2877"/>
                <Baseline points="219,2960 234,2962"/>
                <TextEquiv>
                    <Unicode>71</Unicode>
                </TextEquiv>
            </TextLine>
            <TextLine id="r1l76" custom="readingOrder {index:75;}">
                <Coords points="1300,2966 2387,2985 2479,2967 2480,2934 1300,2922"/>
                <Baseline points="1309,2956 1367,2957 1425,2958 1483,2960 1541,2961 1599,2962 1657,2963 1715,2964 1773,2965 1831,2965 1889,2966 1947,2966 2005,2967 2063,2967 2121,2967 2179,2968 2237,2968 2295,2968 2353,2968 2411,2968 2470,2968"/>
                <TextEquiv>
                    <Unicode>warum sollten sie nicht auch ihre Jubiläen feiern dürfen?</Unicode>
                </TextEquiv>
            </TextLine>
            <TextLine id="r1l77" custom="readingOrder {index:76;}">
                <Coords points="247,2979 445,2981 511,2966 700,2982 771,2954 771,2936 679,2918 526,2933 498,2919 417,2932 370,2917 293,2932 247,2920"/>
                <Baseline points="257,2961 282,2962 307,2963 332,2963 358,2963 383,2964 408,2964 433,2965 459,2965 484,2965 509,2966 534,2966 560,2966 585,2966 610,2966 635,2966 661,2965 686,2965 711,2965 736,2964 762,2964"/>
                <TextEquiv>
                    <Unicode>flutenden, hell aufrauschen¬</Unicode>
                </TextEquiv>
            </TextLine>
            <TextLine id="r1l78" custom="readingOrder {index:77;}">
                <Coords points="1381,3012 2396,3035 2480,2997 1381,2966"/>
                <Baseline points="1390,3007 1446,3009 1503,3010 1560,3011 1617,3012 1673,3013 1730,3014 1787,3015 1844,3015 1901,3016 1957,3016 2014,3017 2071,3017 2128,3018 2185,3018 2241,3019 2298,3019 2355,3019 2412,3019 2469,3020"/>
                <TextEquiv>
                    <Unicode>Genau ein halbes Jahrhundert ist der kleine Memoiren¬</Unicode>
                </TextEquiv>
            </TextLine>
            <TextLine id="r1l79" custom="readingOrder {index:78;}">
                <Coords points="234,3020 442,3029 468,3014 489,3035 543,3019 776,3024 777,2978 235,2972"/>
                <Baseline points="244,3009 270,3011 296,3012 322,3012 348,3013 374,3014 400,3014 426,3015 452,3016 478,3016 505,3017 531,3017 557,3017 583,3017 609,3018 635,3018 661,3018 687,3018 713,3017 739,3017 766,3017"/>
                <TextEquiv>
                    <Unicode>erständlichen Spiel, das den</Unicode>
                </TextEquiv>
            </TextLine>
            <TextLine id="r1l80" custom="readingOrder {index:79;}">
                <Coords points="1138,3072 2487,3083 2449,3027 1138,3030"/>
                <Baseline points="1148,3058 1214,3059 1281,3059 1347,3060 1414,3060 1480,3061 1547,3061 1613,3061 1680,3062 1746,3062 1813,3063 1879,3063 1946,3064 2012,3064 2079,3065 2145,3065 2212,3066 2278,3067 2345,3068 2411,3069 2478,3070"/>
                <TextEquiv>
                    <Unicode>band alt, in dem ich eben geblättert habe. (Mémoires de Rigolboche.</Unicode>
                </TextEquiv>
            </TextLine>
            <TextLine id="r1l81" custom="readingOrder {index:80;}">
                <Coords points="307,3071 344,3057 403,3075 509,3066 567,3080 638,3067 700,3081 771,3064 772,3021 729,3031 679,3017 625,3032 560,3018 479,3041 452,3023 307,3028"/>
                <Baseline points="316,3063 342,3063 368,3064 394,3064 420,3064 446,3064 473,3064 499,3064 525,3064 551,3065 577,3065 603,3065 630,3065 656,3065 682,3065 708,3066 734,3066 761,3066"/>
                <TextEquiv>
                    <Unicode>u einem erschütternden</Unicode>
                </TextEquiv>
            </TextLine>
            <TextLine id="r1l82" custom="readingOrder {index:81;}">
                <Coords points="1138,3114 2484,3119 2455,3074 1139,3075"/>
                <Baseline points="1149,3104 1215,3105 1281,3106 1347,3107 1414,3107 1480,3108 1546,3109 1612,3110 1679,3110 1745,3111 1811,3112 1877,3112 1944,3112 2010,3113 2076,3113 2142,3113 2209,3114 2275,3114 2341,3114 2407,3114 2474,3114"/>
                <TextEquiv>
                    <Unicode>Paris, Racon et Comp., 1861.) Er hat keinerlei bibliophilen Neu¬</Unicode>
                </TextEquiv>
            </TextLine>
            <TextLine id="r1l83" custom="readingOrder {index:82;}">
                <Coords points="300,3123 735,3127 768,3114 769,3079 300,3069"/>
                <Baseline points="310,3109 336,3110 362,3110 389,3110 415,3111 441,3111 468,3111 494,3111 520,3111 547,3111 573,3111 599,3112 626,3112 652,3112 678,3112 705,3113 731,3114 758,3115"/>
                <TextEquiv>
                    <Unicode>hreckhaften Komik seiner</Unicode>
                </TextEquiv>
            </TextLine>
            <TextLine id="r1l84" custom="readingOrder {index:83;}">
                <Coords points="1140,3160 2485,3180 2447,3127 1140,3114"/>
                <Baseline points="1149,3156 1215,3156 1281,3157 1347,3157 1414,3158 1480,3158 1546,3159 1613,3160 1679,3161 1745,3162 1812,3162 1878,3163 1944,3164 2010,3164 2077,3165 2143,3165 2209,3166 2276,3166 2342,3166 2408,3166 2475,3165"/>
                <TextEquiv>
                    <Unicode>druck erlebt, und ich bezweifle aus verschiedenen Gründen, daß jemand</Unicode>
                </TextEquiv>
            </TextLine>
            <TextLine id="r1l85" custom="readingOrder {index:84;}">
                <Coords points="316,3171 771,3170 771,3127 667,3119 646,3131 583,3117 525,3133 469,3115 317,3129"/>
                <Baseline points="327,3162 352,3162 378,3163 403,3163 429,3163 454,3163 480,3163 506,3163 531,3163 557,3163 582,3163 608,3163 634,3163 659,3163 685,3163 710,3163 736,3163 762,3163"/>
                <TextEquiv>
                    <Unicode>gestalt schuf, mit starren</Unicode>
                </TextEquiv>
            </TextLine>
            <TextLine id="r1l86" custom="readingOrder {index:85;}">
                <Coords points="252,3216 329,3232 350,3216 439,3220 458,3236 549,3221 589,3240 655,3219 784,3218 784,3175 717,3167 252,3175"/>
                <Baseline points="262,3209 287,3211 313,3212 338,3214 364,3214 390,3214 415,3215 441,3215 466,3214 492,3214 518,3214 543,3213 569,3213 594,3213 620,3212 646,3213 671,3213 697,3213 722,3214 748,3215 774,3217"/>
                <TextEquiv>
                    <Unicode>ine Pierrotgewand für die</Unicode>
                </TextEquiv>
            </TextLine>
            <TextLine id="r1l87" custom="readingOrder {index:86;}">
                <Coords points="1140,3219 2339,3242 2489,3235 2490,3180 1140,3171"/>
                <Baseline points="1149,3207 1215,3209 1282,3211 1348,3213 1415,3214 1481,3214 1548,3215 1614,3215 1681,3215 1747,3215 1814,3215 1880,3215 1947,3215 2013,3215 2080,3215 2146,3215 2213,3215 2279,3216 2346,3217 2412,3218 2479,3220"/>
                <TextEquiv>
                    <Unicode>es der Mühe wert gesunden hat, ihm aus seinem kecken Französisch</Unicode>
                </TextEquiv>
            </TextLine>
            <TextLine id="r1l88" custom="readingOrder {index:87;}">
                <Coords points="2358,3329 2367,3329 2394,3343 2416,3342 2423,3337 2439,3344 2473,3336 2473,3276 2463,3276 2454,3284 2429,3277 2411,3285 2406,3283 2400,3289 2388,3281 2357,3281"/>
                <Baseline points="2367,3331 2399,3331 2431,3331 2464,3330"/>
                <TextEquiv>
                    <Unicode>297</Unicode>
                </TextEquiv>
            </TextLine>
            <TextEquiv>
                <Unicode>box 27/5
23. Der Schleiender- Bierrette
Gtd
brachen sich; aber Schmock hatte
rasende Leidenschaft Canios sofort freigab), eine Gestalt, die man so
raurige Ergebnis ist, daß Fräu¬
wenig wie eine Zeichnung E. T. A. Hoffmanns je vergessen kann. Wel¬
überall verwendbare Sängerin,
cher Jammer, daß alles das vor einen Pöbel geworfen wird, den nicht
muß auf Ordnung achten; aber
Caruso, sondern Carusos Preise locken, und der sich von gefälligen
gen, ob es nicht klüger gewesen
Leuten „Gesellschaft' nennen läßt. Sie trampeln, brüllen mitten hinein
des Friedens willen, aber auch
und sind dabei gewesen.
sitzenden Sängerin trällern zu
Weiter, weiter, der Kalender ist dicht beschrieben. Am gleichen
Abend begrub die obbemeldete Gesellschaft Dohnänyis „Schleier der
un lag, wie ihr geheißen war,
Pierrette', eine Pantomime, die Schnitzler aus seinem bologneser
re Munterkeit und ihr neckisches
Schleierstück altwienerisch zurechtgezimmert hat. Die harmonisch seine,
en sagt, geschaffte Arbeit. Wie
nur wenig lebendige Musik hätte Besseres erwarten dürfen. Aber
großen Haus! Wie kalt blieb,
alles dachte, bei dreifach erhöhten Preisen, an Caruso, dessen Bajazzo
einst! Die Regie war vorzüg¬
um halb Neun kommen würde. Einwände gegen die Pantomime: sie
rechnete mit willfährigen Ver¬
ist zu dramatisch, also ohne Worte nur Eingeweihten verständlich.
r gewissermaßen zu beizen. Ach,
Einwand gegen die Regie: sie trieb das Grausig=Gespenstische nicht
angen die Leute Gemüt, Natur,
hervor, sondern wurde mit breitem Behagen „ungemütlich“. Mußten
hbgelebt und nicht nachgewachsen
sie' das erleben, bei dreifach erhöhten Preisen? Schade!
tortheater! Ja, die Italiener!
Und schon am nächsten Tage „Fidelio“ — wie verkündet wurde:
ner Gast=Aufführung des „Don
in Mahlers Inszenierung. Welch ein Augenblick, als man die drei
e. Sie hatten sicher keinen Kopf
Jahre lang einer Marotte geopferten Wunderbilder wieder sah! Das
nen niemand etwas gezeigt und,
heißt: den Gesängnishof nicht, der war in irgend einem Magazin ver¬
hemacht. Aber dem schlechtesten
dorben, und der „liebenswürdige', heitere“ von Anno Weingartner paßte
kanieren angeboren; jeder Knei¬
schlecht in den heroischen Rahmen. Auch waren manche Mätzchen jener
komische Person auf der Bühne.
Episode geblieben; war das Licht, war manche Bewegung recht wenig
fihren, hat Spiel und Musik ein
im Sinne Mahlers. Und doch, wie sehr muß man Gregor danken!
n, tollen Feuern, indes man bei
Er gibt drei von den sibyllinischen Büchern, da man, als es noch Zeit
der immerzu Streichhölzer an¬
war, die ganzen neun nicht gewollt hat. Er kündigt Mahlers Mozart¬
Wollen und Können der Regie
Inszenierungen an. Das werden rote Tage im Kalender sein. Ein
1) — vor der musikalischen Lei¬
Direktor, der Mozart aufführt, und nicht pastorenhafte Feuilletons
Respekt. War er verschüchtert
über den Göttlichen schreibt, das eigene Unvermögen zu verhüllen!
Ist er einer von den deutschen
Man hofft. Man darf hoffen.
icht dirigieren können? Genug,
erbaum gedient hatte, kam nicht
dern, wenn nächstens ein Sta¬
Die Rigolboche
Pasquale berechnet.
Opern singt, zeigte — welcher
von Irma Schneider=Schönfeld
ls Bajazzo. Leoncavallo nur,
abent sua fata — und wenn Bücher ihre Schicksale haben,
... Aber dieser „Tenor“!
71
warum sollten sie nicht auch ihre Jubiläen feiern dürfen?
flutenden, hell aufrauschen¬
Genau ein halbes Jahrhundert ist der kleine Memoiren¬
erständlichen Spiel, das den
band alt, in dem ich eben geblättert habe. (Mémoires de Rigolboche.
u einem erschütternden
Paris, Racon et Comp., 1861.) Er hat keinerlei bibliophilen Neu¬
hreckhaften Komik seiner
druck erlebt, und ich bezweifle aus verschiedenen Gründen, daß jemand
gestalt schuf, mit starren
ine Pierrotgewand für die
es der Mühe wert gesunden hat, ihm aus seinem kecken Französisch
297</Unicode>
            </TextEquiv>
        </TextRegion>
    </Page>
</PcGts>
