3392 4384
174 987 402 1060 geschrieben,
161 1039 412 1095 ristisch, wenn
158 1081 407 1133 n sagen, daß
164 1121 406 1173 m harmlosen
157 1161 406 1215 m Dohnänyi
173 1200 410 1251 Instrumen¬
159 1239 403 1288 ein bedauer¬
166 1275 404 1333 n Stilgefühl.
161 1316 400 1369 großen reich¬
173 1356 397 1409 i den Haupt¬
166 1394 402 1449 ie Spieloper
156 1434 394 1485 at in seinem
162 1475 392 1525 kt er einmal
168 1511 400 1565 l bedarf, um
171 1551 391 1606 diesem Ge¬
167 1583 396 1642 ßwerte Auf¬
159 1618 416 1686 Kapellmeister
173 1670 407 1725 api und die
170 1708 413 1767 Bühne trug
169 1748 405 1800 brigen Dar¬
185 1785 407 1839 Painter
180 1825 404 1879 rl Wasch¬
170 1865 401 1914 itwirkenden
183 1905 412 1961 Beifall des
184 1985 399 2047 gen Panto¬
178 2034 395 2086 sser Arthur
191 2072 399 2127 timmungen
187 2113 391 2164 ntraste, die
190 2153 384 2204 id erregen.
236 2191 378 2243 eliebten,
222 2232 380 2280 nisammen
218 2271 361 2322 en Tran
225 2315 272 2359 mn
302 2316 372 2361 ger;
306 2389 380 2434 über
420 998 1660 1076 sist außerordentlich. Hier ist auch der Reichtum des großen Orchester¬
417 1057 1665 1116 apparats am Platze, dessen Farben der Komponist meisterhaft zu
423 1092 1664 1146 mischen versteht. Die Wiedergabe der Pantomime war glänzend.
425 1127 1661 1196 Elsa Galafrés als Pierrette schuf eine grandiose Leistung von
420 1174 1656 1237 ungeheurer Eindringlichkeit, deren Steigerung in der Wahnsinns¬
414 1210 1660 1258 szene des letzten Bildes durch ihre Realistik nervenaufpeitschend
415 1250 1664 1312 wirkte. Einar Linden, der den Pierrot darstellte, war ihr ein
414 1281 1670 1354 ebenbürtiger Partner, während Edwin Heyer als Arlechino zu¬
418 1338 1664 1401 erst etwas hölzern erschien, aber mit der fortschreitenden Handlung
411 1367 1660 1435 wuchs. Die Inszenierung der beiden Werke zeigte die am Deutschen
407 1396 1663 1456 Opernhaus gewohnte Güte. Die Bühnenbilder waren sehr geschmack¬
410 1444 1657 1511 svoll, und die Spielleitung war bei Dr Haus Kaufmann in
421 1496 1660 1552 vortefflichen Händen. Der Erfolg der Pantomime, die Dohnänyi
425 1529 1663 1573 selbst dirigierte, war groß und berechtigt. Der Beifall nahm ge¬
412 1562 1657 1631 waltige Dimensionen an und die Hervorrufe wollten kein Ende
409 1604 592 1672 nehmen.
1508 1612 1616 1678 Ds.
1991 332 2392 413 Ausschnitt aus:
2470 322 3176 431 Mafiner Kaueeie Kaomnichiss
2157 391 2466 478 10 APhte
2539 446 2851 520 — — Cenage.
2014 442 2152 530 vom:
2364 507 2879 578 Deutsches Opernhaus.
2112 547 3205 620 Zum ersten Male: „Tante Simona“, Spieloper in
2013 603 3210 673 einem Akt von Viktor Heindel, Musik von Ernst von
2022 657 3210 706 Dohnänyi, und „Der Schleier der Pierrette“,
2021 697 3202 782 Pantomime in drei Bildern von Arthur Schnitzter,,
2026 739 2490 799 Musik von Dohnänyi.
2110 777 3210 846 Der Abend begann ziemlich langweilig, wurde dann inter¬
2021 834 3219 891 essanter und anregender, bis er den Hörer in jene Spannung
2020 881 3210 929 und Aufregung brachte, die etwa die Lektüre einer blutigen
2025 909 3219 959 Karnevalstragödie oder irgend ein grelles Kinodrama auslöst.
2018 971 3221 1015 Der Auftakt zu diesem Dohnänyi=Abend, der vom Puhlikum
2022 1004 3215 1066 mit großem Beifall ausgenommen wurde, war recht harmlos
2023 1051 3226 1103 und unbedeutend. Die „Tante Simona“ ist eine richtige, nette
2023 1084 3226 1146 „Gartenlaube“=Novelle, ein kleines Abenteuer im Zuschnitt
2019 1142 3219 1193 der Biedermeierstückchen ohne große dramatische Affekte oder
2018 1181 3227 1235 Eindrücke. Tante bewacht ihr kleines Nichtchen vor jedem
2023 1206 3231 1289 Männerauge und muß schließlich erleben, daß sich der Gärtner;
2014 1253 3211 1309 ihres Hauses als Graf Ghino und Liebhaber ihrer Pflege¬
2009 1303 3220 1346 befohlenen entpuppt. Sie selbst wird durch die unverhoffte
2014 1352 3212 1412 Wiederkehr ihres ersten Geliebten entschädigt. So gibt es
2009 1391 3224 1441 denn zwei Liebesduette und die entsprechenden glucklichen
2018 1441 3226 1505 Paare. Die Musik erhebt sich hier kaum über ein Durch¬
2023 1479 3228 1548 schnittsniveau. Hin und wieder freut man sich über einige
2022 1521 3220 1582 melodische Breiten und Höhen, auch über koloristische Fein¬
2015 1569 3234 1642 heiten, aber im ganzen erscheint diese Spieloper doch zu blaß
2020 1620 3227 1671 und veraltet. Ein ganz anderes Bild zeigt die Pantomime
2018 1668 3223 1713 „Der Schleier der Pierrette“. Textlich und musikalisch steht
2020 1699 3224 1754 sie turmhoch über dem voraufgegangenen Einakter. Schnitzler
2025 1741 3224 1789 hat hier nach einer älteren Renaissancetragödie „Der Schleier
2018 1785 3216 1840 der Beatrice“ ein wirksames Szenarium entworfen, eine
2022 1833 3220 1887 Schauermär, die in der Zeit des Kino=Theaters sicher auf eine
2020 1872 3221 1925 gute Aufnahme rechnen kann. Pierrot, ein Maler, hat seiner
2017 1927 3232 1973 geliebten Pierrette entsagt. Just an dem Tage, wo sie in einem
2019 1961 3218 2015 benachbarten Hause ihre Hochzeit mit dem ungeliebten, ihr auf¬
2018 1994 3228 2056 gezwungenen Gemahl Arlechino feiert, stiehlt sie sich im Braut¬
2025 2045 3230 2103 kleid aus dem Hochzeitshause fort und eilt zu Pierrot. Beide
2025 2089 2611 2148 beschließen aus dem Leben zu
2615 2084 3217 2145 scheiden. Mutig trinkt Pierrot
2016 2131 3225 2189 das Gift und sinkt zusammen. Pierrette erschrickt. Kraftlos
2025 2176 3222 2223 entfällt ihrer Hand der Becher. Voller Angst und Schrecken
2018 2216 3225 2258 eilt sie zur Hochzeitsgesellschaft zurück, wo Arlechino arg¬
2023 2260 3228 2323 wöhnisch über das Ausbleiben der Braut alle Hochzeitsgeschenke
2017 2306 3224 2363 zertrümmert. Im ausgelassenen Tanz sucht Pierrette ihr Ge¬
2014 2358 3216 2413 wissen zu übertauben. Doch überall erscheint ihr gespenstisch
2026 2394 3220 2444 die Leiche des Selbstmörders. Arlechino sieht Pierrettes ver¬
2021 2436 3220 2499 störtes Wesen, er fragt nach ihrem im Hause Pierrots zurück¬
2019 2490 3229 2542 gelassenen Brautschleier. Geängstet eilt sie mit Arlechino zu
2028 2539 3226 2584 der Wohnung des Malers, wo der tote Pierrot bleich am
2015 2566 3223 2609 Boden liegt. Arlechino setzt die Leiche auf einen Stuhl, zwingt
2017 2607 3228 2670 Pierrette mit dem Toten anzustoßen und verläßt entsetzt die
2019 2653 3223 2708 Wohnung. Pierrette ist mit der Leiche eingeschlossen. Angst
2016 2693 3213 2741 und Schrecken machen sie wahnsinnig. Sie tanzt, schreitet und
2019 2743 3235 2798 rennt im Zimmer wild umher, bis sie tot zusammenbricht,
2016 2785 3232 2838 das Gesicht mit dem Schleier deckend. — Eine grusliche Ge¬
2036 2895 3225 2951 schichte ist's, die Schnitzler zu einer Pantomime geformt hat,
2035 2939 3230 3003 ein Stück, das einem feineren Geschmack kaum munden wird.
2041 2986 3233 3036 Aber man fühlt die geschickte Hand des Dramatikers, und so
2034 3020 3241 3092 kann man sich schließlich mit der Gestaltung des Stoffes schon
2047 3082 3232 3130 abfinden, zumal Dohnänyi eine Partitur geschaffen
2042 3121 3240 3175 hat, die überall den geborenen Musikdramatiker und einen
2047 3150 3226 3214 meisterhaften Orchesterstil erkennen läßt. Gewiß hört man
2050 3202 3231 3255 Anklänge an Wagner, Richard Strauß und andere berühmte
2040 3249 3236 3304 Vorbilder, gewiß ist das Ganze nur eine Unterstreichung
2041 3286 3229 3341 dramatischer Akzente, die nirgends eine Charakterisierung der
2050 3324 3230 3385 Handelnden verlangt, aber als Erstlingsarbeit hat die Partitur
2050 3368 3232 3430 doch unbestreitbare Werte. Wie Dohnänyi den Vorgängen auf
2046 3424 3227 3472 der Bühne mit seiner Musik folgt, wie er illustriert, wie er mit
2044 3468 3239 3527 den Blechbläsern droht und mit dem Cello von Liebesfreude
2036 3521 3232 3560 erzählt, wie er leitmotivisch entwickelt und prägnante, selb¬
2050 3541 3237 3608 ständige Motive findet, alles das ist eigen und wirkungsvoll.
2048 3589 3240 3637 Und dann bringt die Partitur als Zwischenaktsmusik einen
2046 3634 3229 3690 Tanzwalzer, wie wir ihn lange nicht gehört haben. Schwung¬
2035 3684 3230 3735 voll=Wienerisch, melodisch und graziös. Nach dieser Probe
2044 3725 3239 3772 wird man von Dohnänyi wohl noch viel erwarten dürfen. Er
2050 3763 3232 3821 hat das Talent dazu, uns eine gute und brauchbare komische
2049 3812 3230 3861 Oper zu schreiben. Hoffentlich findet er bald einen geeigneten,
2049 3848 3235 3897 literarisch wertvollen Text. Die Aufführung der Pantomime
2046 3895 3240 3945 war vortrefflich. Einar Linden (Pierrot), Edwin¬
2047 3934 3238 3991 Heyer (Arlechino) und Elsa Galafrés (Pierrette) spiel¬
2056 3984 3231 4035 ten ausgezeichnet und folgten jeder Wendung der Musik, ohne
2039 4019 3231 4077 durch gleichbleibende Bewegungen zu ermüden. Der musika¬
2048 4070 3229 4123 lische Einakter „Tante Simona“ gelang gesanglich weniger
2054 4116 3233 4167 gut, doch waren auch hier Ausstattung, Regie und Orchester
