3392 4384
1946 132 2390 239 box 27/5
223 136 1792 244 23. Der Schleiender- Pierrette
613 575 1731 665 bed, der er Omskiftelighed under Troskab, Tro¬
1815 571 2911 665 pan at stemple den som tidles. Men Kostymet
626 660 1736 709 skab under Omskiftelighed, medens Digteren selt
1809 658 2907 723 er bievet det attende Aurhundredes i dets sidste
626 716 1734 782 fornemmes i den herskende Heststemning som
1801 718 2910 780 Aarti eller det nittende Aurhundredes i ders 'orste,
627 774 1646 846 melankolsk og nydelseselskende Pessimist.
1799 774 2926 840 og Aunden deri er Donaustadens, den Stad, hvis
693 829 1725 901 Beatrices Slor, hvorfra Ideen til Pantomimen
1804 834 2605 907 Viesen er udtrykti Wienervalsen.
614 892 1727 964 er taget, herer til Schnitzlers gandefulde Digt¬
1871 883 2917 970 Balletmester Hans Beck, der ikke blot har sar
1815 952 2911 1008 Pantomimen mesterligt i Scene, men komponeret
622 948 1733 1025 ninge og er ment som et Stüdie over Kvinde¬
1821 1008 2917 1071 dens Danse, har derved nisten lige san stor Lod
623 1013 1742 1081 naturen i dens primitive Viesen, da Heltinden
1813 1071 2919 1131 og Del i Vierket som Digteren, hvis skrevne
625 1069 1748 1134 kun er seksten Aur; hun er trofast af Sind, trolos
624 1129 1742 1196 i Dremmerier, handler og fojer sig tilsynelndende
1811 1131 2923 1206 Scenario nedvendigvis er saare knapt. Han har
1811 1188 2729 1258 forstanet at stemme Skuespillet wiensk.
613 1192 1738 1266 tankelest og viljelest, er inderst inde uden Skyld.
628 1248 1732 1306 Saadan omtrent man ogsaa Pierreite opfattes.
1869 1249 2918 1300 lovrigt er med Nedvendighed her Mimik som
1797 1303 2560 1385 Musik lagt an pan kraftig Effekt.
614 1304 1734 1359 Men medens der er giver Handlingen i Beatriccs
625 1370 1731 1434 Slor en bewvdningsfuld Baggrund, da Cesare
1881 1365 2915 1429 Der danses i alle tre Akter og i alle staar
627 1426 1737 1496 Borgin ligger for Bolognas Mure med en miegtig
1826 1421 2909 1485 Gunsen i uhyggelig Modsatning til hvad der
1817 1475 2925 1547 torestaar eller hvad der foregaar eller til den
616 1487 1747 1560 Pier, og alle, Aßtenen for Stormen, ved, ur en
1822 1546 2911 1622 Dansendes Sindstilstand. Pierrots unge Venner
612 1542 1737 1617 almindelig Nedsabling venter dem, san de med
1824 1610 2913 1676 og Veninder danser muntert pan den shevre Plads
610 1602 1747 1674 potenseret Livslyst vil uyde deres Tilvireises
1817 1665 2919 1730 mellem hans Mebler, uden at kunne beviege ham
622 1659 1730 1734 sidste Timer, fattes der naturnedvendigt Panto¬
1821 1722 2909 1784 til med dem at soge Karnevalslysti beden op.
625 1720 1735 1799 mimen en sandan ved Dedsvished Fremkaldt
619 1778 1733 1859 Livskride, og Handlingen er da ogsaa skudt
1820 1785 2916 1855 Pan det store Bal, som skal feire Pierrettes Bryl¬
1813 1838 2915 1898 lup, danser Giesterne, mens Bruden savnes og
623 1839 1744 1922 mer end et Par hundrede Aur frem i Tiden og
1811 1899 2921 1966 Brudgommen raser. I tredie Akt, hvor der intet
629 1899 1737 1964 henlagt til Wien. Ved Benavnelserne Arlechino,
629 1959 1749 2028 Pierrot, Pierrette er der gjort et svagt Forseg
1819 1963 2927 2033 Paaskud mere synes at kunne findes til Dans,
2577 3443 2866 3502 Giere Tansiem Phor
653 3478 1267 3570 Pierrette (Ellen Price de Plane)
1997 3470 2898 3551 Pierrot (Hans Beck) Arlechino (Johs. Poulsen)
694 3516 1460 3599 (Arlechino faar en ide. og med en haanlig Lalfer
679 3593 1436 3640 lofter han Pierrot op, sietter ham 1 Divanen on
1439 3578 2116 3683 Pierrettes Sler-, III. Billede
693 3632 1440 3692 skinker, vo Glas for at tvinge Pierrette Ill al
678 3675 1064 3729 drikke med den Dode).
1728 3792 1812 3859 123
