3344 4352
1398 240 1911 314 Sonntag, 8. Mai 1910.
1281 336 2333 400 Kunst, die sich scheu und keusch hütet, auch nur einen
1283 368 2320 428 spekulativen Seitenblick nach äußerlicher Künstelei zu
1279 427 2324 504 thun. Die Partitur trägt durchwegs jene persönliche
1282 481 2319 542 Note Dohnänyi's, zu der sich seine Tonsprache über
1284 533 2318 589 Schumann und Brahms hinaus, an Wagner und
1282 573 2316 626 den Modernsten vorbei differenzirt hat. Am edel¬
1287 623 2314 684 sten und wärmsten in den lyrischen Theilen, in
1278 667 2321 728 der Vermittlung zärtlichen Liebesglühens, der tiefen
1284 712 2320 794 Lebenssehnsucht, des wehmuthvollen Todesbangens,
1283 764 2324 818 überrascht Dohnänyi in den Tanzformen durch Schön¬
1274 806 2316 876 heit, Anmuth und Geist, die bis Schubert zurück,
1268 871 2312 924 bis Debussy hinaufführen. Gleich der entzückende
1284 907 2317 978 D dur =Walzer, mit dem die Freunde Pierrot's
1279 961 2311 1025 Zimmer betreten, wiegt sich auf Rhythmen schuber¬
1268 992 2315 1068 tischer Grazie jener in C, der hausbackenen
1277 1051 2318 1129 Biedermeiertonart, der zum zweiten Bild hinüber¬
1275 1107 2317 1183 führt, ist goldecht nachempfundener Johann Strauß,
1278 1146 2314 1232 authentisch bis auf den luftschnappenden Dreischlag,
1278 1204 2305 1262 der das Thema schließt; ein wenig banal, bis ihn
1278 1239 2305 1321 der Komponist in der Modulation nach Des zu ver¬
1270 1311 2315 1359 bindlichster Noblesse adelt. Ein bezauberndes Stück
1279 1348 2316 1410 ist das zärtlich sanfte Menuett mit seinen kichernden,
1271 1396 2305 1459 kosenden Variationen, ein kleines Meisterwerk vollends
1274 1431 2299 1509 die geistvoll=virtuose Schnellpolka in ihrer grausig¬
1268 1496 2313 1559 grotesken Kakophonie der verstimmten Instrumente,
1273 1548 2299 1596 ein danse macabre von unheimlicher Witzigkeit.
1273 1595 2309 1658 In dem rein deskriptiven Theil der Partitur offen¬
1265 1647 2298 1705 bart sich ein bescheidenes Maß von Origina¬
1270 1687 2299 1757 lität. Die symbolistischen Behelfe der Illustration
1270 1740 2298 1803 szenischer Vorgänge drängen sich kraft eines gewissen
1262 1786 2294 1840 Scheidemünzenkurses fast von selbst in die Feder,
1262 1837 2302 1899 und wenngleich die Phantasie des Komponisten
1268 1874 2301 1958 auch hier durch einen ungewöhnlichen Reichthum
1266 1921 2298 2008 kombinatorischer Erfindung überrascht, so läßt sich
1256 1976 2293 2053 doch auch nicht in Abrede stellen, daß er sich in
1256 2033 2294 2077 der Symbolistik der Situation vielfach auch äußer¬
1263 2078 2292 2150 licher, mehr schlecht als recht bewährter Behelfe be¬
1264 2121 2294 2198 dienen muß. Bei gleich hohem künstlerischen Werth
1265 2173 2296 2231 aller Theile der interessanten Tondichtung erscheint
1259 2223 2295 2291 doch das zweite Bild in seiner organischen Einheit¬
1253 2264 2298 2338 lichkeit, der dramatisch pulsirenden Aktion, der glück¬
1258 2316 2289 2368 lichen Kontrastirung der charakteristisch betonten Stim¬
1259 2374 2292 2435 mungen als der wirkungsvollste und anziehendste
1251 2419 2286 2484 Theil der Pantomime. Dagegen wurde das letzte Bild,
1254 2461 2292 2530 das in den Wahnsinnstanz der Pierrette mündet, recht
1255 2513 2290 2582 wohl eine ausgiebige Kürzung der musikalisch und
1263 2564 2147 2634 choreutisch monotonen Schlußszene erfordern.
1365 2616 2288 2679 Der Darstellung der Novität hatte man mit
1252 2673 2286 2747 umso lebhafterem Interesse entgegengesehen, als die
1243 2717 2279 2778 Hauptfiguren durch Künstler des Opernensembles
1243 2764 2282 2831 dargestellt wurden, und man überdies zum ersten
1250 2808 2278 2871 Male Gelegenheit hatte, Balletmeister Guerra auch
1238 2860 2280 2914 als Mimiker auf der Bühne zu sehen. Als Pierrette
1246 2907 2278 2974 überraschte Frau Szeyer durch ihre anmuthige,
1250 2959 2284 3026 leichte Bewezlichkeit, ir ausdrucksvolles Mienenspiel
1258 3006 2281 3074 und durch die von dramatischem Empfinden be¬
1239 3048 2282 3123 stimmte Aktion. Eine vortreffliche, scharf model¬
1238 3104 2283 3173 lirte Figur stellte Herr Kornay als Pierrot
1238 3154 2274 3215 auf die Bühne, und als Meister der stummen
1247 3201 2276 3250 Charakteristik erwies sich Herr Guerra in der
1234 3247 2279 3304 dämonisch umwitterten Gestalt des Arlecchino. Von
1232 3294 2282 3343 den Darstellern kleinerer Rollen gebührt ein Wort
1233 3351 2281 3425 warmen Lobes den Damen Mazzantini,
1240 3397 2279 3471 Kranner und Kaßtner, den Herren Brada,
1230 3442 2268 3508 Smeraldi und Hegedüs. Die Tanz¬
1229 3483 2267 3552 ensembles, die szenischen Gruppirungen, sowie die
1231 3534 2267 3611 gesammte Regie stellen dem organisatorischen Ta¬
1241 3593 2256 3653 lent des Balletmeisters Guerra ein neues glän¬
1241 3633 2271 3697 zendes Zeugniß aus. Mit ganz besonderer An¬
1232 3690 2273 3762 erkennung muß des Dirigenten Herrn Szikla
1229 3739 2265 3800 gedacht werden, der an seine schwierige Aufgabe
1237 3777 2266 3845 mit dem Temperament und dem Schwung des Ballet¬
1226 3827 2270 3901 kapellmeisters, aber auch mit einer Feinfühligkeit
1232 3877 2266 3943 herangetreten war, die geeignet erschien, auch die
1224 3931 2261 3996 tiefen, verborgeneren Schönheiten der künstlerischen
1235 3974 2263 4038 Partitur in Erscheinung treten zu lassen. Die Novität
1235 4021 2253 4098 erzielte in dem dichtbesetzten Hause einen durchschla¬
1229 4066 2253 4124 genden Erfolg, der in vielfachen stürmischen Hervor¬
1223 4129 1973 4177 rufen der Hauptdarsteller manifestirte.
2134 4129 2227 4212 V.
1584 4210 1630 4252 a
