<?xml version="1.0" encoding="UTF-8" standalone="yes"?>
<PcGts xmlns="http://schema.primaresearch.org/PAGE/gts/pagecontent/2013-07-15" xmlns:xsi="http://www.w3.org/2001/XMLSchema-instance" xsi:schemaLocation="http://schema.primaresearch.org/PAGE/gts/pagecontent/2013-07-15 http://schema.primaresearch.org/PAGE/gts/pagecontent/2013-07-15/pagecontent.xsd">
    <Metadata>
        <Creator>prov=University of Rostock/Institute of Mathematics/CITlab/Gundram Leifert/gundram.leifert@uni-rostock.de:name=ONB_Newseye_GT_M1+(htr_id=10810)::::v=2.4.2
prov=University of Rostock/Institute of Mathematics/CITlab/Tobias Gruening/tobias.gruening@uni-rostock.de:name=de.uros.citlab.module.baseline2polygon.B2PSeamMultiOriented:v=2.4.2
prov=University of Rostock/Institute of Mathematics/CITlab/Tobias Gruening/tobias.gruening@uni-rostock.de:name=/mnt/transkribus/LA/DEA/URO/LA_news_onb_att.pb:de.uros.citlab.segmentation.CITlab_LA_ML:v=2.4.2
Transkribus</Creator>
        <Created>2019-10-07T11:13:35.396+02:00</Created>
        <LastChange>2019-10-08T01:53:46.396+02:00</LastChange>
        <TranskribusMetadata docId="223965" pageId="9495378" pageNr="308" tsid="16496326" status="IN_PROGRESS" userId="40391" imgUrl="https://files.transkribus.eu/Get?id=DRLXXKKZYAMIWPMMMLSUWOJL&amp;fileType=view" xmlUrl="https://files.transkribus.eu/Get?id=PSLKXZIFIVKFVAFYFBKERDVA" imageId="6185605"/>
    </Metadata>
    <Page imageFilename="223965_0308.jpeg" imageWidth="3436" imageHeight="4320">
        <ReadingOrder>
            <OrderedGroup id="ro_1711441352752" caption="Regions reading order">
                <RegionRefIndexed index="0" regionRef="r1"/>
            </OrderedGroup>
        </ReadingOrder>
        <TextRegion orientation="0.0" id="r1" custom="readingOrder {index:0;}">
            <Coords points="260,155 260,4149 2451,4149 2451,155"/>
            <TextLine id="r1l1" custom="readingOrder {index:0;}">
                <Coords points="1991,186 2032,206 2209,188 2297,214 2352,185 2418,196 2418,137 2325,119 2266,134 2233,124 2174,166 2136,135 2089,148 2038,120 1991,116"/>
                <Baseline points="2000,182 2025,181 2051,181 2076,181 2102,181 2127,182 2153,183 2178,183 2204,184 2229,185 2255,186 2280,186 2306,185 2331,185 2357,184 2382,182 2408,180"/>
                <TextEquiv>
                    <Unicode>box 28/1</Unicode>
                </TextEquiv>
            </TextLine>
            <TextLine id="r1l2" custom="readingOrder {index:1;}">
                <Coords points="251,215 1767,238 1830,145 1180,129 1108,175 515,129 415,171 316,130 251,173"/>
                <Baseline points="260,189 338,195 416,201 494,204 572,208 650,210 728,212 806,213 884,214 962,214 1040,214 1118,213 1196,212 1274,211 1352,209 1430,208 1508,207 1586,206 1664,205 1742,205 1820,205"/>
                <TextEquiv>
                    <Unicode>23. Der Schleier der Pierrette</Unicode>
                </TextEquiv>
            </TextLine>
            <TextLine id="r1l3" custom="readingOrder {index:2;}">
                <Coords points="1362,371 1386,364 1415,379 1448,383 1464,373 1474,379 1493,372 1505,376 1514,366 1550,370 1575,363 1574,318 1529,319 1490,337 1457,322 1383,319 1361,326"/>
                <Baseline points="1371,358 1398,356 1426,356 1454,354 1481,354 1509,354 1537,354 1565,355"/>
                <TextEquiv>
                    <Unicode> —49.</Unicode>
                </TextEquiv>
            </TextLine>
            <TextLine id="r1l4" custom="readingOrder {index:3;}">
                <Coords points="1615,412 1820,432 1893,410 1948,447 2161,446 2163,366 2148,360 2020,340 1922,339 1882,365 1771,360 1733,337 1617,347"/>
                <Baseline points="1625,402 1651,405 1677,406 1704,408 1730,409 1756,411 1783,411 1809,412 1835,412 1862,413 1888,413 1914,414 1941,414 1967,414 1993,415 2020,416 2046,417 2072,418 2099,420 2125,422 2152,425"/>
                <TextEquiv>
                    <Unicode>reslauer Zeitung</Unicode>
                </TextEquiv>
            </TextLine>
            <TextLine id="r1l5" custom="readingOrder {index:4;}">
                <Coords points="1379,456 1434,458 1463,443 1510,457 1526,450 1542,462 1551,453 1577,460 1594,442 1617,447 1648,438 1647,397 1581,355 1518,394 1486,372 1422,394 1377,393"/>
                <Baseline points="1389,429 1416,431 1444,432 1471,433 1499,432 1526,431 1554,429 1581,427 1609,424 1637,421"/>
                <TextEquiv>
                    <Unicode>A 1 </Unicode>
                </TextEquiv>
            </TextLine>
            <TextLine id="r1l6" custom="readingOrder {index:5;}">
                <Coords points="1161,459 1184,456 1190,462 1204,458 1223,464 1235,460 1288,465 1303,457 1321,457 1320,404 1304,402 1289,410 1258,405 1250,411 1234,401 1221,413 1207,413 1189,402 1182,410 1160,410"/>
                <Baseline points="1170,455 1198,455 1226,454 1254,453 1282,453 1310,455"/>
                <TextEquiv>
                    <Unicode>vom:</Unicode>
                </TextEquiv>
            </TextLine>
            <TextLine id="r1l7" custom="readingOrder {index:6;}">
                <Coords points="1098,559 2208,586 2351,569 2351,503 2203,541 1830,495 1594,549 1545,516 1098,526"/>
                <Baseline points="1107,556 1168,557 1230,558 1292,559 1353,560 1415,561 1477,563 1538,564 1600,565 1662,565 1724,566 1785,566 1847,567 1909,567 1970,567 2032,567 2094,567 2155,567 2217,566 2279,565 2341,564"/>
                <TextEquiv>
                    <Unicode>wa. Schauspielhaus. „Brüderlein fein.“ — „Der</Unicode>
                </TextEquiv>
            </TextLine>
            <TextLine id="r1l8" custom="readingOrder {index:7;}">
                <Coords points="1015,627 2348,617 2300,568 1170,582 1084,528 1016,543"/>
                <Baseline points="1025,603 1090,605 1156,607 1222,608 1287,610 1353,612 1419,613 1484,614 1550,615 1616,616 1682,617 1747,618 1813,618 1879,618 1944,618 2010,618 2076,617 2141,617 2207,616 2273,614 2339,613"/>
                <TextEquiv>
                    <Unicode>[Schleier der Pigrette.“ Die leichtgeschürzte Muse, die im Schau¬</Unicode>
                </TextEquiv>
            </TextLine>
            <TextLine id="r1l9" custom="readingOrder {index:8;}">
                <Coords points="1042,673 2358,657 2336,622 1702,609 1043,631"/>
                <Baseline points="1053,661 1117,661 1182,661 1247,662 1311,662 1376,663 1441,664 1505,664 1570,665 1635,666 1700,666 1764,667 1829,667 1894,667 1958,667 2023,666 2088,666 2152,665 2217,663 2282,661 2347,659"/>
                <TextEquiv>
                    <Unicode>spielhaus über die Bretter tänzelt, hatte gestern ein ehrbar=bürgerliches und</Unicode>
                </TextEquiv>
            </TextLine>
            <TextLine id="r1l10" custom="readingOrder {index:9;}">
                <Coords points="1038,726 2304,733 2359,729 2360,675 1039,674"/>
                <Baseline points="1048,704 1113,705 1178,706 1243,707 1308,708 1373,710 1438,711 1503,712 1568,713 1633,714 1698,714 1763,715 1828,716 1893,716 1958,716 2023,716 2088,716 2153,715 2218,714 2283,713 2349,712"/>
                <TextEquiv>
                    <Unicode>ernstes Gewand angezogen; und zwar zeigte sie sich in Alt=Wiener Tracht</Unicode>
                </TextEquiv>
            </TextLine>
            <TextLine id="r1l11" custom="readingOrder {index:10;}">
                <Coords points="1108,773 2252,788 2349,764 2350,730 1109,729"/>
                <Baseline points="1118,755 1179,755 1240,756 1301,757 1362,758 1423,758 1484,759 1545,760 1606,761 1667,762 1728,762 1789,763 1850,763 1911,764 1972,764 2033,764 2094,764 2155,764 2216,763 2277,763 2339,762"/>
                <TextEquiv>
                    <Unicode>freilich mit phäntastischem Einschlag. Ein Bild und einen Klang aus</Unicode>
                </TextEquiv>
            </TextLine>
            <TextLine id="r1l12" custom="readingOrder {index:11;}">
                <Coords points="1024,809 2215,830 2326,817 2359,770 1025,788"/>
                <Baseline points="1035,801 1100,801 1166,802 1232,803 1297,804 1363,805 1429,806 1494,807 1560,808 1626,808 1692,809 1757,809 1823,810 1889,810 1954,810 2020,810 2086,810 2151,810 2217,810 2283,809 2349,809"/>
                <TextEquiv>
                    <Unicode>den Tagen Raimunds haben Julius Wilhelm, der Librettist, und</Unicode>
                </TextEquiv>
            </TextLine>
            <TextLine id="r1l13" custom="readingOrder {index:12;}">
                <Coords points="1046,845 2349,869 2316,816 1046,812"/>
                <Baseline points="1056,854 1120,854 1184,855 1248,855 1312,856 1377,856 1441,857 1505,857 1569,858 1633,858 1698,858 1762,858 1826,858 1890,858 1954,858 2019,858 2083,857 2147,856 2211,855 2275,853 2340,851"/>
                <TextEquiv>
                    <Unicode>[Leo Fall in ihrem Alt=Wiener Singspiel „Brüderlein fein"*)</Unicode>
                </TextEquiv>
            </TextLine>
            <TextLine id="r1l14" custom="readingOrder {index:13;}">
                <Coords points="1039,899 2358,915 2343,870 2161,854 1039,844"/>
                <Baseline points="1049,907 1117,905 1185,904 1254,903 1322,903 1390,903 1459,904 1527,904 1595,905 1664,906 1732,907 1801,907 1869,908 1937,909 2006,909 2074,909 2142,908 2211,907 2279,905 2348,903"/>
                <TextEquiv>
                    <Unicode>aufgefangen und festgehalten, in dem die sogenannte gute alte Zeit in ihrer</Unicode>
                </TextEquiv>
            </TextLine>
            <TextLine id="r1l15" custom="readingOrder {index:14;}">
                <Coords points="1035,967 2358,964 2358,915 1035,901"/>
                <Baseline points="1045,954 1110,953 1175,953 1240,952 1305,953 1371,953 1436,953 1501,953 1566,954 1631,954 1697,955 1762,955 1827,956 1892,956 1957,957 2023,957 2088,957 2153,956 2218,956 2283,955 2349,954"/>
                <TextEquiv>
                    <Unicode>anheimelndsten Gestalt, in der altväterlichen Traulichkeit und gemütvollen</Unicode>
                </TextEquiv>
            </TextLine>
            <TextLine id="r1l16" custom="readingOrder {index:15;}">
                <Coords points="1048,1015 2349,1016 2332,963 1048,970"/>
                <Baseline points="1057,1000 1121,1000 1185,1001 1249,1001 1313,1002 1377,1003 1441,1003 1506,1004 1570,1004 1634,1005 1698,1005 1762,1005 1826,1006 1890,1006 1955,1006 2019,1006 2083,1005 2147,1005 2211,1005 2275,1004 2340,1003"/>
                <TextEquiv>
                    <Unicode>Behaglichkeit eines Ehe=Idylls auflebt. Der Kapellmeister Josef Drechsler,</Unicode>
                </TextEquiv>
            </TextLine>
            <TextLine id="r1l17" custom="readingOrder {index:16;}">
                <Coords points="1038,1048 2213,1075 2359,1058 2359,1017 1038,1030"/>
                <Baseline points="1048,1049 1113,1050 1178,1051 1243,1052 1308,1052 1373,1053 1438,1053 1503,1054 1568,1054 1633,1054 1699,1054 1764,1054 1829,1054 1894,1054 1959,1054 2024,1054 2089,1054 2154,1053 2219,1053 2284,1052 2350,1051"/>
                <TextEquiv>
                    <Unicode>der Komponist des Liedes „Brüderlein fein“, feiert in der Stille seiner</Unicode>
                </TextEquiv>
            </TextLine>
            <TextLine id="r1l18" custom="readingOrder {index:17;}">
                <Coords points="1036,1112 2361,1097 2361,1058 1036,1052"/>
                <Baseline points="1046,1100 1111,1100 1176,1100 1241,1100 1307,1100 1372,1100 1437,1100 1503,1101 1568,1101 1633,1101 1699,1101 1764,1101 1829,1101 1894,1101 1960,1102 2025,1102 2090,1102 2156,1102 2221,1102 2286,1102 2352,1101"/>
                <TextEquiv>
                    <Unicode>Häuslichkeit mit seiner Gattin Tony den vierzigsten Hochzeitstag. In Liebe</Unicode>
                </TextEquiv>
            </TextLine>
            <TextLine id="r1l19" custom="readingOrder {index:18;}">
                <Coords points="1048,1153 2199,1151 2349,1187 2373,1127 1048,1118"/>
                <Baseline points="1058,1145 1123,1146 1188,1147 1253,1147 1318,1148 1384,1148 1449,1149 1514,1150 1579,1150 1644,1150 1710,1151 1775,1151 1840,1151 1905,1152 1970,1152 2036,1152 2101,1152 2166,1152 2231,1152 2296,1152 2362,1152"/>
                <TextEquiv>
                    <Unicode>miteinander verbunden, wie am Tage, da sie sich fanden, lenken sie ihre,</Unicode>
                </TextEquiv>
            </TextLine>
            <TextLine id="r1l20" custom="readingOrder {index:19;}">
                <Coords points="1040,1184 2357,1207 2276,1154 1040,1158"/>
                <Baseline points="1050,1194 1114,1196 1179,1197 1244,1198 1309,1198 1374,1199 1439,1199 1503,1199 1568,1199 1633,1199 1698,1199 1763,1199 1828,1199 1893,1199 1957,1199 2022,1199 2087,1199 2152,1200 2217,1200 2282,1201 2347,1203"/>
                <TextEquiv>
                    <Unicode>Gedanken in gemeinsamem Erinnern zurück mit seligem: „Weißt Du</Unicode>
                </TextEquiv>
            </TextLine>
            <TextLine id="r1l21" custom="readingOrder {index:20;}">
                <Coords points="1045,1241 2358,1270 2358,1205 1222,1228 1045,1194"/>
                <Baseline points="1054,1243 1118,1244 1183,1244 1248,1245 1313,1245 1377,1245 1442,1245 1507,1246 1572,1246 1636,1246 1701,1246 1766,1247 1831,1247 1895,1247 1960,1248 2025,1248 2090,1249 2154,1249 2219,1250 2284,1251 2349,1252"/>
                <TextEquiv>
                    <Unicode>noch?... Und die Vergangenheit wird für kurze Augenblicke zur Gegen¬</Unicode>
                </TextEquiv>
            </TextLine>
            <TextLine id="r1l22" custom="readingOrder {index:21;}">
                <Coords points="1043,1308 2354,1295 2302,1256 1043,1251"/>
                <Baseline points="1053,1294 1117,1294 1182,1295 1246,1295 1311,1295 1376,1295 1440,1295 1505,1295 1569,1294 1634,1294 1699,1294 1763,1294 1828,1295 1892,1295 1957,1295 2021,1295 2086,1296 2151,1296 2215,1297 2280,1298 2345,1299"/>
                <TextEquiv>
                    <Unicode>wart. Wie in einem Raimundschen Märchenstück, tritt die holde Gestalt der</Unicode>
                </TextEquiv>
            </TextLine>
            <TextLine id="r1l23" custom="readingOrder {index:22;}">
                <Coords points="1042,1340 2351,1370 2352,1302 1042,1306"/>
                <Baseline points="1051,1344 1115,1343 1180,1343 1244,1343 1309,1342 1373,1343 1438,1343 1502,1343 1567,1343 1631,1344 1696,1344 1761,1345 1825,1345 1890,1346 1954,1346 2019,1346 2083,1346 2148,1346 2212,1345 2277,1345 2342,1344"/>
                <TextEquiv>
                    <Unicode>Jugend, in die sich die alte Haushälterin urplötzlich gewandelt, in das Heim</Unicode>
                </TextEquiv>
            </TextLine>
            <TextLine id="r1l24" custom="readingOrder {index:23;}">
                <Coords points="1039,1399 2352,1388 2336,1349 1039,1338"/>
                <Baseline points="1049,1394 1113,1393 1178,1393 1242,1393 1307,1393 1372,1393 1436,1393 1501,1393 1566,1394 1630,1394 1695,1394 1760,1395 1824,1395 1889,1395 1954,1395 2018,1395 2083,1394 2148,1393 2212,1392 2277,1391 2342,1389"/>
                <TextEquiv>
                    <Unicode>und schenkt ihnen mit den Klängen ihrer Zaubergeige und ihres Liedes</Unicode>
                </TextEquiv>
            </TextLine>
            <TextLine id="r1l25" custom="readingOrder {index:24;}">
                <Coords points="1051,1454 2347,1446 2322,1399 1051,1395"/>
                <Baseline points="1060,1441 1123,1441 1187,1441 1251,1442 1315,1442 1379,1442 1443,1442 1507,1443 1571,1443 1635,1443 1699,1443 1762,1444 1826,1444 1890,1444 1954,1444 2018,1444 2082,1444 2146,1443 2210,1443 2274,1442 2338,1442"/>
                <TextEquiv>
                    <Unicode>eine Stunde der schönen Jugendzeit. Die Stunde vergeht, — sie tragen</Unicode>
                </TextEquiv>
            </TextLine>
            <TextLine id="r1l26" custom="readingOrder {index:25;}">
                <Coords points="1047,1482 2069,1511 2358,1478 2149,1443 1047,1453"/>
                <Baseline points="1056,1487 1120,1489 1185,1490 1249,1491 1314,1492 1379,1493 1443,1493 1508,1493 1572,1493 1637,1493 1702,1493 1766,1492 1831,1492 1895,1492 1960,1491 2024,1491 2089,1490 2154,1490 2218,1490 2283,1490 2348,1490"/>
                <TextEquiv>
                    <Unicode>wieder die Last der Jahre, aber ohne Klage und ohne Furcht vor dem</Unicode>
                </TextEquiv>
            </TextLine>
            <TextLine id="r1l27" custom="readingOrder {index:26;}">
                <Coords points="1053,1553 2350,1550 2350,1493 1053,1488"/>
                <Baseline points="1062,1539 1125,1539 1189,1540 1253,1540 1317,1540 1381,1540 1445,1540 1509,1541 1573,1541 1637,1541 1701,1541 1764,1540 1828,1540 1892,1540 1956,1540 2020,1540 2084,1540 2148,1539 2212,1539 2276,1539 2340,1538"/>
                <TextEquiv>
                    <Unicode>Sinken der Lebenssonne, vor dem nahenden ewigen Scheiden, an das den</Unicode>
                </TextEquiv>
            </TextLine>
            <TextLine id="r1l28" custom="readingOrder {index:27;}">
                <Coords points="1041,1588 2358,1614 2358,1549 2267,1543 1041,1549"/>
                <Baseline points="1051,1589 1115,1588 1180,1587 1245,1587 1310,1587 1375,1587 1440,1587 1505,1587 1570,1587 1635,1588 1700,1588 1764,1589 1829,1589 1894,1589 1959,1589 2024,1590 2089,1589 2154,1589 2219,1589 2284,1588 2349,1588"/>
                <TextEquiv>
                    <Unicode>alten Musiker die wehmütige Weise mahnt, die er selbst vor Jahren fand:</Unicode>
                </TextEquiv>
            </TextLine>
            <TextLine id="r1l29" custom="readingOrder {index:28;}">
                <Coords points="1040,1652 2345,1658 2320,1595 1040,1592"/>
                <Baseline points="1050,1637 1114,1637 1178,1637 1242,1637 1307,1637 1371,1637 1435,1637 1500,1637 1564,1637 1628,1637 1693,1637 1757,1637 1821,1638 1885,1638 1950,1638 2014,1638 2078,1638 2143,1638 2207,1638 2271,1638 2336,1639"/>
                <TextEquiv>
                    <Unicode>„Brüderlein sein — einmal muß geschieden sein.“ Man erkennt, daß</Unicode>
                </TextEquiv>
            </TextLine>
            <TextLine id="r1l30" custom="readingOrder {index:29;}">
                <Coords points="1046,1690 2275,1701 2357,1691 2357,1646 1046,1649"/>
                <Baseline points="1056,1685 1120,1685 1185,1685 1249,1685 1314,1685 1379,1685 1443,1685 1508,1685 1572,1685 1637,1685 1702,1686 1766,1686 1831,1686 1895,1686 1960,1686 2024,1687 2089,1687 2154,1687 2218,1687 2283,1687 2348,1688"/>
                <TextEquiv>
                    <Unicode>dieses Bühnenstücklein nicht mit starker und spannender Handlung den Zu¬</Unicode>
                </TextEquiv>
            </TextLine>
            <TextLine id="r1l31" custom="readingOrder {index:30;}">
                <Coords points="1059,1744 2357,1746 2337,1684 1059,1689"/>
                <Baseline points="1068,1735 1131,1735 1195,1736 1259,1736 1323,1737 1387,1737 1451,1737 1515,1737 1579,1737 1643,1737 1707,1737 1770,1737 1834,1737 1898,1736 1962,1736 2026,1736 2090,1736 2154,1735 2218,1735 2282,1735 2346,1735"/>
                <TextEquiv>
                    <Unicode>schauer fesselt; es ist nichts als ein Genrebildchen, das durch Frische der</Unicode>
                </TextEquiv>
            </TextLine>
            <TextLine id="r1l32" custom="readingOrder {index:31;}">
                <Coords points="1057,1790 2359,1784 2341,1743 1057,1743"/>
                <Baseline points="1067,1784 1131,1785 1195,1785 1259,1785 1323,1785 1387,1785 1451,1785 1515,1785 1579,1785 1643,1785 1707,1785 1771,1785 1835,1785 1899,1785 1963,1785 2027,1785 2091,1785 2155,1785 2219,1785 2283,1785 2348,1786"/>
                <TextEquiv>
                    <Unicode>Farben und den Zauber der Stimmung, durch eine geschickte Mischung</Unicode>
                </TextEquiv>
            </TextLine>
            <TextLine id="r1l33" custom="readingOrder {index:32;}">
                <Coords points="1059,1835 2345,1846 2345,1793 1059,1792"/>
                <Baseline points="1068,1833 1131,1832 1194,1832 1258,1832 1321,1832 1384,1832 1448,1832 1511,1832 1574,1832 1638,1832 1701,1832 1764,1832 1828,1832 1891,1832 1954,1832 2018,1832 2081,1832 2144,1832 2208,1831 2271,1831 2335,1830"/>
                <TextEquiv>
                    <Unicode>von altväterischem Humor und schlichter Gefühlsinnigkeit und dabei durch</Unicode>
                </TextEquiv>
            </TextLine>
            <TextLine id="r1l34" custom="readingOrder {index:33;}">
                <Coords points="1059,1893 2343,1893 2343,1846 2296,1840 1059,1839"/>
                <Baseline points="1069,1878 1132,1879 1195,1880 1258,1881 1321,1882 1385,1883 1448,1883 1511,1884 1574,1885 1637,1885 1701,1886 1764,1886 1827,1887 1890,1887 1953,1887 2017,1886 2080,1886 2143,1885 2206,1884 2269,1883 2333,1882"/>
                <TextEquiv>
                    <Unicode>den Lawendelduft einer fernen Zeit, an die wir doch noch mit zarten Ge¬</Unicode>
                </TextEquiv>
            </TextLine>
            <TextLine id="r1l35" custom="readingOrder {index:34;}">
                <Coords points="1132,1971 2195,1964 2369,2000 2369,1926 2180,1905 1132,1921"/>
                <Baseline points="1142,1954 1202,1956 1263,1958 1324,1959 1385,1960 1446,1961 1507,1962 1568,1962 1629,1962 1690,1963 1751,1963 1811,1963 1872,1962 1933,1962 1994,1962 2055,1962 2116,1962 2177,1962 2238,1962 2299,1962 2360,1962"/>
                <TextEquiv>
                    <Unicode>*) Klavierauszug mit Text im Verlage von Josef Weinberger,</Unicode>
                </TextEquiv>
            </TextLine>
            <TextLine id="r1l36" custom="readingOrder {index:35;}">
                <Coords points="1038,2003 1119,2025 1213,2006 1256,2026 1317,2007 1385,2009 1434,2031 1475,2017 1475,1973 1432,1961 1371,1972 1237,1963 1200,1983 1174,1961 1145,1973 1092,1951 1063,1970 1038,1966"/>
                <Baseline points="1048,1992 1074,1996 1100,1999 1126,2000 1152,2002 1178,2002 1204,2002 1230,2002 1256,2002 1282,2001 1308,2000 1334,2000 1360,1999 1386,1999 1412,2000 1438,2000 1464,2002"/>
                <TextEquiv>
                    <Unicode>Leipzig. (Preis 5 M.)</Unicode>
                </TextEquiv>
            </TextLine>
            <TextLine id="r1l37" custom="readingOrder {index:36;}">
                <Coords points="1197,2080 1221,2077 1228,2085 1244,2079 1261,2090 1273,2080 1293,2090 1322,2073 1365,2086 1383,2077 1427,2082 1429,2025 1397,2032 1368,2018 1304,2028 1285,2014 1243,2029 1198,2024"/>
                <Baseline points="1207,2056 1233,2057 1260,2058 1286,2059 1313,2060 1339,2061 1366,2061 1392,2061 1419,2060"/>
                <TextEquiv>
                    <Unicode></Unicode>
                </TextEquiv>
            </TextLine>
            <TextLine id="r1l38" custom="readingOrder {index:37;}">
                <Coords points="1060,2118 2405,2134 2405,2087 1060,2100"/>
                <Baseline points="1070,2118 1136,2119 1202,2120 1268,2121 1335,2122 1401,2123 1467,2124 1533,2125 1600,2126 1666,2127 1732,2128 1798,2129 1865,2130 1931,2130 1997,2131 2063,2132 2130,2133 2196,2134 2262,2134 2328,2135 2395,2136"/>
                <TextEquiv>
                    <Unicode>mütsfäden u gebunden fühlen, unsere Sinne umstrickt. Leo Falls Musik</Unicode>
                </TextEquiv>
            </TextLine>
            <TextLine id="r1l39" custom="readingOrder {index:38;}">
                <Coords points="1074,2177 2393,2196 2393,2151 2325,2142 1074,2136"/>
                <Baseline points="1084,2171 1152,2171 1220,2171 1289,2171 1357,2171 1425,2172 1494,2173 1562,2174 1630,2176 1699,2177 1767,2179 1836,2180 1904,2181 1972,2182 2041,2183 2109,2184 2177,2185 2246,2185 2314,2185 2383,2184"/>
                <TextEquiv>
                    <Unicode>ist dem Chat kter dieser Alt=Wiener Idylle feinfühlig angepaßt; seine, aller¬</Unicode>
                </TextEquiv>
            </TextLine>
            <TextLine id="r1l40" custom="readingOrder {index:39;}">
                <Coords points="1066,2224 2279,2254 2399,2224 1067,2169"/>
                <Baseline points="1075,2220 1140,2220 1206,2221 1272,2221 1337,2222 1403,2223 1469,2224 1534,2224 1600,2225 1666,2226 1732,2227 1797,2228 1863,2229 1929,2230 1994,2231 2060,2231 2126,2232 2191,2233 2257,2233 2323,2234 2389,2234"/>
                <TextEquiv>
                    <Unicode>dings ein# nig zu leicht ins Ohr eingehende Melodik ist, ohne allzu tief</Unicode>
                </TextEquiv>
            </TextLine>
            <TextLine id="r1l41" custom="readingOrder {index:40;}">
                <Coords points="1064,2273 2397,2295 2397,2253 2337,2240 1065,2222"/>
                <Baseline points="1075,2268 1140,2269 1206,2270 1271,2271 1337,2272 1403,2273 1468,2274 1534,2275 1599,2276 1665,2278 1731,2279 1796,2280 1862,2281 1927,2281 1993,2282 2058,2282 2124,2283 2190,2283 2255,2283 2321,2282 2387,2282"/>
                <TextEquiv>
                    <Unicode>beseelt zu sein, doch von einer ungesuchten Volkstümlichkeit und einer</Unicode>
                </TextEquiv>
            </TextLine>
            <TextLine id="r1l42" custom="readingOrder {index:41;}">
                <Coords points="1071,2313 2394,2341 2395,2296 2291,2287 1072,2276"/>
                <Baseline points="1081,2318 1146,2318 1211,2318 1276,2319 1341,2319 1406,2320 1471,2322 1537,2323 1602,2324 1667,2326 1732,2327 1797,2328 1862,2330 1927,2331 1993,2331 2058,2332 2123,2332 2188,2332 2253,2332 2318,2331 2384,2329"/>
                <TextEquiv>
                    <Unicode>Empfindungswärme, denen sich der Hörer gerne hingibt. Das liebens¬</Unicode>
                </TextEquiv>
            </TextLine>
            <TextLine id="r1l43" custom="readingOrder {index:42;}">
                <Coords points="1071,2368 2350,2403 2401,2392 2402,2343 1071,2313"/>
                <Baseline points="1081,2365 1146,2365 1212,2365 1277,2365 1343,2366 1408,2367 1474,2368 1539,2369 1605,2371 1670,2372 1736,2374 1802,2376 1867,2377 1933,2378 1998,2380 2064,2381 2129,2381 2195,2382 2260,2382 2326,2382 2392,2381"/>
                <TextEquiv>
                    <Unicode>würdige Bühnenwerk, dessen musikalische Reize man sich hie und da noch</Unicode>
                </TextEquiv>
            </TextLine>
            <TextLine id="r1l44" custom="readingOrder {index:43;}">
                <Coords points="1073,2421 2265,2446 2405,2440 2406,2395 1073,2372"/>
                <Baseline points="1082,2418 1147,2416 1213,2416 1279,2416 1344,2416 1410,2417 1476,2417 1541,2419 1607,2420 1673,2422 1739,2423 1804,2425 1870,2426 1936,2427 2001,2428 2067,2429 2133,2429 2198,2429 2264,2428 2330,2427 2396,2425"/>
                <TextEquiv>
                    <Unicode>subtiger herausgearbeitet denken kann, erregte, obwohl — oder weil? —</Unicode>
                </TextEquiv>
            </TextLine>
            <TextLine id="r1l45" custom="readingOrder {index:44;}">
                <Coords points="1074,2458 2354,2499 2396,2443 1075,2421"/>
                <Baseline points="1084,2465 1149,2464 1214,2464 1279,2464 1344,2465 1409,2465 1474,2466 1539,2467 1604,2468 1669,2470 1734,2471 1799,2472 1864,2474 1929,2475 1994,2476 2059,2477 2124,2478 2189,2479 2254,2480 2319,2480 2385,2481"/>
                <TextEquiv>
                    <Unicode>es so wunderbar abstach von den Pikanterien und Blödheiten, mit denen an</Unicode>
                </TextEquiv>
            </TextLine>
            <TextLine id="r1l46" custom="readingOrder {index:45;}">
                <Coords points="1080,2514 2401,2534 2382,2481 1081,2478"/>
                <Baseline points="1089,2513 1154,2513 1219,2513 1284,2513 1349,2514 1414,2515 1479,2516 1544,2517 1609,2518 1674,2520 1740,2521 1805,2522 1870,2523 1935,2525 2000,2525 2065,2526 2130,2526 2195,2526 2260,2526 2325,2525 2391,2524"/>
                <TextEquiv>
                    <Unicode>dieser Stätte die Operette das verehrliche Publikum so häufig in lautes</Unicode>
                </TextEquiv>
            </TextLine>
            <TextLine id="r1l47" custom="readingOrder {index:46;}">
                <Coords points="1082,2555 2264,2595 2402,2579 2403,2536 1082,2516"/>
                <Baseline points="1091,2560 1156,2561 1221,2562 1286,2563 1351,2564 1416,2565 1481,2566 1546,2567 1611,2568 1676,2569 1741,2570 1806,2571 1871,2571 1936,2572 2001,2572 2066,2573 2131,2573 2196,2573 2261,2574 2326,2574 2392,2573"/>
                <TextEquiv>
                    <Unicode>Entzücken versetzt, innigstes Wohlgefallen, und den Darstellern Fräulein</Unicode>
                </TextEquiv>
            </TextLine>
            <TextLine id="r1l48" custom="readingOrder {index:47;}">
                <Coords points="1072,2624 2378,2642 2404,2599 1073,2550"/>
                <Baseline points="1082,2611 1147,2612 1213,2612 1278,2613 1344,2613 1409,2614 1475,2615 1540,2616 1606,2616 1671,2617 1737,2618 1803,2619 1868,2620 1934,2621 1999,2622 2065,2622 2130,2623 2196,2624 2261,2625 2327,2626 2393,2626"/>
                <TextEquiv>
                    <Unicode>[Fidler, die als grauhaarige wie als verjüngte Frau Kapellmeisterin</Unicode>
                </TextEquiv>
            </TextLine>
            <TextLine id="r1l49" custom="readingOrder {index:48;}">
                <Coords points="1074,2664 2355,2695 2407,2641 1074,2623"/>
                <Baseline points="1084,2663 1149,2663 1215,2663 1280,2663 1346,2663 1412,2664 1477,2664 1543,2665 1608,2666 1674,2667 1740,2668 1805,2669 1871,2670 1936,2671 2002,2671 2067,2672 2133,2672 2199,2672 2264,2672 2330,2672 2396,2672"/>
                <TextEquiv>
                    <Unicode>charmant war, Herr Brunner, der einen würdigen Wiener Philemon</Unicode>
                </TextEquiv>
            </TextLine>
            <TextLine id="r1l50" custom="readingOrder {index:49;}">
                <Coords points="1069,2722 2404,2752 2387,2677 1070,2665"/>
                <Baseline points="1080,2709 1145,2709 1211,2710 1277,2710 1343,2711 1408,2712 1474,2712 1540,2713 1606,2714 1671,2715 1737,2716 1803,2717 1869,2717 1934,2718 2000,2719 2066,2719 2132,2720 2197,2720 2263,2721 2329,2721 2395,2722"/>
                <TextEquiv>
                    <Unicode>zu dieser Baucis abgab, und Frl. Wandrey, die aus der Puppenhülle der</Unicode>
                </TextEquiv>
            </TextLine>
            <TextLine id="r1l51" custom="readingOrder {index:50;}">
                <Coords points="1075,2773 2390,2783 2390,2744 2289,2729 1075,2712"/>
                <Baseline points="1084,2753 1148,2755 1213,2757 1278,2758 1343,2759 1408,2760 1472,2761 1537,2762 1602,2763 1667,2763 1732,2764 1796,2764 1861,2765 1926,2765 1991,2766 2056,2766 2120,2767 2185,2767 2250,2768 2315,2769 2380,2769"/>
                <TextEquiv>
                    <Unicode>alten Hashälterin zu einem reizenden „Jugend“=Schmetterling sich be¬</Unicode>
                </TextEquiv>
            </TextLine>
            <TextLine id="r1l52" custom="readingOrder {index:51;}">
                <Coords points="1082,2800 2407,2827 2382,2782 1082,2765"/>
                <Baseline points="1091,2800 1156,2802 1221,2804 1286,2805 1352,2807 1417,2808 1482,2809 1548,2810 1613,2811 1678,2811 1744,2812 1809,2813 1874,2814 1939,2814 2005,2815 2070,2816 2135,2817 2201,2818 2266,2819 2331,2820 2397,2822"/>
                <TextEquiv>
                    <Unicode>frei## ihr Lied „auf dem Violon von Gold“ hingebend, wenn auch ein</Unicode>
                </TextEquiv>
            </TextLine>
            <TextLine id="r1l53" custom="readingOrder {index:52;}">
                <Coords points="1081,2851 2404,2886 2393,2824 1082,2800"/>
                <Baseline points="1091,2851 1156,2852 1221,2853 1286,2855 1351,2856 1417,2857 1482,2858 1547,2859 1612,2859 1677,2860 1743,2861 1808,2862 1873,2862 1938,2863 2003,2864 2069,2864 2134,2865 2199,2866 2264,2866 2329,2867 2395,2868"/>
                <TextEquiv>
                    <Unicode>wenig hart, sang, wurde freudiger Beifall gespendet. Das hübsche Duett</Unicode>
                </TextEquiv>
            </TextLine>
            <TextLine id="r1l54" custom="readingOrder {index:53;}">
                <Coords points="1080,2924 2321,2929 2400,2879 1081,2858"/>
                <Baseline points="1090,2905 1155,2905 1220,2904 1285,2904 1350,2905 1415,2906 1480,2907 1545,2908 1610,2909 1675,2910 1740,2911 1805,2912 1870,2913 1935,2914 2000,2915 2065,2915 2130,2914 2195,2914 2260,2912 2325,2911 2390,2908"/>
                <TextEquiv>
                    <Unicode>des Ehepaares „Frau Drechsler, Herr Drechsler, ich bitt' um die Ehr?“</Unicode>
                </TextEquiv>
            </TextLine>
            <TextLine id="r1l55" custom="readingOrder {index:54;}">
                <Coords points="1077,2977 2404,2967 2278,2919 1078,2924"/>
                <Baseline points="1087,2952 1152,2952 1217,2951 1283,2951 1348,2952 1414,2952 1479,2953 1544,2954 1610,2955 1675,2956 1741,2957 1806,2959 1871,2960 1937,2961 2002,2962 2068,2963 2133,2963 2198,2963 2264,2963 2329,2963 2395,2962"/>
                <TextEquiv>
                    <Unicode>mußte zum Teil wiederholt werden. Auf dies Ehe=Idyll folgte die Liebes¬</Unicode>
                </TextEquiv>
            </TextLine>
            <TextLine id="r1l56" custom="readingOrder {index:55;}">
                <Coords points="1081,3010 2402,3019 2402,2986 2197,2966 1081,2955"/>
                <Baseline points="1091,3001 1156,3002 1221,3002 1286,3002 1351,3002 1416,3003 1481,3003 1546,3004 1611,3004 1676,3005 1741,3005 1806,3006 1871,3007 1936,3008 2001,3008 2066,3009 2131,3010 2196,3011 2261,3012 2326,3013 2391,3015"/>
                <TextEquiv>
                    <Unicode>tragödie, für die Arthur Schnitzler das Motiv aus seinem, im Jahre 1900</Unicode>
                </TextEquiv>
            </TextLine>
            <TextLine id="r1l57" custom="readingOrder {index:56;}">
                <Coords points="1077,3061 2400,3075 2400,3018 1077,3010"/>
                <Baseline points="1086,3050 1151,3050 1216,3049 1281,3049 1347,3049 1412,3050 1477,3050 1542,3051 1608,3052 1673,3052 1738,3053 1803,3054 1869,3055 1934,3056 1999,3057 2064,3058 2130,3059 2195,3059 2260,3060 2325,3060 2391,3060"/>
                <TextEquiv>
                    <Unicode>im Lobe=Theater unter der Regie des gegenwärtigen Intendanten unseres</Unicode>
                </TextEquiv>
            </TextLine>
            <TextLine id="r1l58" custom="readingOrder {index:57;}">
                <Coords points="1084,3120 2397,3113 2347,3068 1084,3059"/>
                <Baseline points="1094,3095 1158,3096 1223,3098 1287,3099 1352,3100 1417,3101 1481,3101 1546,3102 1611,3103 1675,3103 1740,3104 1805,3104 1869,3105 1934,3105 1999,3105 2063,3106 2128,3106 2193,3106 2257,3107 2322,3107 2387,3107"/>
                <TextEquiv>
                    <Unicode>Stadt=Theaters zur Erstaufführung gelangten Renaissance=Dramas „Der</Unicode>
                </TextEquiv>
            </TextLine>
            <TextLine id="r1l59" custom="readingOrder {index:58;}">
                <Coords points="1083,3139 2361,3179 2395,3126 1083,3111"/>
                <Baseline points="1093,3144 1157,3146 1222,3147 1286,3148 1351,3149 1416,3150 1480,3151 1545,3152 1609,3153 1674,3153 1739,3154 1803,3155 1868,3155 1932,3156 1997,3156 2061,3157 2126,3157 2191,3157 2255,3157 2320,3157 2385,3157"/>
                <TextEquiv>
                    <Unicode>Schleier der Beatrice“ entlehnt hat. Schnitzler läßt dies pantomimische</Unicode>
                </TextEquiv>
            </TextLine>
            <TextLine id="r1l60" custom="readingOrder {index:59;}">
                <Coords points="1064,3221 2325,3229 2393,3216 2394,3165 1326,3175 1065,3120"/>
                <Baseline points="1074,3196 1139,3197 1204,3197 1270,3197 1335,3198 1401,3198 1466,3198 1532,3198 1597,3199 1663,3199 1728,3200 1793,3200 1859,3201 1924,3202 1990,3203 2055,3204 2121,3205 2186,3207 2252,3208 2317,3210 2383,3213"/>
                <TextEquiv>
                    <Unicode>Liebesdrama — wie schon die Aenderung des Titels verrät — zwischen den</Unicode>
                </TextEquiv>
            </TextLine>
            <TextLine id="r1l61" custom="readingOrder {index:60;}">
                <Coords points="1075,3231 1851,3274 2402,3249 2148,3208 1075,3214"/>
                <Baseline points="1084,3245 1149,3246 1214,3247 1280,3247 1345,3248 1410,3249 1476,3249 1541,3250 1606,3251 1672,3251 1737,3251 1802,3252 1868,3252 1933,3253 1998,3254 2064,3254 2129,3255 2194,3256 2260,3256 2325,3257 2391,3258"/>
                <TextEquiv>
                    <Unicode>bekannten Figuren der commedia dell' arte, die er kühn ins Alt=Wiener</Unicode>
                </TextEquiv>
            </TextLine>
            <TextLine id="r1l62" custom="readingOrder {index:61;}">
                <Coords points="1062,3299 2397,3308 2397,3273 2315,3263 1217,3269 1063,3235"/>
                <Baseline points="1072,3293 1137,3295 1203,3296 1269,3298 1335,3299 1400,3299 1466,3300 1532,3300 1598,3301 1663,3301 1729,3302 1795,3302 1861,3302 1926,3302 1992,3302 2058,3303 2124,3303 2189,3303 2255,3304 2321,3304 2387,3305"/>
                <TextEquiv>
                    <Unicode>Milieu versetzt hat, sich abspielen. Am Tage der Hochzeit, den Myrthen¬</Unicode>
                </TextEquiv>
            </TextLine>
            <TextLine id="r1l63" custom="readingOrder {index:62;}">
                <Coords points="1069,3350 2390,3366 2363,3313 1069,3301"/>
                <Baseline points="1079,3345 1144,3345 1209,3346 1274,3346 1339,3346 1404,3347 1469,3347 1534,3347 1599,3348 1664,3348 1729,3349 1794,3349 1859,3350 1924,3350 1989,3351 2054,3352 2119,3353 2184,3354 2249,3355 2314,3356 2379,3358"/>
                <TextEquiv>
                    <Unicode>kranz im Haar, im Schmucke des bräutlichen Schleiers, eilt Pieretie, die</Unicode>
                </TextEquiv>
            </TextLine>
            <TextLine id="r1l64" custom="readingOrder {index:63;}">
                <Coords points="1081,3392 2388,3415 2367,3362 1082,3345"/>
                <Baseline points="1091,3395 1155,3395 1219,3396 1284,3396 1348,3397 1413,3397 1477,3397 1541,3398 1606,3398 1670,3399 1735,3399 1799,3400 1863,3400 1928,3401 1992,3402 2057,3402 2121,3403 2185,3404 2250,3405 2314,3407 2379,3408"/>
                <TextEquiv>
                    <Unicode>davor zurückschaudert, sich dem düsteren Arlechino zu eigen zu geben, zu</Unicode>
                </TextEquiv>
            </TextLine>
            <TextLine id="r1l65" custom="readingOrder {index:64;}">
                <Coords points="1077,3441 2369,3472 2389,3415 1078,3416"/>
                <Baseline points="1088,3447 1152,3446 1217,3445 1281,3445 1346,3445 1410,3445 1475,3445 1539,3445 1604,3446 1668,3447 1733,3447 1798,3448 1862,3449 1927,3450 1991,3451 2056,3452 2120,3453 2185,3453 2249,3454 2314,3454 2379,3454"/>
                <TextEquiv>
                    <Unicode>Pierrot, ein letztes Stündlein Glück auszukosten und dann mit dem Ge¬</Unicode>
                </TextEquiv>
            </TextLine>
            <TextLine id="r1l66" custom="readingOrder {index:65;}">
                <Coords points="1080,3496 2391,3501 2300,3463 1080,3461"/>
                <Baseline points="1090,3493 1154,3494 1219,3494 1283,3494 1348,3495 1412,3495 1477,3495 1541,3495 1606,3495 1670,3496 1735,3496 1800,3496 1864,3496 1929,3497 1993,3497 2058,3498 2122,3499 2187,3500 2251,3501 2316,3502 2381,3504"/>
                <TextEquiv>
                    <Unicode>liebten zu sterben. Vergebens beschwört Pierrot die verzweifelte Braut, indem</Unicode>
                </TextEquiv>
            </TextLine>
            <TextLine id="r1l67" custom="readingOrder {index:66;}">
                <Coords points="1080,3531 2383,3576 2372,3508 1080,3496"/>
                <Baseline points="1090,3541 1154,3541 1218,3541 1282,3542 1346,3542 1411,3542 1475,3543 1539,3543 1603,3544 1667,3544 1732,3545 1796,3546 1860,3546 1924,3547 1988,3548 2053,3549 2117,3550 2181,3551 2245,3552 2309,3553 2374,3554"/>
                <TextEquiv>
                    <Unicode>er ihr die Bilder eines glücklichen Lebens an seiner Seite ausmalt, mit</Unicode>
                </TextEquiv>
            </TextLine>
            <TextLine id="r1l68" custom="readingOrder {index:67;}">
                <Coords points="1085,3586 2388,3611 2388,3566 2332,3556 1085,3551"/>
                <Baseline points="1094,3591 1158,3592 1222,3592 1286,3592 1351,3593 1415,3593 1479,3594 1543,3594 1608,3594 1672,3595 1736,3596 1800,3596 1865,3597 1929,3597 1993,3598 2057,3599 2122,3599 2186,3600 2250,3601 2314,3602 2379,3603"/>
                <TextEquiv>
                    <Unicode>ihm zu fliehen. Pierette sieht keinen Ausweg als den Tod. Beide ge¬</Unicode>
                </TextEquiv>
            </TextLine>
            <TextLine id="r1l69" custom="readingOrder {index:68;}">
                <Coords points="1075,3649 2385,3654 2367,3611 1315,3619 1076,3580"/>
                <Baseline points="1085,3640 1149,3641 1214,3641 1278,3642 1343,3642 1407,3642 1472,3643 1536,3643 1601,3644 1665,3644 1730,3644 1794,3645 1859,3645 1923,3646 1988,3646 2052,3647 2117,3647 2181,3648 2246,3648 2310,3649 2375,3650"/>
                <TextEquiv>
                    <Unicode>nießen noch einen Augenblick der Seligkeit, den düsteren Reiz eines von</Unicode>
                </TextEquiv>
            </TextLine>
            <TextLine id="r1l70" custom="readingOrder {index:69;}">
                <Coords points="1080,3685 1874,3719 2387,3690 2376,3655 1080,3644"/>
                <Baseline points="1089,3691 1153,3692 1217,3693 1282,3694 1346,3694 1411,3694 1475,3695 1540,3695 1604,3695 1669,3695 1733,3695 1797,3694 1862,3694 1926,3694 1991,3694 2055,3694 2120,3694 2184,3694 2249,3694 2313,3694 2378,3695"/>
                <TextEquiv>
                    <Unicode>krampfhafter Lustigkeit gewürzten Mahles, dessen letzte Gabe der Giftbecher</Unicode>
                </TextEquiv>
            </TextLine>
            <TextLine id="r1l71" custom="readingOrder {index:70;}">
                <Coords points="1066,3755 2387,3751 2352,3703 1246,3710 1066,3674"/>
                <Baseline points="1075,3738 1140,3739 1205,3740 1270,3741 1335,3742 1400,3742 1465,3743 1530,3743 1595,3743 1660,3743 1726,3743 1791,3743 1856,3744 1921,3744 1986,3744 2051,3745 2116,3745 2181,3746 2246,3747 2311,3749 2377,3751"/>
                <TextEquiv>
                    <Unicode>sein soll. Wiederholt zögern sie die schreckliche Entscheidung, maus; endlich</Unicode>
                </TextEquiv>
            </TextLine>
            <TextLine id="r1l72" custom="readingOrder {index:71;}">
                <Coords points="1076,3775 2305,3816 2393,3808 2394,3766 1077,3732"/>
                <Baseline points="1086,3783 1150,3785 1215,3788 1280,3789 1345,3790 1410,3791 1475,3791 1539,3792 1604,3792 1669,3792 1734,3792 1799,3792 1864,3792 1929,3792 1993,3792 2058,3793 2123,3794 2188,3795 2253,3796 2318,3798 2383,3800"/>
                <TextEquiv>
                    <Unicode>nimmt Pierrot, sich ermannend, den tödlichen Trank, den##te, vor der</Unicode>
                </TextEquiv>
            </TextLine>
            <TextLine id="r1l73" custom="readingOrder {index:72;}">
                <Coords points="1072,3831 2399,3855 2366,3800 1306,3817 1073,3776"/>
                <Baseline points="1081,3829 1146,3832 1211,3834 1277,3836 1342,3838 1408,3839 1473,3839 1538,3840 1604,3840 1669,3840 1735,3840 1800,3840 1865,3840 1931,3840 1996,3840 2062,3841 2127,3842 2192,3843 2258,3845 2323,3847 2389,3850"/>
                <TextEquiv>
                    <Unicode>Vernichtung zurückschaudernd, verschmäht. Von Entsetzen agt, eilt sie</Unicode>
                </TextEquiv>
            </TextLine>
            <TextLine id="r1l74" custom="readingOrder {index:73;}">
                <Coords points="1078,3875 2335,3911 2386,3865 1078,3846"/>
                <Baseline points="1088,3877 1152,3880 1216,3883 1281,3884 1345,3886 1410,3887 1474,3888 1538,3889 1603,3889 1667,3889 1732,3889 1796,3889 1860,3889 1925,3889 1989,3889 2054,3890 2118,3890 2182,3891 2247,3892 2311,3894 2376,3895"/>
                <TextEquiv>
                    <Unicode>dann von der Leiche des Geliebten, den ihr, den Todesentsch #ß verhöhnen¬</Unicode>
                </TextEquiv>
            </TextLine>
            <TextLine id="r1l75" custom="readingOrder {index:74;}">
                <Coords points="1083,3932 2369,3961 2397,3901 1083,3893"/>
                <Baseline points="1092,3925 1156,3928 1221,3932 1286,3934 1350,3935 1415,3936 1480,3937 1544,3938 1609,3938 1674,3938 1739,3938 1803,3938 1868,3938 1933,3937 1997,3937 2062,3937 2127,3937 2191,3937 2256,3938 2321,3939 2386,3940"/>
                <TextEquiv>
                    <Unicode>der Lebenswille verraten, zu dem in eifersüchtiger Raserei ihrer harrenden.</Unicode>
                </TextEquiv>
            </TextLine>
            <TextLine id="r1l76" custom="readingOrder {index:75;}">
                <Coords points="1079,3979 2388,3994 2388,3957 2258,3944 1079,3938"/>
                <Baseline points="1089,3976 1153,3979 1218,3981 1282,3983 1347,3985 1411,3986 1476,3987 1540,3987 1605,3988 1669,3988 1734,3988 1798,3988 1863,3988 1927,3988 1992,3987 2056,3987 2121,3987 2185,3987 2250,3987 2314,3988 2379,3988"/>
                <TextEquiv>
                    <Unicode>Arlechino, dem sie Rechenschaft über ihre Abwesenheit abregen soll, und</Unicode>
                </TextEquiv>
            </TextLine>
            <TextLine id="r1l77" custom="readingOrder {index:76;}">
                <Coords points="1079,4035 2396,4045 2336,3996 1080,3986"/>
                <Baseline points="1090,4023 1154,4027 1219,4029 1284,4032 1349,4033 1414,4035 1478,4035 1543,4036 1608,4036 1673,4036 1738,4036 1802,4036 1867,4036 1932,4035 1997,4035 2062,4035 2126,4034 2191,4035 2256,4035 2321,4035 2386,4036"/>
                <TextEquiv>
                    <Unicode>dessen Wut sie durch alle Schmeicheleien weiblicher Koketterie und alle</Unicode>
                </TextEquiv>
            </TextLine>
            <TextLine id="r1l78" custom="readingOrder {index:77;}">
                <Coords points="1081,4077 2437,4122 2461,4050 1081,4042"/>
                <Baseline points="1090,4073 1158,4076 1226,4079 1294,4080 1362,4082 1430,4083 1498,4083 1566,4084 1634,4084 1702,4084 1770,4084 1838,4083 1906,4083 1974,4083 2042,4084 2110,4084 2178,4085 2246,4086 2314,4087 2382,4090 2451,4092"/>
                <TextEquiv>
                    <Unicode>Mittel einer sinnlich aufreizenden Betörungskunst zu beschwichtigen sucht. </Unicode>
                </TextEquiv>
            </TextLine>
            <TextLine id="r1l79" custom="readingOrder {index:78;}">
                <Coords points="1068,4130 2358,4147 2392,4085 1069,4069"/>
                <Baseline points="1078,4122 1143,4125 1208,4128 1273,4130 1338,4132 1404,4134 1469,4135 1534,4135 1599,4136 1664,4136 1730,4136 1795,4136 1860,4136 1925,4136 1990,4136 2056,4136 2121,4136 2186,4136 2251,4137 2316,4137 2382,4138"/>
                <TextEquiv>
                    <Unicode>Da erscheint der von geheimer Angst Durchbebten die gespenstische Gestalt</Unicode>
                </TextEquiv>
            </TextLine>
            <TextEquiv>
                <Unicode>box 28/1
23. Der Schleier der Pierrette
 —49.
reslauer Zeitung
A 1 
vom:
wa. Schauspielhaus. „Brüderlein fein.“ — „Der
[Schleier der Pigrette.“ Die leichtgeschürzte Muse, die im Schau¬
spielhaus über die Bretter tänzelt, hatte gestern ein ehrbar=bürgerliches und
ernstes Gewand angezogen; und zwar zeigte sie sich in Alt=Wiener Tracht
freilich mit phäntastischem Einschlag. Ein Bild und einen Klang aus
den Tagen Raimunds haben Julius Wilhelm, der Librettist, und
[Leo Fall in ihrem Alt=Wiener Singspiel „Brüderlein fein"*)
aufgefangen und festgehalten, in dem die sogenannte gute alte Zeit in ihrer
anheimelndsten Gestalt, in der altväterlichen Traulichkeit und gemütvollen
Behaglichkeit eines Ehe=Idylls auflebt. Der Kapellmeister Josef Drechsler,
der Komponist des Liedes „Brüderlein fein“, feiert in der Stille seiner
Häuslichkeit mit seiner Gattin Tony den vierzigsten Hochzeitstag. In Liebe
miteinander verbunden, wie am Tage, da sie sich fanden, lenken sie ihre,
Gedanken in gemeinsamem Erinnern zurück mit seligem: „Weißt Du
noch?... Und die Vergangenheit wird für kurze Augenblicke zur Gegen¬
wart. Wie in einem Raimundschen Märchenstück, tritt die holde Gestalt der
Jugend, in die sich die alte Haushälterin urplötzlich gewandelt, in das Heim
und schenkt ihnen mit den Klängen ihrer Zaubergeige und ihres Liedes
eine Stunde der schönen Jugendzeit. Die Stunde vergeht, — sie tragen
wieder die Last der Jahre, aber ohne Klage und ohne Furcht vor dem
Sinken der Lebenssonne, vor dem nahenden ewigen Scheiden, an das den
alten Musiker die wehmütige Weise mahnt, die er selbst vor Jahren fand:
„Brüderlein sein — einmal muß geschieden sein.“ Man erkennt, daß
dieses Bühnenstücklein nicht mit starker und spannender Handlung den Zu¬
schauer fesselt; es ist nichts als ein Genrebildchen, das durch Frische der
Farben und den Zauber der Stimmung, durch eine geschickte Mischung
von altväterischem Humor und schlichter Gefühlsinnigkeit und dabei durch
den Lawendelduft einer fernen Zeit, an die wir doch noch mit zarten Ge¬
*) Klavierauszug mit Text im Verlage von Josef Weinberger,
Leipzig. (Preis 5 M.)

mütsfäden u gebunden fühlen, unsere Sinne umstrickt. Leo Falls Musik
ist dem Chat kter dieser Alt=Wiener Idylle feinfühlig angepaßt; seine, aller¬
dings ein# nig zu leicht ins Ohr eingehende Melodik ist, ohne allzu tief
beseelt zu sein, doch von einer ungesuchten Volkstümlichkeit und einer
Empfindungswärme, denen sich der Hörer gerne hingibt. Das liebens¬
würdige Bühnenwerk, dessen musikalische Reize man sich hie und da noch
subtiger herausgearbeitet denken kann, erregte, obwohl — oder weil? —
es so wunderbar abstach von den Pikanterien und Blödheiten, mit denen an
dieser Stätte die Operette das verehrliche Publikum so häufig in lautes
Entzücken versetzt, innigstes Wohlgefallen, und den Darstellern Fräulein
[Fidler, die als grauhaarige wie als verjüngte Frau Kapellmeisterin
charmant war, Herr Brunner, der einen würdigen Wiener Philemon
zu dieser Baucis abgab, und Frl. Wandrey, die aus der Puppenhülle der
alten Hashälterin zu einem reizenden „Jugend“=Schmetterling sich be¬
frei## ihr Lied „auf dem Violon von Gold“ hingebend, wenn auch ein
wenig hart, sang, wurde freudiger Beifall gespendet. Das hübsche Duett
des Ehepaares „Frau Drechsler, Herr Drechsler, ich bitt' um die Ehr?“
mußte zum Teil wiederholt werden. Auf dies Ehe=Idyll folgte die Liebes¬
tragödie, für die Arthur Schnitzler das Motiv aus seinem, im Jahre 1900
im Lobe=Theater unter der Regie des gegenwärtigen Intendanten unseres
Stadt=Theaters zur Erstaufführung gelangten Renaissance=Dramas „Der
Schleier der Beatrice“ entlehnt hat. Schnitzler läßt dies pantomimische
Liebesdrama — wie schon die Aenderung des Titels verrät — zwischen den
bekannten Figuren der commedia dell' arte, die er kühn ins Alt=Wiener
Milieu versetzt hat, sich abspielen. Am Tage der Hochzeit, den Myrthen¬
kranz im Haar, im Schmucke des bräutlichen Schleiers, eilt Pieretie, die
davor zurückschaudert, sich dem düsteren Arlechino zu eigen zu geben, zu
Pierrot, ein letztes Stündlein Glück auszukosten und dann mit dem Ge¬
liebten zu sterben. Vergebens beschwört Pierrot die verzweifelte Braut, indem
er ihr die Bilder eines glücklichen Lebens an seiner Seite ausmalt, mit
ihm zu fliehen. Pierette sieht keinen Ausweg als den Tod. Beide ge¬
nießen noch einen Augenblick der Seligkeit, den düsteren Reiz eines von
krampfhafter Lustigkeit gewürzten Mahles, dessen letzte Gabe der Giftbecher
sein soll. Wiederholt zögern sie die schreckliche Entscheidung, maus; endlich
nimmt Pierrot, sich ermannend, den tödlichen Trank, den##te, vor der
Vernichtung zurückschaudernd, verschmäht. Von Entsetzen agt, eilt sie
dann von der Leiche des Geliebten, den ihr, den Todesentsch #ß verhöhnen¬
der Lebenswille verraten, zu dem in eifersüchtiger Raserei ihrer harrenden.
Arlechino, dem sie Rechenschaft über ihre Abwesenheit abregen soll, und
dessen Wut sie durch alle Schmeicheleien weiblicher Koketterie und alle
Mittel einer sinnlich aufreizenden Betörungskunst zu beschwichtigen sucht. 
Da erscheint der von geheimer Angst Durchbebten die gespenstische Gestalt</Unicode>
            </TextEquiv>
        </TextRegion>
    </Page>
</PcGts>
