<?xml version="1.0" encoding="UTF-8" standalone="yes"?>
<PcGts xmlns="http://schema.primaresearch.org/PAGE/gts/pagecontent/2013-07-15" xmlns:xsi="http://www.w3.org/2001/XMLSchema-instance" xsi:schemaLocation="http://schema.primaresearch.org/PAGE/gts/pagecontent/2013-07-15 http://schema.primaresearch.org/PAGE/gts/pagecontent/2013-07-15/pagecontent.xsd">
    <Metadata>
        <Creator>prov=University of Rostock/Institute of Mathematics/CITlab/Gundram Leifert/gundram.leifert@uni-rostock.de:name=ONB_Newseye_GT_M1+(htr_id=10810)::::v=2.4.2
prov=University of Rostock/Institute of Mathematics/CITlab/Tobias Gruening/tobias.gruening@uni-rostock.de:name=de.uros.citlab.module.baseline2polygon.B2PSeamMultiOriented:v=2.4.2
prov=University of Rostock/Institute of Mathematics/CITlab/Tobias Gruening/tobias.gruening@uni-rostock.de:name=/mnt/transkribus/LA/DEA/URO/LA_news_onb_att.pb:de.uros.citlab.segmentation.CITlab_LA_ML:v=2.4.2
Transkribus</Creator>
        <Created>2019-10-07T11:12:26.122+02:00</Created>
        <LastChange>2019-10-07T22:02:26.804+02:00</LastChange>
        <TranskribusMetadata docId="223965" pageId="9494428" pageNr="45" tsid="16482363" status="IN_PROGRESS" userId="40391" imgUrl="https://files.transkribus.eu/Get?id=ZBZTFFQVVUJPSONLSVCVPVLD&amp;fileType=view" xmlUrl="https://files.transkribus.eu/Get?id=TYUQQCLFXFQRNQVDRVRSVUPB" imageId="6184655"/>
    </Metadata>
    <Page imageFilename="223965_0045.jpeg" imageWidth="3392" imageHeight="4320">
        <ReadingOrder>
            <OrderedGroup id="ro_1711441141284" caption="Regions reading order">
                <RegionRefIndexed index="0" regionRef="r1"/>
                <RegionRefIndexed index="1" regionRef="r2"/>
            </OrderedGroup>
        </ReadingOrder>
        <TextRegion orientation="0.0" id="r1" custom="readingOrder {index:0;}">
            <Coords points="301,57 301,215 466,215 466,57"/>
            <TextLine id="r1l1" custom="readingOrder {index:0;}">
                <Coords points="291,174 307,170 325,181 351,180 371,169 410,182 424,174 474,183 476,131 425,129 393,100 381,100 358,116 332,101 318,113 294,112"/>
                <Baseline points="301,158 328,157 356,157 383,158 411,159 438,161 466,165"/>
                <TextEquiv>
                    <Unicode>23.</Unicode>
                </TextEquiv>
            </TextLine>
            <TextEquiv>
                <Unicode>23.</Unicode>
            </TextEquiv>
        </TextRegion>
        <TextRegion orientation="0.0" id="r2" custom="readingOrder {index:1;}">
            <Coords points="489,147 489,3423 2434,3423 2434,147"/>
            <TextLine id="r2l1" custom="readingOrder {index:0;}">
                <Coords points="2010,204 2198,175 2254,193 2442,190 2443,127 2357,111 2334,121 2291,100 2229,135 2011,107"/>
                <Baseline points="2019,171 2044,171 2070,171 2096,172 2122,172 2148,173 2174,174 2200,174 2226,175 2252,176 2278,176 2304,176 2330,176 2356,176 2382,175 2408,174 2434,172"/>
                <TextEquiv>
                    <Unicode>box 27/5</Unicode>
                </TextEquiv>
            </TextLine>
            <TextLine id="r2l2" custom="readingOrder {index:1;}">
                <Coords points="479,207 1852,190 1752,113 1385,112 1345,151 1214,109 480,126"/>
                <Baseline points="489,175 556,178 624,180 692,181 759,183 827,184 895,184 962,185 1030,185 1098,186 1166,186 1233,186 1301,186 1369,186 1436,186 1504,186 1572,187 1639,188 1707,188 1775,189 1843,191"/>
                <TextEquiv>
                    <Unicode>Der Schleiender-Pierrette</Unicode>
                </TextEquiv>
            </TextLine>
            <TextLine id="r2l3" custom="readingOrder {index:2;}">
                <Coords points="1087,1180 2352,1196 2425,1177 2425,1132 1087,1152"/>
                <Baseline points="1095,1176 1161,1176 1227,1176 1293,1176 1359,1176 1425,1176 1491,1177 1557,1177 1623,1178 1689,1178 1755,1178 1821,1179 1887,1179 1953,1179 2019,1179 2085,1179 2151,1179 2217,1179 2283,1178 2349,1177 2416,1176"/>
                <TextEquiv>
                    <Unicode>und anarchisch sei. Sie hat ihre andern Formen und andern Gesetze.</Unicode>
                </TextEquiv>
            </TextLine>
            <TextLine id="r2l4" custom="readingOrder {index:3;}">
                <Coords points="1080,1225 2365,1245 2419,1243 2420,1181 1080,1176"/>
                <Baseline points="1088,1225 1154,1225 1220,1226 1286,1227 1352,1227 1418,1228 1484,1229 1551,1229 1617,1230 1683,1230 1749,1230 1815,1231 1881,1231 1947,1231 2014,1231 2080,1231 2146,1231 2212,1230 2278,1230 2344,1229 2411,1228"/>
                <TextEquiv>
                    <Unicode>Aber sie vermeidet so vieles, was uns überreif in die Hände gelegt</Unicode>
                </TextEquiv>
            </TextLine>
            <TextLine id="r2l5" custom="readingOrder {index:4;}">
                <Coords points="1082,1278 2341,1295 2429,1243 1082,1249"/>
                <Baseline points="1090,1274 1156,1275 1223,1277 1289,1278 1356,1279 1422,1280 1489,1281 1555,1282 1622,1282 1688,1283 1755,1283 1821,1284 1888,1284 1954,1284 2021,1283 2087,1283 2154,1282 2220,1282 2287,1281 2353,1280 2420,1279"/>
                <TextEquiv>
                    <Unicode>worden ist. Sie wahrt eine Primitivität, die von der Einfachheit</Unicode>
                </TextEquiv>
            </TextLine>
            <TextLine id="r2l6" custom="readingOrder {index:5;}">
                <Coords points="1083,1332 2421,1355 2404,1279 1083,1286"/>
                <Baseline points="1092,1325 1158,1326 1224,1327 1290,1328 1356,1329 1422,1329 1488,1330 1554,1331 1620,1331 1686,1332 1752,1332 1818,1332 1884,1332 1950,1332 2016,1332 2082,1331 2148,1331 2214,1330 2280,1329 2346,1328 2412,1327"/>
                <TextEquiv>
                    <Unicode>herkommt, sie findet wieder zu den Wurzeln der Musik. Manchmal</Unicode>
                </TextEquiv>
            </TextLine>
            <TextLine id="r2l7" custom="readingOrder {index:6;}">
                <Coords points="1084,1385 2424,1386 2353,1332 1084,1341"/>
                <Baseline points="1093,1377 1159,1377 1225,1378 1291,1378 1357,1378 1423,1378 1489,1378 1556,1378 1622,1378 1688,1377 1754,1377 1820,1377 1886,1377 1952,1377 2019,1377 2085,1377 2151,1377 2217,1377 2283,1378 2349,1378 2416,1378"/>
                <TextEquiv>
                    <Unicode>rauscht es wie von einem jungen Weltgefühl in den melancholischen</Unicode>
                </TextEquiv>
            </TextLine>
            <TextLine id="r2l8" custom="readingOrder {index:7;}">
                <Coords points="1077,1435 2271,1447 2418,1427 2418,1393 1077,1395"/>
                <Baseline points="1085,1425 1151,1425 1217,1426 1283,1426 1349,1426 1416,1427 1482,1427 1548,1427 1614,1427 1680,1427 1747,1427 1813,1427 1879,1427 1945,1428 2011,1428 2078,1428 2144,1429 2210,1429 2276,1430 2342,1431 2409,1432"/>
                <TextEquiv>
                    <Unicode>Linien und Harmonien. Aber in den Linien noch mehr; die Harmo¬</Unicode>
                </TextEquiv>
            </TextLine>
            <TextLine id="r2l9" custom="readingOrder {index:8;}">
                <Coords points="1076,1487 2272,1496 2419,1481 2419,1435 1076,1446"/>
                <Baseline points="1085,1480 1151,1478 1217,1477 1283,1476 1350,1476 1416,1475 1482,1475 1549,1475 1615,1474 1681,1474 1748,1475 1814,1475 1880,1475 1946,1476 2013,1477 2079,1477 2145,1478 2212,1479 2278,1480 2344,1482 2411,1483"/>
                <TextEquiv>
                    <Unicode>#nien hat man nur besser beobachtet. Von den Linien, vom Zug, vom</Unicode>
                </TextEquiv>
            </TextLine>
            <TextLine id="r2l10" custom="readingOrder {index:9;}">
                <Coords points="1080,1533 2430,1534 2430,1490 2364,1481 1080,1482"/>
                <Baseline points="1088,1527 1154,1526 1221,1526 1287,1525 1354,1525 1421,1525 1487,1525 1554,1526 1621,1526 1687,1526 1754,1526 1821,1527 1887,1527 1954,1527 2021,1527 2087,1527 2154,1527 2221,1526 2287,1526 2354,1525 2421,1524"/>
                <TextEquiv>
                    <Unicode>Gleiten und Schweben dieser Musik ist eigentlich noch wenig die Rede</Unicode>
                </TextEquiv>
            </TextLine>
            <TextLine id="r2l11" custom="readingOrder {index:10;}">
                <Coords points="1077,1588 2425,1575 2378,1530 1077,1534"/>
                <Baseline points="1085,1576 1151,1576 1218,1576 1284,1575 1351,1575 1418,1575 1484,1575 1551,1575 1617,1575 1684,1575 1751,1575 1817,1575 1884,1575 1950,1576 2017,1576 2083,1577 2150,1577 2217,1578 2283,1578 2350,1579 2417,1580"/>
                <TextEquiv>
                    <Unicode>gewesen. Es wird manchen entgangen sein, was Pierre Laloy aus der</Unicode>
                </TextEquiv>
            </TextLine>
            <TextLine id="r2l12" custom="readingOrder {index:11;}">
                <Coords points="1074,1630 2424,1640 2424,1591 2348,1584 1074,1587"/>
                <Baseline points="1082,1627 1148,1626 1215,1626 1282,1625 1348,1625 1415,1625 1482,1624 1548,1624 1615,1624 1682,1624 1749,1624 1815,1624 1882,1625 1949,1625 2015,1625 2082,1626 2149,1626 2215,1627 2282,1628 2349,1628 2416,1629"/>
                <TextEquiv>
                    <Unicode>Zeit der Bildung Debussys erzählt: daß ihn irgendwo im bunten</Unicode>
                </TextEquiv>
            </TextLine>
            <TextLine id="r2l13" custom="readingOrder {index:12;}">
                <Coords points="1089,1672 2419,1690 2383,1631 1089,1635"/>
                <Baseline points="1097,1679 1162,1678 1228,1676 1293,1675 1359,1675 1425,1675 1490,1674 1556,1674 1622,1675 1687,1675 1753,1675 1819,1676 1884,1676 1950,1677 2016,1677 2081,1678 2147,1678 2213,1678 2278,1678 2344,1678 2410,1677"/>
                <TextEquiv>
                    <Unicode>Osten die Musik der Zigenner so recht ergriffen hat. Das ist auch</Unicode>
                </TextEquiv>
            </TextLine>
            <TextLine id="r2l14" custom="readingOrder {index:13;}">
                <Coords points="1079,1714 2424,1724 2311,1675 1079,1690"/>
                <Baseline points="1087,1726 1153,1726 1219,1725 1286,1725 1352,1725 1419,1725 1485,1724 1551,1724 1618,1724 1684,1724 1751,1724 1817,1724 1883,1724 1950,1724 2016,1725 2083,1725 2149,1726 2215,1727 2282,1729 2348,1730 2415,1732"/>
                <TextEquiv>
                    <Unicode>eine Musik, die den Wurzeln nahe ist, noch nahe ist, und der Geist,</Unicode>
                </TextEquiv>
            </TextLine>
            <TextLine id="r2l15" custom="readingOrder {index:14;}">
                <Coords points="1084,1775 2424,1780 2424,1739 2290,1725 1084,1744"/>
                <Baseline points="1093,1776 1159,1775 1225,1775 1291,1775 1357,1775 1423,1775 1489,1775 1556,1775 1622,1775 1688,1775 1754,1775 1820,1775 1886,1775 1952,1775 2019,1776 2085,1776 2151,1777 2217,1778 2283,1778 2349,1779 2416,1780"/>
                <TextEquiv>
                    <Unicode>der in ihr lebendiger glüht, verläßt keinen mehr, der ihn einmal</Unicode>
                </TextEquiv>
            </TextLine>
            <TextLine id="r2l16" custom="readingOrder {index:15;}">
                <Coords points="1074,1828 2241,1848 2424,1824 2424,1780 1074,1790"/>
                <Baseline points="1083,1825 1149,1825 1216,1825 1282,1825 1349,1825 1416,1825 1482,1825 1549,1825 1616,1825 1682,1824 1749,1824 1816,1824 1882,1824 1949,1824 2016,1824 2082,1824 2149,1824 2216,1825 2282,1825 2349,1826 2416,1827"/>
                <TextEquiv>
                    <Unicode>ersaßt hat. Ihr sanftes Feuer ist in die Klänge Debussys geflossen;</Unicode>
                </TextEquiv>
            </TextLine>
            <TextLine id="r2l17" custom="readingOrder {index:16;}">
                <Coords points="1071,1888 1725,1857 2326,1892 2421,1859 1071,1837"/>
                <Baseline points="1080,1877 1146,1875 1213,1875 1279,1874 1346,1873 1413,1872 1479,1872 1546,1872 1612,1872 1679,1872 1746,1872 1812,1872 1879,1873 1945,1873 2012,1874 2078,1874 2145,1875 2212,1876 2278,1877 2345,1878 2412,1879"/>
                <TextEquiv>
                    <Unicode>Urtöne vielleicht entzücken uns. Der mußte wahrlich ein Meister</Unicode>
                </TextEquiv>
            </TextLine>
            <TextLine id="r2l18" custom="readingOrder {index:17;}">
                <Coords points="1085,1939 2419,1921 2419,1887 2238,1875 1085,1881"/>
                <Baseline points="1093,1925 1158,1924 1224,1924 1290,1923 1356,1923 1422,1922 1488,1922 1554,1922 1620,1922 1686,1922 1752,1922 1817,1923 1883,1923 1949,1923 2015,1924 2081,1924 2147,1925 2213,1925 2279,1926 2345,1927 2411,1927"/>
                <TextEquiv>
                    <Unicode>sein, dem sie sich erschlossen, der sie bannen, fühlen, sich aneignen</Unicode>
                </TextEquiv>
            </TextLine>
            <TextLine id="r2l19" custom="readingOrder {index:18;}">
                <Coords points="1084,1978 2425,1963 2379,1926 1084,1937"/>
                <Baseline points="1093,1973 1159,1973 1225,1973 1291,1972 1357,1972 1423,1972 1489,1971 1556,1971 1622,1971 1688,1971 1754,1970 1820,1970 1886,1970 1952,1970 2019,1971 2085,1971 2151,1971 2217,1971 2283,1972 2349,1973 2416,1973"/>
                <TextEquiv>
                    <Unicode>konnte. Seit diesem Jahr 1902 (neunzehnhundertzwei, wiener Leser!),</Unicode>
                </TextEquiv>
            </TextLine>
            <TextLine id="r2l20" custom="readingOrder {index:19;}">
                <Coords points="1077,2017 2417,2046 2417,1981 1077,1973"/>
                <Baseline points="1085,2022 1151,2021 1217,2021 1283,2021 1349,2021 1415,2020 1481,2020 1548,2020 1614,2020 1680,2020 1746,2021 1812,2021 1878,2021 1944,2021 2011,2022 2077,2022 2143,2023 2209,2023 2275,2024 2341,2024 2408,2025"/>
                <TextEquiv>
                    <Unicode>da die Oper in Paris aufgeführt wurde, ist eine neue französische</Unicode>
                </TextEquiv>
            </TextLine>
            <TextLine id="r2l21" custom="readingOrder {index:20;}">
                <Coords points="1085,2083 2421,2070 2248,2027 1085,2036"/>
                <Baseline points="1093,2074 1159,2072 1225,2071 1291,2071 1357,2070 1423,2070 1489,2070 1555,2070 1621,2070 1687,2070 1753,2070 1819,2071 1885,2071 1951,2072 2017,2073 2083,2073 2149,2073 2215,2074 2281,2074 2347,2075 2413,2075"/>
                <TextEquiv>
                    <Unicode>Musik bekannt. Heute ist der Debussysme Schule, Mode und, wenn</Unicode>
                </TextEquiv>
            </TextLine>
            <TextLine id="r2l22" custom="readingOrder {index:21;}">
                <Coords points="1075,2112 2325,2142 2422,2083 1075,2085"/>
                <Baseline points="1084,2120 1150,2121 1216,2121 1283,2121 1349,2120 1416,2120 1482,2120 1549,2120 1615,2119 1682,2119 1748,2119 1814,2119 1881,2119 1947,2119 2014,2120 2080,2120 2147,2121 2213,2122 2280,2123 2346,2124 2413,2126"/>
                <TextEquiv>
                    <Unicode>man will, Gefahr. In Frankreich weiß man es, die einen freuen sich,</Unicode>
                </TextEquiv>
            </TextLine>
            <TextLine id="r2l23" custom="readingOrder {index:22;}">
                <Coords points="1075,2156 2017,2190 2411,2179 2412,2139 1075,2133"/>
                <Baseline points="1083,2168 1149,2168 1215,2169 1281,2169 1347,2169 1413,2169 1479,2169 1545,2169 1611,2169 1677,2168 1743,2168 1809,2168 1875,2168 1941,2168 2007,2169 2073,2169 2139,2170 2205,2171 2271,2173 2337,2174 2403,2177"/>
                <TextEquiv>
                    <Unicode>die andern toben, und die Blätter haben Stoff für Enqueten, die</Unicode>
                </TextEquiv>
            </TextLine>
            <TextLine id="r2l24" custom="readingOrder {index:23;}">
                <Coords points="1082,2216 2420,2229 2420,2190 2329,2177 1082,2191"/>
                <Baseline points="1091,2221 1157,2220 1223,2219 1289,2218 1355,2217 1421,2217 1487,2216 1553,2216 1619,2216 1685,2216 1751,2217 1817,2217 1883,2218 1949,2218 2015,2219 2081,2220 2147,2221 2213,2222 2279,2223 2345,2224 2412,2225"/>
                <TextEquiv>
                    <Unicode>natürlich kaum mehr erreichen als neue Aufmerksamkeit für den</Unicode>
                </TextEquiv>
            </TextLine>
            <TextLine id="r2l25" custom="readingOrder {index:24;}">
                <Coords points="1071,2262 2417,2275 2345,2222 1071,2229"/>
                <Baseline points="1080,2267 1146,2267 1212,2267 1279,2267 1345,2267 1412,2267 1478,2266 1544,2266 1611,2266 1677,2267 1744,2267 1810,2267 1876,2267 1943,2268 2009,2268 2076,2268 2142,2269 2208,2270 2275,2271 2341,2272 2408,2273"/>
                <TextEquiv>
                    <Unicode>Komponisten. Der ist als Kritiker durch seine Haltung und die</Unicode>
                </TextEquiv>
            </TextLine>
            <TextLine id="r2l26" custom="readingOrder {index:25;}">
                <Coords points="1075,2309 2430,2317 2327,2268 1075,2277"/>
                <Baseline points="1083,2318 1153,2318 1223,2318 1294,2317 1364,2317 1435,2317 1505,2317 1576,2317 1646,2317 1717,2317 1787,2317 1858,2317 1928,2317 1999,2318 2069,2318 2140,2319 2210,2319 2281,2320 2351,2321 2422,2322"/>
                <TextEquiv>
                    <Unicode>Schroffheit seiner Urteile über frühere, namentlich deutsche Meister,</Unicode>
                </TextEquiv>
            </TextLine>
            <TextLine id="r2l27" custom="readingOrder {index:26;}">
                <Coords points="1075,2380 2279,2383 2425,2336 1075,2339"/>
                <Baseline points="1084,2369 1150,2368 1217,2368 1283,2367 1350,2367 1417,2366 1483,2366 1550,2366 1616,2366 1683,2366 1750,2366 1816,2366 1883,2366 1949,2366 2016,2367 2082,2367 2149,2368 2216,2369 2282,2370 2349,2370 2416,2371"/>
                <TextEquiv>
                    <Unicode>genug beachtet worden. Aber schließlich waren im Grund doch alle</Unicode>
                </TextEquiv>
            </TextLine>
            <TextLine id="r2l28" custom="readingOrder {index:27;}">
                <Coords points="1077,2437 2427,2427 2427,2385 2371,2373 1077,2379"/>
                <Baseline points="1085,2417 1151,2417 1218,2416 1285,2416 1351,2415 1418,2415 1485,2415 1551,2415 1618,2415 1685,2415 1752,2415 1818,2415 1885,2415 1952,2416 2018,2416 2085,2417 2152,2417 2218,2418 2285,2419 2352,2421 2419,2422"/>
                <TextEquiv>
                    <Unicode>stolz auf ihn, weil man wieder einen hatte, der dem Ausland als</Unicode>
                </TextEquiv>
            </TextLine>
            <TextLine id="r2l29" custom="readingOrder {index:28;}">
                <Coords points="1073,2459 2425,2469 2374,2426 2055,2415 1073,2431"/>
                <Baseline points="1081,2465 1147,2465 1214,2465 1281,2465 1348,2466 1414,2466 1481,2466 1548,2465 1615,2465 1681,2465 1748,2465 1815,2465 1882,2465 1948,2466 2015,2466 2082,2466 2149,2467 2215,2467 2282,2468 2349,2469 2416,2470"/>
                <TextEquiv>
                    <Unicode>ein Wahrer französischer Kunst galt, weil jetzt wirklich wieder eine</Unicode>
                </TextEquiv>
            </TextLine>
            <TextLine id="r2l30" custom="readingOrder {index:29;}">
                <Coords points="1081,2523 2277,2536 2432,2520 2433,2479 1081,2477"/>
                <Baseline points="1089,2515 1155,2515 1222,2514 1289,2514 1356,2513 1422,2513 1489,2513 1556,2513 1623,2513 1689,2513 1756,2513 1823,2514 1890,2514 1956,2515 2023,2515 2090,2516 2157,2517 2223,2518 2290,2518 2357,2519 2424,2520"/>
                <TextEquiv>
                    <Unicode>eigene Bewegung in Frankreich anhub, die sogar die Verbindung mit</Unicode>
                </TextEquiv>
            </TextLine>
            <TextLine id="r2l31" custom="readingOrder {index:30;}">
                <Coords points="1070,2572 2357,2578 2428,2531 1070,2534"/>
                <Baseline points="1079,2564 1146,2563 1213,2563 1280,2563 1347,2563 1414,2562 1481,2562 1548,2562 1615,2562 1682,2562 1749,2562 1816,2563 1883,2563 1950,2563 2017,2564 2084,2564 2151,2565 2218,2566 2285,2567 2352,2568 2420,2569"/>
                <TextEquiv>
                    <Unicode>den Anfängen der französischen Musik mit Glück gefunden hatte. Was</Unicode>
                </TextEquiv>
            </TextLine>
            <TextLine id="r2l32" custom="readingOrder {index:31;}">
                <Coords points="1078,2634 2424,2604 2324,2570 1078,2580"/>
                <Baseline points="1087,2614 1153,2614 1219,2613 1286,2613 1352,2613 1419,2613 1485,2613 1552,2613 1618,2613 1685,2613 1751,2613 1817,2613 1884,2613 1950,2613 2017,2614 2083,2614 2150,2614 2216,2615 2283,2615 2349,2616 2416,2617"/>
                <TextEquiv>
                    <Unicode>sie aber drüben nicht wissen, da man es selbst bei uns außerhalb eines</Unicode>
                </TextEquiv>
            </TextLine>
            <TextLine id="r2l33" custom="readingOrder {index:32;}">
                <Coords points="1071,2663 2416,2670 2416,2629 2314,2620 1071,2636"/>
                <Baseline points="1080,2667 1146,2665 1212,2664 1279,2662 1345,2661 1412,2660 1478,2660 1544,2660 1611,2659 1677,2659 1744,2659 1810,2660 1876,2660 1943,2661 2009,2662 2076,2663 2142,2663 2208,2665 2275,2666 2341,2667 2408,2668"/>
                <TextEquiv>
                    <Unicode>kleinen Kreises kaum weiß, ist eine sonderbare Aehnlichkeit bei Debussy</Unicode>
                </TextEquiv>
            </TextLine>
            <TextLine id="r2l34" custom="readingOrder {index:33;}">
                <Coords points="1077,2711 2410,2723 2393,2672 1077,2669"/>
                <Baseline points="1085,2712 1150,2711 1216,2711 1282,2711 1348,2710 1414,2710 1479,2710 1545,2710 1611,2710 1677,2710 1743,2711 1808,2711 1874,2711 1940,2712 2006,2712 2072,2713 2137,2713 2203,2714 2269,2715 2335,2716 2401,2717"/>
                <TextEquiv>
                    <Unicode>und bei Schönberg. Zu einer Zeit, da man bei un von Debussy noch</Unicode>
                </TextEquiv>
            </TextLine>
            <TextLine id="r2l35" custom="readingOrder {index:34;}">
                <Coords points="1081,2758 2419,2767 2373,2723 1081,2724"/>
                <Baseline points="1089,2760 1155,2760 1221,2760 1287,2760 1353,2761 1419,2761 1485,2761 1551,2761 1617,2761 1683,2761 1749,2761 1815,2761 1881,2762 1947,2762 2013,2762 2079,2762 2145,2762 2211,2763 2277,2763 2343,2763 2410,2763"/>
                <TextEquiv>
                    <Unicode>keine Ahnung hatte, versuchte Schönberg sehr Verwandtes, nur daß</Unicode>
                </TextEquiv>
            </TextLine>
            <TextLine id="r2l36" custom="readingOrder {index:35;}">
                <Coords points="1082,2811 2316,2826 2420,2809 2420,2772 1082,2773"/>
                <Baseline points="1090,2807 1156,2809 1222,2809 1288,2810 1354,2810 1420,2810 1486,2811 1552,2811 1618,2811 1684,2811 1751,2811 1817,2811 1883,2811 1949,2811 2015,2811 2081,2811 2147,2812 2213,2813 2279,2813 2345,2815 2412,2816"/>
                <TextEquiv>
                    <Unicode>er rascher und weiter vorging, die Zusammenhänge der Harmonie in</Unicode>
                </TextEquiv>
            </TextLine>
            <TextLine id="r2l37" custom="readingOrder {index:36;}">
                <Coords points="1080,2852 2410,2867 2371,2816 1080,2819"/>
                <Baseline points="1089,2858 1154,2859 1220,2859 1285,2859 1351,2859 1417,2859 1482,2859 1548,2859 1613,2859 1679,2859 1745,2859 1810,2860 1876,2860 1941,2860 2007,2861 2072,2862 2138,2862 2204,2863 2269,2864 2335,2865 2401,2867"/>
                <TextEquiv>
                    <Unicode>eine Selbständigkeit der Stimmen auflöste und auf den schützenden</Unicode>
                </TextEquiv>
            </TextLine>
            <TextLine id="r2l38" custom="readingOrder {index:37;}">
                <Coords points="1081,2911 2409,2916 2372,2865 1081,2870"/>
                <Baseline points="1089,2906 1154,2906 1220,2906 1285,2906 1351,2906 1417,2906 1482,2907 1548,2907 1613,2907 1679,2908 1745,2908 1810,2909 1876,2909 1941,2910 2007,2910 2072,2911 2138,2912 2204,2912 2269,2913 2335,2914 2401,2915"/>
                <TextEquiv>
                    <Unicode>Mantel des romanisch geglätteten Klanges verzichtete, vielleicht auch,</Unicode>
                </TextEquiv>
            </TextLine>
            <TextLine id="r2l39" custom="readingOrder {index:38;}">
                <Coords points="1076,2959 2419,2958 2306,2916 1076,2925"/>
                <Baseline points="1085,2957 1151,2957 1217,2957 1283,2957 1350,2957 1416,2957 1482,2958 1549,2958 1615,2958 1681,2958 1748,2959 1814,2959 1880,2959 1946,2960 2013,2960 2079,2960 2145,2960 2212,2960 2278,2961 2344,2960 2411,2960"/>
                <TextEquiv>
                    <Unicode>weil so ganz andrer Herkunft, verzichten mußte. Als er noch lange</Unicode>
                </TextEquiv>
            </TextLine>
            <TextLine id="r2l40" custom="readingOrder {index:39;}">
                <Coords points="1073,3013 2331,3030 2428,2995 1073,2973"/>
                <Baseline points="1081,3004 1147,3004 1214,3005 1281,3005 1348,3006 1415,3006 1482,3006 1549,3006 1616,3007 1683,3007 1750,3007 1816,3007 1883,3008 1950,3008 2017,3009 2084,3009 2151,3010 2218,3011 2285,3012 2352,3013 2419,3014"/>
                <TextEquiv>
                    <Unicode>nicht soweit war, wie er heute gekommen ist, schrieb er eine symphonische</Unicode>
                </TextEquiv>
            </TextLine>
            <TextLine id="r2l41" custom="readingOrder {index:40;}">
                <Coords points="1083,3071 2418,3059 2369,3018 1084,3007"/>
                <Baseline points="1091,3053 1156,3054 1222,3054 1288,3055 1354,3055 1420,3055 1486,3056 1552,3056 1618,3057 1684,3057 1750,3058 1815,3058 1881,3059 1947,3059 2013,3060 2079,3060 2145,3060 2211,3060 2277,3061 2343,3061 2409,3061"/>
                <TextEquiv>
                    <Unicode>Dichtung „Pellas und Melisande', die einmal, 1905, in Wien auf¬</Unicode>
                </TextEquiv>
            </TextLine>
            <TextLine id="r2l42" custom="readingOrder {index:41;}">
                <Coords points="1083,3114 2298,3133 2416,3099 2298,3062 1083,3075"/>
                <Baseline points="1092,3103 1157,3103 1223,3103 1289,3103 1355,3103 1420,3103 1486,3104 1552,3104 1618,3104 1683,3104 1749,3105 1815,3105 1881,3106 1946,3106 2012,3106 2078,3107 2144,3107 2209,3108 2275,3108 2341,3109 2407,3110"/>
                <TextEquiv>
                    <Unicode>geführt wurde und ganz unverstanden blieb, während ihr im letzten</Unicode>
                </TextEquiv>
            </TextLine>
            <TextLine id="r2l43" custom="readingOrder {index:42;}">
                <Coords points="1074,3161 2218,3174 2382,3162 2415,3120 1075,3110"/>
                <Baseline points="1083,3150 1149,3151 1215,3151 1281,3152 1347,3153 1413,3154 1479,3155 1545,3155 1611,3156 1677,3157 1744,3157 1810,3158 1876,3158 1942,3159 2008,3159 2074,3159 2140,3159 2206,3158 2272,3158 2338,3157 2405,3156"/>
                <TextEquiv>
                    <Unicode>Herbst unter Fried in Berlin ein großer Erfolg zuteil wurde. Die</Unicode>
                </TextEquiv>
            </TextLine>
            <TextLine id="r2l44" custom="readingOrder {index:43;}">
                <Coords points="1089,3204 2408,3215 2304,3163 1089,3156"/>
                <Baseline points="1097,3197 1162,3198 1227,3198 1292,3199 1357,3200 1422,3201 1487,3202 1553,3203 1618,3204 1683,3205 1748,3206 1813,3206 1878,3207 1943,3207 2009,3208 2074,3208 2139,3208 2204,3208 2269,3207 2334,3206 2400,3205"/>
                <TextEquiv>
                    <Unicode>Partitur wird nächstens erscheinen. Man wird dann sehen, wie diese</Unicode>
                </TextEquiv>
            </TextLine>
            <TextLine id="r2l45" custom="readingOrder {index:44;}">
                <Coords points="1077,3265 2427,3254 2427,3206 1077,3206"/>
                <Baseline points="1085,3246 1151,3247 1218,3248 1284,3249 1351,3250 1418,3251 1484,3252 1551,3253 1618,3254 1684,3255 1751,3256 1818,3256 1884,3257 1951,3257 2018,3258 2084,3258 2151,3258 2218,3258 2284,3257 2351,3257 2418,3256"/>
                <TextEquiv>
                    <Unicode>Musik, die (soweit meine Erinnerung reicht) die Dichtung begleitet,</Unicode>
                </TextEquiv>
            </TextLine>
            <TextLine id="r2l46" custom="readingOrder {index:45;}">
                <Coords points="1082,3315 2039,3312 2113,3345 2427,3312 2427,3256 1082,3266"/>
                <Baseline points="1090,3297 1156,3298 1222,3299 1289,3299 1355,3301 1422,3302 1488,3303 1554,3304 1621,3305 1687,3307 1754,3308 1820,3308 1886,3309 1953,3309 2019,3309 2086,3309 2152,3309 2218,3308 2285,3307 2351,3305 2418,3303"/>
                <TextEquiv>
                    <Unicode>sogar im einzelnen oft das Gleiche und mit gleichen Mitteln will wie</Unicode>
                </TextEquiv>
            </TextLine>
            <TextLine id="r2l47" custom="readingOrder {index:46;}">
                <Coords points="1075,3423 1085,3422 1092,3429 1097,3424 1105,3433 1112,3431 1115,3435 1149,3433 1159,3440 1192,3433 1195,3367 1169,3363 1118,3337 1096,3342 1079,3336"/>
                <Baseline points="1084,3407 1109,3407 1134,3409 1159,3410 1184,3411"/>
                <TextEquiv>
                    <Unicode>294</Unicode>
                </TextEquiv>
            </TextLine>
            <TextEquiv>
                <Unicode>box 27/5
Der Schleiender-Pierrette
und anarchisch sei. Sie hat ihre andern Formen und andern Gesetze.
Aber sie vermeidet so vieles, was uns überreif in die Hände gelegt
worden ist. Sie wahrt eine Primitivität, die von der Einfachheit
herkommt, sie findet wieder zu den Wurzeln der Musik. Manchmal
rauscht es wie von einem jungen Weltgefühl in den melancholischen
Linien und Harmonien. Aber in den Linien noch mehr; die Harmo¬
#nien hat man nur besser beobachtet. Von den Linien, vom Zug, vom
Gleiten und Schweben dieser Musik ist eigentlich noch wenig die Rede
gewesen. Es wird manchen entgangen sein, was Pierre Laloy aus der
Zeit der Bildung Debussys erzählt: daß ihn irgendwo im bunten
Osten die Musik der Zigenner so recht ergriffen hat. Das ist auch
eine Musik, die den Wurzeln nahe ist, noch nahe ist, und der Geist,
der in ihr lebendiger glüht, verläßt keinen mehr, der ihn einmal
ersaßt hat. Ihr sanftes Feuer ist in die Klänge Debussys geflossen;
Urtöne vielleicht entzücken uns. Der mußte wahrlich ein Meister
sein, dem sie sich erschlossen, der sie bannen, fühlen, sich aneignen
konnte. Seit diesem Jahr 1902 (neunzehnhundertzwei, wiener Leser!),
da die Oper in Paris aufgeführt wurde, ist eine neue französische
Musik bekannt. Heute ist der Debussysme Schule, Mode und, wenn
man will, Gefahr. In Frankreich weiß man es, die einen freuen sich,
die andern toben, und die Blätter haben Stoff für Enqueten, die
natürlich kaum mehr erreichen als neue Aufmerksamkeit für den
Komponisten. Der ist als Kritiker durch seine Haltung und die
Schroffheit seiner Urteile über frühere, namentlich deutsche Meister,
genug beachtet worden. Aber schließlich waren im Grund doch alle
stolz auf ihn, weil man wieder einen hatte, der dem Ausland als
ein Wahrer französischer Kunst galt, weil jetzt wirklich wieder eine
eigene Bewegung in Frankreich anhub, die sogar die Verbindung mit
den Anfängen der französischen Musik mit Glück gefunden hatte. Was
sie aber drüben nicht wissen, da man es selbst bei uns außerhalb eines
kleinen Kreises kaum weiß, ist eine sonderbare Aehnlichkeit bei Debussy
und bei Schönberg. Zu einer Zeit, da man bei un von Debussy noch
keine Ahnung hatte, versuchte Schönberg sehr Verwandtes, nur daß
er rascher und weiter vorging, die Zusammenhänge der Harmonie in
eine Selbständigkeit der Stimmen auflöste und auf den schützenden
Mantel des romanisch geglätteten Klanges verzichtete, vielleicht auch,
weil so ganz andrer Herkunft, verzichten mußte. Als er noch lange
nicht soweit war, wie er heute gekommen ist, schrieb er eine symphonische
Dichtung „Pellas und Melisande', die einmal, 1905, in Wien auf¬
geführt wurde und ganz unverstanden blieb, während ihr im letzten
Herbst unter Fried in Berlin ein großer Erfolg zuteil wurde. Die
Partitur wird nächstens erscheinen. Man wird dann sehen, wie diese
Musik, die (soweit meine Erinnerung reicht) die Dichtung begleitet,
sogar im einzelnen oft das Gleiche und mit gleichen Mitteln will wie
294</Unicode>
            </TextEquiv>
        </TextRegion>
    </Page>
</PcGts>
