3392 4384
258 126 1465 223 einen Stoff von hohem poetischen Zauber wie packender
265 153 1477 273 Gramatischer Wucht, hier schrien ein Wiener Rechtsanwalt
253 197 1474 315 ein Pextbuch, das an Verbrauchtheit des Sulets wie Billigkeit
268 238 1488 356 der Verse seines gleichen suchen dürfte. Die Schlubszene wird
264 288 1486 394 eingeleitet mit den Worten der jungen Liebenden idle sieh
270 340 1498 453 nicht kriegen solften an das alte, noch auf Liebespiaden er¬
271 375 1508 502 toppte Paar: „Verzeint die Störung, doch Gee Amor macht
278 417 1496 532 die Kunde, Verweigert euren Segen mieit Nuch anderin
274 466 1512 574 Herzensbunde!“ Das ist das Stück. Zum Schluß singt
271 553 823 626 der Verwalter Nuto noch:
552 582 1148 658 „Das sicht woll unders aus —
554 618 1160 696 Doch was kann ich verlieren“
561 676 1132 739 Statt Mist kann übers Jahr
546 712 1092 782 ich Kinderwagen führen!““
285 718 1511 840 Wünschen wir dem Schmied dieser Reime dasselbe! Mit
285 786 1517 905 diesem Text ist es Dohnänvi gegangen, Wie Pnceini mit seinem
287 825 1531 937 zahmen Mädchen aus dem wilden Westen: Es ist ihm nichts
297 883 1526 986 eingefallen. Daher die Verlegenheit der bombastischen Or¬
288 911 1522 1025 chestration dieses überharmlosen Rokokoschwanks. Psycho¬
298 961 1529 1076 logisch absolut erklärlich, und eigentlich für den Komponisten
308 1060 547 1126 sprechend!
388 1048 1529 1173 Die Schnitzlersche Pantomime dagegen hat Dolmanyi zu
308 1116 1530 1222 einer Leistung von hohem künstlerischen Wert angespornt.
309 1147 1527 1260 die in der schon erwähnten Nummer 5 des 37. Jahrgangs ihre
319 1208 1543 1301 volle Würdigung erfahren hat. Es heitt dort in dem Schluft¬
315 1232 1544 1350 passus mit vollem Recht: „Seine Musik macht den Eindruck
311 1279 1538 1406 des Echten, seine Arbeit ist künstlerisch dureh und dureh,
317 1347 1170 1453 Eche Wirkungen snd suek unc liefschen
403 1362 1551 1486 Und nun zur Aufführung seibst! Ueber die Mitwirkenden
319 1423 1543 1521 bei Tante Simonas Herzerweichung kunn im allgemeinen nur
330 1464 1550 1579 Gutes berichtet werden. Louise Marck (Donna Simona).
332 1508 1552 1627 Elcauor Painter (Beatrice), Mizzi Fink (Giacinta),
331 1559 1552 1665 Ernst Lehmann (Graf Floris), Carl Waschmann
334 1593 1544 1704 (Graf Ghino) und Eduard Kand! (Der mistfahrende Haus¬
335 1641 1568 1745 verwalter) stellten ein absolut einwandfreies Können in den
340 1725 852 1813 Dienst dieser Spruplade.
429 1733 1561 1841 Von der Wiedergabe der Pantomime kann ich hier nur
349 1783 1572 1902 mit dem Aueurgel: Jese-höchsten Lobes sprechen, besonders
1139 1828 1541 1902 JO00s0
330 1927 1549 1990 was die beiden Haupipersonen. Pierrol Winar Linden)
323 1996 1547 2038 und Pierrette thisa Galafres) betrift. Das war vor¬
324 2039 1540 2087 hehmste Kunst, das wareh mit Musik durchiränkte desten, Be¬
335 2083 1542 2129 wegungslinien von ganz hervorragender Schönheit. Elsa Gala¬
331 2118 1545 2165 fres war, wie mir berichtet wurde, eine Schülerin von Dal¬
335 2163 1547 2212 croze. Man mag über die Hellerauer Bestrebungen denken,
334 2206 1556 2260 wie man will. hier hat man ein Resultat vor sich, an dessen
334 2253 1555 2298 zwingender Beweiskraft man unmöglich vorbeigehen kann.
331 2294 1555 2345 Um so weniger, wenn man andere Bestrebungen und Leistun¬
333 2339 1547 2401 gen damit vergleicht: etwa das neurasthenische Gehopse der
338 2398 1549 2443 Wiesenthals, oder die kallisthenischen Tänze, die uns neulich
326 2431 1557 2482 im Neuen Schauspielhaus beschert wurden, oder etwa jener
329 2478 1561 2535 „Stil der dramatischen Darstellung“, der auch vor kurzem uns
328 2526 1562 2574 zwei Stunden lang mit konventionellsten Attituden langweilte.
326 2577 1545 2625 und noch manch anderes. Nein, da hatte die Pierette der Eisn
331 2607 1552 2676 Galafres schon ein anderes Giesicht! Das war eine gesunde
333 2651 1549 2704 und köstliche Flüssigkeit der Bewegung, vollendetste Beherr¬
338 2691 1542 2747 schung des Körpers und bei all dem ein suggestives Mit¬
332 2739 1545 2803 erleben der Handlung, so daß man gar nicht Zeit hatte, sich
329 2785 1548 2846 innerlich mit den gehäuften Unwahrscheinlichkeiten der Pan¬
331 2821 1543 2879 tomime zu beschäftigen, sondern sich willenlos von der ab¬
331 2881 1555 2935 soluten künstlerischen Schönheit des Gebotenen mitreißen lieb.
318 2913 1550 2978 Ebenfalls vorzüglich war, wie schon erwähnt, der ergreifende
332 2959 1549 3015 Pierrot Einar Lindens, der, bei aller traditionellen Gefühls¬
335 3003 1554 3059 weichheit dieser Figer, doch nicht in billige Sentimentalitä:
326 3062 1558 3108 verfiel. Auch er verlügt über eine hohe Achtung abnötigende
334 3101 1553 3149 Bewegungskultur. Die dritte Hauptperson, Arlechino, Pierret¬
330 3143 1549 3193 tens Brüntigam (Edwinheyer), war vielleicht der wenigst
327 3178 1545 3237 gewandte Darsteller. Hatte er auch packende Momente, 8o
333 3219 1559 3276 fehlte ihm doch eine gewisse Größe der Linie, der gerade
333 3281 1559 3328 diese Figur nicht entraten kann. Hastige und ungelenke Gesten
337 3310 1551 3369 störten des öfteren die hier bei aller Leidenschaft so nötige
327 3369 1559 3419 Einheitlichkeit. Die kleineren Kollen waren zum größten Teil
331 3402 1551 3466 gut besetzt, wie an manchem Detail besonders in die Augen
334 3446 1555 3498 sprang. z. B. als der rasende Arlechino den Musikanten ihre
327 3489 1563 3557 Irstrumente zertrümmerte. (Uebrigens musikalisch eine äußerst
340 3538 692 3613 geistvolle Stelle.)
412 3575 1547 3641 Bezeichnend und erfreulich war, daß nach dem Fallen des
337 3634 1556 3687 Vorhangs sich verhältnismäßig wenige Hände zum Beifall
331 3683 1550 3735 rührten: so stark war der vereinte Eindruck von Handlung.
335 3724 1553 3777 Darstellung und Musik. Erst allmählich wich der Bann und
338 3761 1552 3832 machte rauschenden Ovationen Platz, die die Hauptdarsteller,
335 3812 1557 3866 den Komponisten und den Spielleiter, Dr. Haus Kaufmann,
340 3858 1611 3913 unzählige Male vor die Kampen riefen. Ausgezeichnet wär——.
344 3897 1560 3968 wieder. Pen man von einigen kleinen Bläsersünden absicht,
331 3943 923 4015 die L.eistung ues 6 sters.
1920 1516 2324 1600 Ausschnitt aus:
2425 1519 3069 1629 Der Humerist, Wien
2190 1553 2437 1644 2 1APfl. 19
1942 1628 2088 1693 vom:
2200 1749 2686 1851 Aus Berlin.
1882 1818 3108 1961 Nach dem verungliclen Pueeini hat man im Deutschen
1759 1950 3093 1998 Opernhaus rasch genug Ernst v. Dohnanyis einaktige Spiel¬
1763 1981 3092 2043 oper „Tante Simona“ und des gleichen Komponisten Pantomime
1777 2034 3099 2104 „Der Schleier der Pierette“ herausgebracht. Herr v. Dohnanyi
1764 2083 3097 2141 mag mit der Aufnahme, die seine Werke bei Publikum und Presse
1771 2129 3115 2193 gefunden haben, wohl zufrieden sein. In dem Operchen, wie in
1771 2187 3108 2243 der Pantomime bekundet der Komponist, daß er ein hervor¬
1758 2229 3107 2301 ragender Instrumentator und ein ganz bedeutender Klangmaler
1763 2283 3099 2364 „ist. Daß Gutenberg ein genialerer Erfinder war, als er, wird er
1762 2332 3103 2394 Cselbst kaum bestreiten. Nur eines bleibt sonderbar: während alles
1766 2376 3104 2437 in Dohnanyi zu starkem, dramatischem Ausdruck zu drängen scheint,
1772 2430 3100 2482 hat er sowohl in „Tante Simona“, wie zum großen Teil auch
1773 2489 3105 2542 im „Schleier der Pierette“ zwei Vorwürfe gewählt, die just für
1771 2532 3103 2584 einen Schreiber zierlicher und gefälliger Musik recht gewesen wären.
1778 2578 3099 2641 Von der Wiedergabe, die beide Werke erfuhren, soll gesagt werden,
1777 2632 3100 2696 daß die Herren Waschmann, Kandl, Linden, Lehmann
1778 2663 3114 2728 und die Damen Painter, Fink, Marck und Galafr#s“
1769 2730 3113 2791 bestrebt Waren, die Intentionen Dohnanyis in weitgehendem Maße
1771 2784 2034 2860 zu erfüllen.
