3344 4384
220 164 1789 239 23. Der Schleier der Pierrette
1272 1210 1607 1298 Telephen 12.801.
713 1370 1370 1468 „CDSERVER
503 1444 1603 1521 1. Seterv. behördl. konz. Unternehmen für Zeitungs-Ausechaltte
695 1501 1445 1576 Wien, I., Conoordiaplatz 4.
908 1555 1242 1623 Vertretungen
519 1599 1619 1659 in Berlin, Basel, Budapest, Chicago, Cieveland, Christianta,
522 1656 1611 1703 Gent, Kopenhagen, London, Madrid, Mailand, Minneapolle,
505 1690 1613 1752 New-Vork, Paris, Rom, San Francisco, Stockholm, St. Peters¬
914 1736 1221 1782 burg, Toronto.
832 1767 1298 1838 eemsllenangabe etee Grwühr!
511 1823 1292 1903 Ausschnitt aus: Beren
681 1890 967 1984 10 11 1910
1078 1894 1529 1984 Morgenausgabe
520 1965 682 2024 vom:
530 2051 1563 2138 * Vom Stadttheater zu Düsseldorf berichtet man
500 2112 1548 2165 Tuns: Die Pantomime „Der Schleier der Pier¬
516 2158 1553 2235 rette“ von Arthur Schnitzler Musik von Ernst
514 2208 1553 2260 Dohnanyi, die ihre L#Gestaufführung gleich¬
504 2238 1568 2318 zeitig mit der Uraufführung von Volbachs „Kunst¬
518 2274 1559 2339 zu lieben“ erlebte, hatte einen stürmischen Erfolg.
507 2319 1564 2379 Die in packende Bilder gebrachte Handlung, die leiden¬
515 2357 1554 2419 schaftliche, die Bühnenvorgänge prägnant illustrierende
517 2406 1560 2458 Musik rissen das — diesem Kunstgenre im allgemeinen
524 2447 1574 2502 fremd gegenüberstehende Publikum — zu lebhaftem!
508 2480 1572 2554 Beifall hin. — Oberregisseur Robert Leffler hatte die
524 2539 1282 2590 Novität auf das Geschickteste inszenjert.
573 2550 1564 2617 Das Düsseldorfer Stadttheater konnte im Früh¬
523 2608 1572 2658 jahr — als Björnsterne Björnson starb, — das An¬
519 2642 1563 2712 denken des Dichters nicht so ehren, wie es dies für
513 2691 1578 2739 würdig hielt, da es gerade am Ende einer Spielzeit##
525 2736 1585 2790 stand. Um dies nachzuholen, veranstaltete die städtische
521 2775 1593 2839 Bühne am 5. d. eine Gedächtnisfeier, für welche die
526 2832 1586 2878 Aufführung des zweiten Teiles des Dramas
531 2851 1574 2917 „Ueber unsere Kraft“ gewählt war. Die Auf¬
522 2888 1578 2946 führung machte einen wundervoll geschlossenen Ein¬
531 2942 1580 3005 druck, die Fabrikantenszene des dritten Aktes wirkte
526 2990 1565 3037 außerordentlich stark. Der maschinelle Teil „klappte“
530 3026 1580 3076 vorzüglich, die Explosion am Schlusse des dritten
523 3054 1577 3121 Aktes bot größtmögliche Naturwahrheit. Die Auf¬
531 3097 1593 3162 führung war von Oberregisseur Béla Duschah plit¬
521 3154 1134 3228 künstlerischem Sinn inszeniert.
1020 3193 1062 3245 2
1937 156 2379 244 box 27/5
2698 384 3089 472 Telephon 12.801.
2815 502 2902 567 —
2132 535 2837 634 — „ODSLHTER
1982 603 3083 707 . österr. behördl.konz. Unternehmen für Zeitungs-Ausschaltte
2118 676 2958 767 Wien, I., Concordiaplatz 4.
2304 752 2752 825 Vertretungen
1987 797 3073 872 in Berlin, Budapest, Chicago, Christiania, Genk, Kopes¬
1991 862 3084 911 hagen, London, Madrid, Mailand, Minneaoolis, New-York.
2027 880 3039 958 Paris, Rom, San Francisco, Stockholm, St. Petersburg.
2327 944 2756 994 (Enallenaagabe ehne Gegühe).
1978 942 3047 1073 Ausschnitt auf Allgemeine Musik-Eeitung
2578 1021 2789 1108 Berlin
1992 1064 2445 1158 vom: 11.71. 1910
2041 1179 2931 1294 Düsseldorfer Opernpremieren.
2307 1271 2696 1349 Von Eugen Honold.
1977 1369 3105 1453 In der städtischen Oper kamen drei Novitäten heraus.
1895 1416 3094 1486 Ueber Léhars „Zigeunerliebe“ kann ich mir weitere Worte
1897 1456 3099 1540 an dieser Stelle sparen. Mehr Interesse beanspruchten
1901 1495 3113 1577 Fritz Volbachs Musikalisches Lustspiel „Die Kunst
2749 1532 3113 1607 HHftzlen Der
1899 1557 2707 1606 zu lieben“ und die Pantomime
1899 1561 3111 1647 Schleier der Piereate“ mit der Müsivön E. von
2196 1622 3112 1679 Volbach'WWwar sein eigener Dichter. Das Kind
1910 1643 2196 1701 Dohnanyi
1914 1657 3110 1740 seiner dichte 181 1oMese ist aber ein schwächliches Krüppel¬
1908 1695 3110 1771 chen geworden. Der Text hat eine verzweifelte Aehnlichkeit
1903 1733 3114 1812 mit dem Barbier von Sevilla, ist harmlos und trivial. Sogar
1913 1770 3119 1858 das: „O. er ist klug und weise“ (Zar und Zimmermann), taucht
1904 1850 2213 1912 mehrmals auf.
1983 1869 3114 1934 Die Handlung spielt im 17. Jahrhundert in Bo¬
1915 1897 3111 1977 logna. Ein aufgeblasener alter Philologieprofessor will seine
1911 1939 3116 2010 hübsche junge Nichte heiraten. Der Liebhaber Giuliettas, der
1911 1970 3134 2051 Student Lorenzo, führt sich als Schüler bei seinem Rivalen
1916 2020 3126 2115 ein, der ihm Ovids ars amandi beibringen soll. Er setzt das
1926 2052 3130 2134 Gelernte in die Praxis um und der geprellte Professor muß
1920 2103 3132 2187 schließlich gute Miene zum bösen Spiel machen. Der Professor
1924 2140 3127 2216 ist eine Buffofigur, die den Dr. Bartolo und den Bürgermeister
1928 2195 3128 2270 von Saardam in einer Person darstellt. Aus ihm hätte man
1914 2220 3125 2293 etwas machen können. Da aber Volbach weder den Geist
1931 2265 3136 2345 und Witz Rossinis noch den jovialen Humor Lortzings besitzt.
1927 2299 3141 2393 so ist eben nichts Sonderliches daraus geworden. Selbstver¬
1930 2340 3133 2421 ständlich ist die Musik nicht schlecht. Dazu ist Volbach ein
1935 2382 3127 2471 viel zu guter und sattelfester Musiker. Da er die Literatur
1939 2414 3135 2515 beherrscht, so meidet er in der Musik etwelche Nachahmun¬
1944 2456 3131 2547 gen, wenn ihm auch einige Anklänge unterlaufen. Zu loben
1943 2510 3137 2574 iet die (bei diesem Stoff allerdings selbstverständliche) Oeko¬
1942 2539 3135 2623 nomie der aufgewandten Mittel in der Orchestrierung, die
1937 2580 3147 2661 meist das rechte Maß hat. Die Erfindung ist mit vereinzelten
1942 2628 3138 2709 Ausnahmen zäh und weder wirklich originell noch packend.
1969 2726 3179 2816 Die Ausnahmen sind ein Ständchen mit anschließendem Liebes¬
1971 2803 3175 2862 duett, und allenfalls das Madrigal der Studenten, die melodisch
1969 2846 3168 2885 ganz ansprechend sind. Die wenigen Chorstellen sind für
1977 2869 3176 2946 Volbach wirkungslos genug. Die Gesamtwirkung ist ziemlich
1966 2905 2142 2970 gering.
2047 2935 3169 3019 Einen ungleich bedeutenderen Eindruck machte die
1968 2992 3166 3057 Musik Dohnanyis zu der Schnitzlerschen Pantomime, die
1965 3023 3175 3097 höchst ausdrucksvoll, sehr charakteristisch instrumentiert und
1957 3086 3174 3134 der Handlung hervorragend angepaßt ist. Eine gewisse
1968 3114 3164 3178 schauerliche Grundstimmung ist stets beibehalten und hält die
1965 3150 3179 3222 schaurige Spannung wach. Dramatische Schlagkraft und be¬
1961 3196 3174 3241 deutende Originalität sind ihre nicht alltäglichen Vorzüge. An¬
1957 3239 3164 3283 klänge an Wagner (Tristan, die Terzengänge aus Siegfried
1961 3278 3168 3334 u. a.) lassen sich zwar nachweisen, stören aber weiter den
1953 3301 3155 3376 vorzüglichen Eindruck nicht. Dieser Eindruck könnte durch
1961 3353 3161 3421 einige Striche noch bedeutend gehoben werden. Es finden
1958 3393 3166 3459 sich einzelne Längen, die der geschlossenen Gesamtwirkung
1953 3444 3158 3488 nicht zum Vorteil gereichen. Beispielsweise wäre der robuste.
1952 3474 3163 3533 flotte Walzer à la Strauß, der die Ueberleitung vom ersten
1945 3522 3152 3574 zum zweiten Aufzug bildet, zu kürzen, ebenso könnte die
1948 3552 3158 3616 Schlußszene von dem Moment ab, wo Pierrette mit dem
1952 3590 3158 3655 toten Pierrot allein ist, einen Strich wohl vertragen. Ein
1945 3633 3161 3695 Meisterstück von Charakteristik schauerlicher Spannung ist
1947 3679 3156 3738 die Tanzmusik auf den verstimmten Instrumenten (eine Art
1943 3703 3145 3781 höchst wirkungsvollen Totentanzes). Beide Werke kamen in
1943 3744 3145 3804 befriedigender Aufführung heraus. Trefflich hielt sich das Or¬
1947 3804 3152 3841 chester unter Fröhlich und Lefflers Regie zeigte
1937 3830 3164 3894 hübsche Bühnenbilder. Unbegreiflicherweise war die Panto¬
1944 3874 3184 3921 mime mit der viel packenderen und großartigeren Musik ang
1943 3905 3137 3978 den Anfang gestellt, was der Wirkung der weit anspruchg
1938 3954 3159 4029 loseren Musik Volbachs entschieden schadete. Das Publik#
1940 3984 2593 4047 nahm beide Werke beifällig auf.
1933 4055 2093 4103 —
1962 4059 2675 4150 e enen eneni r en genen en
