3436 4384
1976 177 2380 274 box 28/
249 203 1825 337 23. Der Schleier der Pierrette
1546 1577 2640 1631 einem starken Konsumrückgange voraussichtlich schon
1555 1666 2649 1734 Sinnen käuft sie ihm nach, Arlechino folgt ihr, sieht in
423 1684 1528 1795 „Tanke Simona“ und „Der Schleier
1551 1718 2640 1770 Pierrots Wohnung, was geschehen ist und übt nun seine
1554 1766 2643 1817 Rache aus: er füllt die Gläser, nötigt Pierrette zum
436 1764 1533 1875 9 ###—der Pierrette“. T93. 10
1548 1818 2641 1871 Trinken und will sie im Angesicht des Toten zu Zärtlich¬
446 1835 1502 1932 Erste Aufführungen im Deutschen Opernhaus.
1551 1865 2647 1924 keiten zwingen. Entsetzt stößt sie ihn von sich. Da geht
1558 1920 2643 1977 er davon und schließt sie ein, und nun kommt der Wahn¬
424 1932 1534 2032 (ante Simona“ ist eine einaktige Oper, „Der Schleier
1547 1960 2641 2031 sinn über sie: sie tanzt, wilder und immer wilder, bis sie
417 1988 1521 2067 D der Pierrette“ eine Pantomime in drei Bildern,
1548 2017 2443 2084 zu Pierrots Füßen selbst tot zusammenbricht.
419 2048 1524 2101 und beide hat Ernst v. Dohnänyi komponiert. Die Pan¬
1594 2043 2648 2122 Die Musik Dohnanyis ist ein wahres Prachtstück, mit
416 2102 1526 2150 tomime erscheint mir als das sehr viel wertvollere Stück;
1551 2108 2642 2167 blühender Phantasie erfunden und meisterhaft in jedem
422 2143 1522 2204 sie hebt sich so weit über die Oper hinaus, daß man
1549 2151 2653 2218 Zuge gestaltet. Vorwiegend Gebärde natürlich, wie das
418 2205 1528 2270 kaum auf denselben Komponisten raten würde, wenn
1548 2214 2639 2271 bei der Musik zu einer Pantomime sich von selbst ver¬
422 2256 1273 2310 der Zettel es nicht ausdrücklich versicherte.
1558 2251 2638 2313 steht, suggeriert sie den Schauspielern fast jede Be¬
466 2309 1525 2367 Artur Schnitzler hat das Gerippe der ziemlich graus¬
1557 2309 2640 2360 wegung, jeden Ausdruck, jedes Mienenspiel; das feine,
1553 2351 2644 2407 durchsichtige Gewebe der Instrumente gibt sozusagen
429 2342 1523 2409 lichen Hand asgebaut. Pierrette ist von ihrer
421 2399 1523 2461 Hochzeit mit Arlechino weg zu ihrem Geliebten Pierrot
1541 2400 2653 2447 den Grundriß, dessen Linien die Darsteller nur zu folgen
1550 2447 2647 2495 brauchen, um verständlich und überzeugend zum Publi¬
420 2451 1530 2505 gelaufen, um mit ihm zu sterben. Sie wollen zusammen
425 2499 1529 2559 den Giftbecher trinken. Pierrot leert ihn auch, sie aber
1555 2495 2649 2544 kum zu sprechen. Die reizvollen Einfälle drängen ein¬
421 2545 1523 2609 findet nicht den Mut und eilt von dem Toten weg zur
1546 2535 2659 2603 ander förmlich, bisweilen zuckt ein Gedanke auf, den
1548 2600 2642 2654 man geradezu genial nennen könnte, wie die hilflos her¬
420 2592 1530 2652 Hochzeit zurück. Hier hat Arlechino vergeblich nach ihr
434 2637 1522 2704 gesucht; sein Toben wird durch Pierrette beschwichtigt,
1548 2641 2650 2700 umirrende Klarinette beim Wahnsinnstanz Pierrettens.
434 2689 1525 2739 aber nicht sein Argwohn; Pierrettens Angst und Ver¬
1559 2686 2650 2756 Und dann kommen Melodien hinzu, die vom feinsten
1554 2737 2651 2788 Geschmack eingegeben sind, der bezaubernde Walzer im
427 2736 1529 2801 zweiflung läßt sie überall den Toten sehen: sie will
425 2783 1527 2846 ruhen — Pierrot schreitet auf sie zu; sie will ein Glas
1549 2790 2656 2847 ersten Bild, mit den Silberfäden der Oboe und Klari¬
423 2834 1538 2901 Wein trinken — Pierrot reicht es ihr; Arlechino vermißt
1556 2835 2644 2891 nette, die Hochzeitstänze im zweiten und anderes mehr.
433 2880 1508 2945 ihren Brautschleier und forscht mißtrauisch nach ihm —
1546 2883 2648 2937 Für den musikalischen Feinschmecker ist diese Partitur
421 2901 2603 2990 Pierrot erscheint und winkt mit dem Schleier. Wie von ein Leckerbissen, wie er ihn nicht oft zu kosten kriegt.
2679 1567 3347 1663 die in ihrem Haushalte für niemg
2716 1666 3349 1728 Die Aufführung war in jedem A
2668 1707 3350 1777 ja, ich glaube sagen zu dürfen, sie
2673 1763 3361 1827 was das Deutsche Opernhaus b
2660 1804 3353 1872 Alles stimmte zusammen, die Dekor
2671 1864 3358 1921 das belebte Spiel der Massen un
2670 1915 3352 1969 steller, das die pantomimischen A
2660 1952 3367 2019 bis auf den letzten Rest erschöpfte
2675 2006 3357 2066 zu nahe zu treten, wird man das #
2671 2061 3363 2109 der Regie des Herrn Dr. Hans K#
2663 2096 3358 2166 müssen. Durch eine ganz ausgez
2674 2148 3366 2215 freute Elsa Galafrès in der Titelro
2676 2204 3363 2258 wegung, kein Zucken des Gesichts
2667 2242 3378 2314 bare übersetzungen des musikali
2676 2301 3366 2355 wesen wären; der Übergang in den
2675 2351 3370 2413 störte, blöde Gesicht, das hysterisch
2668 2386 3337 2450 radezu erschütternd. Sehr gut
2677 2435 3372 2507 Herren Linden (Pierrot) Heyer (A
2683 2481 3373 2555 (Gigolo), und der Komponist, der
2699 2535 3372 2602 führte, bewies, daß er das Orch
2672 2585 3338 2651 herrschen kann wie das Klavier.
2718 2631 3370 2702 Von der „Tante Simona“ sprech
2670 2685 3368 2737 sie hat mir ebensosehr mißfallen, w
2680 2734 3375 2802 der Pierrette“ entzückt hat. Schon
2665 2772 3362 2847 Händel! Eine Harmlosigkeit, die
2680 2833 3373 2898 Steigentesch, Raupach und Kotzebu
2674 2874 3372 2941 früher von ihrem Liebhaber verl
2675 2922 3387 3010 möchte ihre Nichte vor ähnlicher Ent
