3392 4256
2005 76 2468 184 box 27/5
274 65 1853 181 23 Der Schleien der Pierrette
2911 406 3087 497 Nr. 5
627 419 727 506 76
1358 412 2319 502 Rheinische Musik- und Theater - Zeitung.
1863 547 3088 640 ## bezeiehnen ist, und die einzige Stelle ist, die mir
612 550 1849 638 da er ihn schlafend wähnt, rüttelt ihn. Doch kalt
1864 613 3086 692 mißfiel. Nicht als das, was er sein soll, denn der
623 630 1845 700 und steif fällt die Leiche zurück. Voller Haß hebt
1862 678 3088 751 Walzer ist gut und wirkungsvoll, — aber er will mir
621 682 1850 742 der Betrogene den Toten auf und setzt ihn aufrecht
1868 733 3094 797 in den ganzen Stil nicht mehr passen, doch das tut
625 734 1848 799 auf das Sofa. Dann schenkt er sich Wein ein. Höhnt
1869 798 3091 863 ja nichts zur Sache, dem Publikum wird er stets
625 789 1851 866 den Bleichen und winkt seiner Braut. Zur Liebe will
1862 847 3091 922 lieb sein und ein jeder wird sich darauf freuen. Eine
611 847 1845 904 er sie zwingen, doch entsetzt stößt sie ihn zurück
1865 899 3094 966 ausgezeichnet charekteristische Stelle ist die Tanz¬
622 904 1848 977 und sucht Schutz bei Pierrot. Arlechinos Wut wird
1869 962 3088 1021 musik auf den zerschlagenen verstimmten Instru¬
624 955 1846 1028 zum Hohne, er selbst zum Rächer. Mit demütigem
2274 1009 3098 1076 Wie plastisch ist das zweimalige
1863 1009 2289 1079 menten gespielt.
620 1015 1858 1070 Gruße verläßt er das Gemach und schließt Pierrette
1865 1051 3093 1136 „Nein“ Arlechinos durch die Streicher wiedergegeben.
617 1070 1843 1140 mit dem Leichnam ein. Diese rast zur Für, doch sie
1957 1120 3082 1184 Dohnanyi folgt überhaupt den kleinsten phsychi¬
622 1111 1857 1196 vermag sie nicht zu öffnen, zwecklos verhallt ihr Ruf
1866 1169 3095 1237 schen Momenten mit hingebender Liebe und feiner
622 1170 1845 1254 um Hilfe. Aus Angst und Verzweillung bricht all¬
1865 1227 3097 1294 Erkenntnis. Das Zwischenspiel zwischen dem zweiten
624 1230 1849 1306 mählich der Wahnsinn bei ihr aus. Ihre Bewegungen
1871 1279 3085 1343 und dritten Bild stellt für mich den Höhepunkt dar
621 1292 1847 1350 nehmen den Rhythmus des Tanzes an, der immer
1865 1325 3088 1395 und bewies, daß der Komponist auch in neuzeitlicher
625 1334 1845 1412 toller wird, bis sie entseelt zu den Füßen Fierrots
1865 1386 3091 1461 Sprache zu reden weiß, von der er manchmal nicht
617 1376 1855 1466 zusammenbricht. Die Freunde und Freundinnen des
1865 1440 3100 1506 den nötig ausgiebigen Gebrauch gemacht hat. Alles
623 1460 1855 1514 ersten Bildes kehren zurück, sie öffnen die Tür. Im
1866 1504 3101 1562 Gute und Schöne hier einzeln aufzuführen, wäre zu
630 1503 1847 1572 Walzerschritt nähern sie sich den beiden, verbeugen
1864 1557 3093 1620 weitläufig. Daß das letzte Bild etwas abfiel, ist nur
630 1565 1849 1635 sich — und merken erst jetzt, daß in diesem Raume
1869 1601 3098 1679 der Darstellung zuzuschreiben, die uns nicht glaub¬
627 1614 1351 1687 der Tod herrscht. Sie fliehen.
1869 1651 3101 1727 haft zu machen wußte, daß hier alles aus innerem
711 1648 1858 1719 Zu dieser Pantomime hat Ernst von Donanyi
1867 1712 3102 1785 Zwang heraus so kommen mußte. Pierette tanzte
617 1718 1861 1794 die Musik geschrieben. Schon im Anfange vermutete
1875 1768 3098 1832 sich wohl zu Tode, aber warum, blieb ihr wohl
614 1776 1849 1846 man, daß hier ein Tondichter sprach, der in ehrlichem
1873 1810 3099 1886 selbst ein Rätsel. Frl. Tervanis Kunst ist eben
620 1825 1849 1892 Ringen bestrebt ist, die Wahrheit zu sagen und der
1873 1884 3099 1939 nicht groß genug, um zur Ueberzeugung zu werden.
621 1879 1859 1949 sich von phrasenreichem Blendwerk fernhält. Diese
1865 1927 3103 2003 Manches ist ihr gelungen, aber im großen ganzen
618 1925 1859 2010 Hoffnung wurde im Laufe des Abends erfüllt.
1872 1982 3092 2052 waren die Mängel überwiegend. Herr Sost als
619 1988 1863 2058 Ohne gerade ausgesprochene Eigenart zu besitzen,
1868 2048 3100 2103 Pierrot, Herr Trede als Arlechino taten ihr Bestes.
628 2041 1856 2108 ist Dohnanyi doch ein Künstler von großen Quali¬
1872 2091 3098 2156 Frl. v. Chavanne und Herr Nebuschka waren
629 2093 1849 2164 täten. Seine musikalische Linie ist ausgezeichnet, wie
1871 2141 3100 2212 in Nebenrollen beschäftigt. Die Regie führte Herr
628 2153 1856 2235 er zum Beispiel die Mittelstimmen zu führen weiß,
1869 2195 3110 2265 Ballettmeister Berger. Doch warum muß es auf
622 2209 1854 2275 nötigt zu voller Anerkennung. Mancher fein er¬
1871 2250 3100 2320 der Bühne dunkel werden, wenn Pierrot erscheint?
634 2251 1857 2335 dachte Kontrapunkt erfreute, und nicht zuletzt die
1871 2311 3109 2375 Die Anwesenden außer Pierette sollen doch nichts
622 2307 1860 2382 Art seiner Instrumentierung. Wie fein wirkt gleich
1869 2363 3101 2426 davon merken. Auch müßte die Erscheinung durch
630 2362 1859 2421 im Anfange, als Pierrot das Bild Pierettes betrachtet,
1866 2414 3104 2475 Spiegelung gemacht werden und nicht durch abge¬
617 2429 1848 2487 die Klarinette in schmerzlich sehnsuchtsvollem Motiv;
1878 2474 3097 2545 brauchte Theaterkniffe. Wäre es nicht ratsam, vor
626 2483 1848 2546 wie sinnig und vornehm ist der erste Walzer, den
1872 2522 3113 2596 die ganze Bühne einen leichten Gazeschleier zu
628 2525 1860 2592 die Freunde tanzen, wie schön die Solovioline als
1878 2582 2854 2666 spannen, um die Illusion zu verstärken?
619 2583 1853 2652 Pierrot Pierette küßt. Daß bei dem Gifte gestopfte
1964 2621 3110 2700 Zum Schluß das Beste: Herr v. Schuch und
632 2645 1852 2709 Hörner zur Verwendung kamen, durfte man von
1879 2677 3108 2750 sein Orchester waren mit einem Worte unvergleich¬
638 2683 1864 2756 von vornherein annehmen. Das erste Bild mit
1873 2732 3105 2805 lich! Das Publikum nahm die Novität gut auf. Wir
622 2753 1863 2814 traurigen Klängen schließend, führt in den Walzer
1876 2799 3096 2885 können freudig einen größeren Erfolg konstatieren.
631 2786 1854 2853 des zweiten Bildes über. Temperamentvoll ist dieser
2809 2851 3053 2922 F. Lindt.
642 2851 1862 2938 Walzer, der mit dem landesüblichen Wort „Reißer“.
1329 2954 2406 3070 Siegfried Wagners Banadietrich.
1316 3045 2402 3136 Uraufführung in Karlsruhe, besprochen von Proi. C. C. Goos.
1874 3105 3109 3188 mit dem Bösen einen Bund schließt und später in
768 3116 1863 3207 Hor 10 Jahren erlebten wir die Uraufführung
1867 3170 3108 3237 rücksichtsloser Abkehr von der Reue und Versöhnung
783 3186 1854 3247 von Siegfried Wagners Bärenhäuter, und seit¬
1869 3230 3098 3297 den Rat des Freundes, die Botschaft der immer noch
795 3238 1865 3302 her sind alle dramatischen Werke des Dichter¬
627 3258 799 3351 SA
1875 3279 3098 3361 harrenden Geliebten von sich weist, mit Tod und
793 3283 1851 3356 komponisten mit Ausnahme von „Herzog
1886 3335 3112 3400 Teufel unerschrocken kämpft, ja sogar der mahnenden
636 3340 1871 3398 Wildfang“ und „Sternengebot“ hier über die Bühne
1887 3387 3107 3451 Stimme des Herrn seinen Trotz entgegensetzt, bis ihn,
638 3406 1861 3485 gegangen, so auch jetzt wieder zum ersten Male
1879 3440 3102 3500 da er schon mit der wilden Jagd dahinrast, die fern¬
641 3444 1869 3525 „Banadietrich“. Die Dichtung verwertet die bekannten
1877 3495 3102 3566 her erklingende Bitte Schwanweißens zur Umkehr
637 3504 1863 3571 alten Sagen von der Rabenschlacht und dem Verrate
1872 3541 3104 3639 bringt. In den Tiefen des Wassers umgibt sie mit
641 3570 1867 3631 Wittichs, verbindet aber damit spätere Volksmärchen
1886 3596 2768 3675 ihren Begleiterinnen den Beglückten.
642 3611 1871 3687 von dem gebannten, d. h. verfemten Dietrich, der
1965 3639 3103 3720 Diesen Stoff hat nun der Dichter mit allen mög¬
637 3672 1878 3726 wendisch Pan (Herr) Dietrich, das ist eben Bana¬
1876 3709 3096 3776 lichen sagen- und märchenhaften Zügen so sehr be¬
647 3721 1873 3789 dietrich heißt. Der Dichter stellt den Helden als Ver¬
1882 3774 3108 3838 hängt, daß auch die beste Darstellung nicht alles giaub¬
635 3771 1875 3845 #treter übermenschlichen Trotzes dar, der in der Not
1880 3818 3100 3896 haft zu machen vermag, und vor allem der Hörer mehr
646 3837 1878 3899 den Eingebungen des Teufels (Raunerat) folgend die
1877 3886 3103 3949 mit äußerlichem Staunen als wirklicher Teilnahme all
647 3883 1878 3959 geliebte, unschuldige Schwanweiß verstößt, sich von
648 3925 3112 4017 Rannerat zum Frevel am Gottesdienst verlocken läht, den Abenteuerlichkeiten folgt. Dietrich schreckt im
