3392 4384
1953 188 2403 281 box 27/5
231 189 1809 277 23. Der Schleier der Pierrette
648 792 1012 890 Telephon 12.801.
137 861 766 1036 OBSERVER“
138 1021 1016 1096 ördl. konz. Unternehmen für Zeitungs-Ausschnitte
136 1075 850 1163 ien, I., Cencordiaplatz 4.
295 1122 624 1197 Vertretungen
132 1156 1010 1259 el, Budapest, Chicago, Cleveland, Christianis,
127 1224 997 1298 hagen, London, Madrid, Mailand, Minneapolis
137 1267 1007 1347 kris, Rom, San Francisco, Stockholm, St. Peters
289 1298 618 1358 burg, Toronto.
207 1328 691 1416 (Quelienangabe ohne Gewähr).
146 1325 1125 1512 ven anenserse rpet e.
149 1478 437 1640 K
2150 1626 2543 1688 in eine #
3096 1673 3213 1755 D
900 1715 2089 1790 Pantomime sind besser zur Geltung zu bringen, oder auch,
2083 1726 3204 1797 Die Musik selbst läßt sofort die aus den sinfonischen to
145 1710 562 1792 Stadttheater.
917 1760 3212 1814 um die verblüffend wortgetreue Illustrierung der Vor= Chorwerken des Komponisten bekannte Art musikali ein
135 1763 928 1851 r der Pierrette“ Pantomime in
919 1798 3214 1875 gänge durch das Orchester schärfer hervortreten zu lassen. Gestaltung erkennen. Einschmeichelnde Melodien in piße
143 1816 3223 1912 Ernst v. Dohnänyi. Erstauffüh= Jedenfalls überrascht seine Musik zunächst durch ihre ge=tigem Gewande sind reichlich über Gesang und Orchtha
139 1862 2083 1936 nst zu lieben“, komische Oper in waltige dramatische Schlagkraft, welche man dem Kompo¬
2058 1884 3206 1953 verstreut, die als gleichberechtigte Faktoren erscheinen. fel
142 1900 924 1979 Fritz Volbach. Uraufführung.
914 1917 2072 1972 nisten nach seinen bisherigen durchweg lyrisch=romantisch
2064 1916 3212 1992 bei geht Volbach den Gelegenheiten, seine ganze Kude
135 1938 928 2010 ung gelangten am Freitag zwei trotz
921 1951 2072 2005 angelegten Werken nicht hätte zutrauen sollen. Um die ge¬
2066 1971 3210 2040 fertigkeit zu zeigen, nicht aus dem Wege, wie beispielswe#,
124 1984 929 2053 ten inhaltlich wie musikalisch grundver¬
912 1999 2068 2060 wollte Wirkung zu erreichen, schreckt er vor keinem noch so
2060 2007 3211 2059 in dem Duett und Quartett des ersten, sowie dem groß
127 2019 924 2091 eier Komponisten, die damit zum ersten
923 2038 2067 2099 gewagten Mittel harmonischer und orchestraler Art zurück.
2068 2048 3216 2112 Ensemble des zweiten Aktes. Auch die komischen Partie
131 2060 931 2111 eschreiten: „Der Schleier der Pierrette“
910 2082 2065 2131 Dazu treten als Kontrastwirkung die köstlichsten Tänze, so
2055 2087 3214 2160 werden musikalisch ganz köstlich illustriert. Am innigstig
144 2103 919 2190 nyi und „Die Kunst zu lieben“ von Fritz
914 2116 2077 2180 ein wirklich idealer Wiener Walzer und als Verbeugung
2062 2115 3209 2172 aber gibt sich die Musik in den breit dahinströmenden Li¬
918 2153 2073 2210 vor der Heimat ein wilder ungarischer Stampfer. Diese
2064 2169 3223 2224 besszenen. Infolge der seinen Arbeit und der durchsichtt
137 2185 931 2245 s ersten Stückes stammt von Artur
916 2192 2060 2250 Vorzüge in Verbindung mit dem melodischen und rhythmi¬
2059 2209 3233 2280 gen melodischen Linien bleibt das musikalische Bild immei
128 2231 2072 2294 n Drama „Der Schleier der Beatrice" schen Reichtum stempeln Dohnänyis Musik trotz handgreif¬
2054 2236 3022 2300 klar und läßt sich infolgedessen leicht einprägen.
136 2277 2076 2339 n Ort und Zeit (Wien zu Beginn des licher Anlehnungen an Wagner zu einer sehr wertvollen.
2095 2270 3224 2331 So haben wir ein textlich wie musikalisch gleich anspruchs¬
143 2311 2060 2370 für den Komponisten eigens zurecht= Alles weist darauf hin, daß in dem Komponisten ein dra¬
2066 2322 3225 2396 loses, liebenswürdiges Werkchen vor uns, dem schon mit
143 2357 2064 2419 uf drei Akte verteilte Inhalt ist grausig matisches Talent ersten Ranges steckt, welches hoffentlich
2057 2360 3227 2435 Rücksicht auf seine der leichten Musik niederer Art entgegen¬
147 2389 932 2446 Pierrot sitzt trübselig in seinem Zim¬
927 2391 2063 2473 recht bald mit einem wirklichen Bühnenwerke vor die Oef¬
2065 2403 3231 2453 tretende Tendenz längere Lebensdauer zu wünschen wäre.
135 2424 921 2486 mütig an die liebliche Pierrette, welche
912 2423 1260 2507 sentlichkeit tritt.
2061 2452 3236 2516 Für „die Kunst zu lieben“ besteht die Kunst zu leben vor
138 2465 833 2534 Arlechino gezwungen die Hand
947 2471 2072 2540 Von ganz anderem Holze ist Volbachs „Kunst zu
2056 2483 3241 2538 allem darin, daß sich ein passendes Gegenstück findet um
132 2495 922 2577 m Hochzeitsmahl eilt sie zum Geliebten
919 2507 2078 2590 lieben“ deren Inhalt kurz angeführt sei: Der auf sein
2067 2517 3234 2584 den Abend zu füllen. Auf die Dauer lassen sich die krassen
146 2545 928 2608 ihm einige süße Stunden, in deren
923 2558 2013 2613 Wissen nicht wenig eingebildete Professor Niccolo — d
2063 2560 3237 2626 Gegensätze der nicht einmal äußerlich zusammengehörigen
131 2578 935 2659 chaftlich zu sterben beschließen. Während
911 2584 2059 2653 Handlung spielt zu Bologna im 17. Jahrhundert — möchte
2067 2602 3204 2672 Werke von Volbach und Dohnänyi schwerlich vereinigen.
141 2620 2070 2704 inunterstürzt ist bei Pierrette der Le= seine Nichte Ginlietta heiraten und hütet sie daher ängstlich
2089 2641 3221 2697 Die Aufführung beider Neuheiten war vorzüglich. Die
133 2669 2070 2738 Entsetzt von dem Anblicke des Toten, eilt vor der Zudringlichkeit der Studenten, die ihn überdies
2059 2665 3226 2747 besonderen Schwierigkeiten des „Schleiers der Pierrette“,
129 2700 2062 2790 ung ihres Brautschleiers davon. In= durch ihren Gesang in seinen Arbeiten stören. Der Student
2054 2721 3232 2793 die Worte durch eindrucksvolleres Spiel überhaupt, beson¬
137 2738 2081 2795 der Hochzeitsgesellschaft und Arlechlno Lorenzo, der längst den Weg zum Herzen Ginliettas ge¬
2055 2768 3226 2833 ders aber durch gesteigertes Mienenspiel zu ersetzen, wur¬
128 2776 2072 2851 den. Als sie endlich wiederkehrt, er= funden hat, weiß sich Eingang in Niccolos Wohnung zu
2066 2804 3233 2871 den glücklich überwunden. Hier verdienen gleiches Lob
129 2833 930 2884 stsaale der tote Pierror dreimal. Dem
915 2843 2062 2901 verschaffen und besänftigt den Zorn des Professors, indem
2061 2850 3235 2898 [Julius Barré (Pierrot), Martha Esche (Pier¬
132 2865 926 2936 tigam ist ihre Verstörung nicht entgan¬
924 2874 2079 2941 er sich den Anschein eines wissensdurstigen Schülers gibt.
2057 2882 3232 2946 rette), Konrad v. Zawilowski (Arlechino), Ernst
135 2905 932 2965 ch bemüht, recht harmlos zu erscheinen.
925 2918 2068 2979 Niccolo führt ihn denn auch sofort in seines Lieblings¬
2047 2919 3221 2992 [Bedau (Pierrettens Vater) und Marie Sieg (Pier¬
138 2951 3221 3016 s Fehlen des Schleiers bemerkt, zwingt dichters Ovid „Kunst zu lieben“ mit solcher Gründlichkeit rettens Mutter), sowie Eugen Albert, Paul Le¬
147 2993 2072 3058 Zimmer des Toten zu führen. Hier wird ein, daß die Praxis hinter der Theprie bald nicht mehr zu¬
2065 3004 3232 3062 noit, Auguste Reibold und Frieda Hock in
143 3038 2064 3088 lt klar. Aus Rache schließt er Pierrette rückbleibt. Als er Lorenzo in einer Sommernacht mit Gin¬
2056 3048 3242 3102 kleineren Nebenrollen. Aehnlich gelang auch Voldachs
136 3054 2072 3129 die er erst in die Ecke des Sofas gesetzt lietta erwischt hat, muß er schließlich den ob des Lärms
2059 3090 3260 3141 „Kunst zu lieben“. Hier wären ebenfalls gleich rühmend
160 3109 930 3187 wird Pierrette wahnsinnig und tanzt
913 3107 2072 3174 herbeigeeilten Bürgern und Studenten eingestehen, daß
2063 3118 3233 3185 zu erwähnen der humorvolle Niccolo von Gustav Wa¬
137 3139 518 3213 Maserei zu Tode.
926 3153 2073 3222 sein Schüler Ovids Lehre nur zu gut begriffen habe und
2062 3163 3228 3221 schow. der listige Lorenzo von Robert Hutt, die rei¬
140 3181 933 3262 ist nur, daß Schnitzler aus diesem In¬
911 3201 2070 3268 fügt sich in den Verlust seiner Nichte. mit Rücksicht auf die
2057 3198 3220 3260 zende Giulietta von Hermine Fröhlich=Förster
124 3219 940 3314 ne und nicht ein Drama gemacht hat.
915 3234 1819 3308 Wissenschaft, die immer Sieger bleiben muß.
2057 3244 3212 3309 und die wackere Barbara von Magda Spiegel. Der
124 3276 933 3336 che im Urbilde, dem „Schleier der Bea¬
942 3275 2075 3343 Dieser für zwei Akte etwas dürftige Inhalt verarbeitet
2067 3279 3226 3352 Chor sang überraschend gut und wird wohl in den nächsten
140 3303 929 3369 unklaren Beweggründe der aus Laune
917 3304 2076 3390 das nicht gerade neue Motiv des von dem jungen Lieb¬
2069 3312 3239 3373 Aufführungen noch mehr Fühlung mit dem Kapellmeister
136 3349 941 3416 n schon so schwer verständlich ist wurde
929 3353 2069 3418 haber an der Nase herumgeführten alten Narren mit so
2059 3360 3218 3429 bekonmen. Alfred Fröhlich leistete mit seinem vor¬
133 3388 927 3452 hkeit entschieden gewonnen haben, und
910 3396 2077 3461 köstlicher Verquickung der Ovid=Episode, daß die humor¬
2061 3394 3223 3459 züglih eingespielten Orchester Bewundernswertes. Das
140 3425 922 3499 eitig das besonders peinigende Gefühl.
915 3440 2073 3501 volle Handlung sich ganz von selbst ergibt. Da Volbach den
2059 3432 3206 3501 gleicke gilt auch von der Spielleitung Robert Leff¬
140 3469 3219 3556 iden zu sehen, vermieden worden. Viel jreizvoll dahinfließenden Tert selbst gedichtet hat, so ist dieslert. Das beifallsfreudige Publikum ruhte nicht eher,
161 3503 3131 3557 selbst den Dichter dazu veranlaßt, umUebereinstimmung des letzteren mit der Musik so glücklich, als #is beide nebst Volbach auf der Bühne erschienen.
154 3543 1816 3622 ja die wichtigsten Bestandteile einer daß das ganze wie aus einem Guß dasteht.
2994 3562 3186 3639 A. P.
2817 4095 3019 4179 .
1726 4103 1910 4191 —
