3344 4384
217 146 410 257 23.
1942 141 2378 244 box 27/5
407 152 1784 253 Der Schleiender-Pierrette
1374 1386 1632 1497 gennen
1413 1433 2937 1535 betydelig Rolle i evropeeisk Poll-Fiige Fornoid e, ae-Rauiner
638 1449 1414 1539 gen, der er resulteret i, at man har
2170 1508 2936 1594 lcrede er splidagtigt med sig selv,
652 1517 1417 1590 maattet tilkalde en Skuespiller til
1415 1526 2167 1601 tik. Krigsfarerne skal flere Gange
2969 1453 3303 1617 S
638 1578 1404 1632 at udfere Harlekins Rolle. Denne
1408 1590 2927 1652 have haft deres Stormcentre her-og Krigsministeren, Berteaux,
642 1627 1411 1695 Pantomime er en af de interessan:
1416 1629 2943 1723 nede, og medens der storpolitisk holdt til med Jaurès og de yderlig¬
651 1676 1420 1734 teste Opgaver, der i lange Tider,
2178 1699 2926 1770 gaaende Partier; det var ham, der
1428 1702 2182 1778 synes at veere kommen Ro om
652 1719 1414 1794 baade i Retning af de Krav, der
1424 1747 2929 1821 Spergsmaalet, har det i den senerohavde inspireret „Matin“, men
640 1775 1418 1845 stilles til Instruktion, Isceneset¬
1419 1820 2944 1886 Tid spillet en Rolle i fransk Par-Ikom til atstaa alene med det.-He¬
650 1824 1413 1909 telse og Udferelse, er stillet Bal¬
2183 1858 2933 1936 le Pressen har i Virkeligheden
3047 1835 3303 1949 1000
1410 1876 2166 1952 titaktik. Ogsaa her er det Lan¬
653 1878 1417 1949 letten, og man maa haabe, at Eks
2172 1919 2936 2002 stettet Regeringen, og Jaurès har
642 1932 1208 2002 perimentet maa lykkes.
1415 1930 2174 2019 dets anarkistiske Tilstand, med
3008 1928 3307 2030 Kladning
699 1985 1411 2046 Der vil sikkert blive tvistet me¬
1426 1968 2931 2059 Nodvendigheden af Indblanding,alene skummet i ensom Majesteet,
3024 2013 3305 2097 12—15—18—2
657 2034 1413 2109 get om Betimeligheden af Opferel¬
2167 2035 2929 2123 kreevet Interpellation og Interpel¬
1434 2050 2005 2131 der ger Tingene brogede.
3097 2067 3296 2130 28—30—
656 2088 1427 2159 sen af denne Pantomime, men det
2157 2084 2943 2175 lation straks, eiler at Regeringen
3015 2104 3309 2210 500 Dreng
649 2134 1435 2203 maa 1 hvert Fald paaskonnes, at
2177 2161 2928 2246 i hvert Fald ikke bandt sig til no¬
650 2181 1429 2258 Direktichen har besluttet at brin¬
1465 2186 2183 2279 Det er „Le Temps“, der
3162 2187 3297 2287 send
2179 2213 2932 2296 gen Politik forinden — alt for¬
647 2228 1429 2299 ge den frem, da det er et Arbejde.
661 2264 2177 2359 der Verden over har vakt Opsigt, Istadig har drevet paa med Bevil¬
2172 2275 2360 2374 geeves.
3150 2269 3309 2352 et sto
654 2334 2183 2416 Anerkendelse og Kritik. Som det linger til Marokköpolitiken og
3021 2334 3302 2403 Christian
3086 2384 3310 2463 Gother
656 2374 2195 2464 fremgaar af det foregaaende, er delsom virkelig har faaet et treegt
2219 2395 2934 2511 Hvordan et Ministerium kan
659 2439 2196 2495 Fordringer, Opgaven stiller til de Deputeretkammer med. De Kul¬
666 2487 1425 2565 Udferende, i mange Henseender
3012 2456 3288 2569 Sodrings
1426 2483 2946 2564 turopgaver, Frankrig har i Ma-holde det gaaende, i hvis Forhold
663 2550 1414 2619 saa ualmindelige, at man maa haa
1432 2542 2937 2626 rokko, maa ikke opgives, saadanman faar saa idylliske Indblik,
663 2597 1422 2668 be, at det store Arbejde, der maa
2185 2596 2937 2678 skal Tiden vise. Hensigten med
1429 2611 2190 2698 led det Kampraab, der forte Kra¬
664 2646 1421 2707 vere gaaet forud, ikke forbliver
1436 2659 2943 2742 vet igennem. Nu er der ogsaa den omtalte Finansaftale er ellers
654 2701 1428 2772 spildt; hvis Opferelsen bliver“en
3176 2698 3233 2777 P
3013 2661 3145 2774 F
1437 2718 2950 2813 kommen Spergsmaalet om, hvor-sendelig at gore det muligt for
658 2740 1427 2815 kunstnerisk Seir, vil forhaabentlig
2967 2754 3041 2833 For
3079 2764 3167 2823 ng (
1436 2775 2948 2856 vidt der skal sendes en Straffecks-[Sultanen at regere i sit eget
3219 2761 3308 2859 105
3109 2811 3199 2858 str.
667 2798 1422 2869 den sidste Modstand mod den stum¬
1431 2832 2951 2927 pedition mod Zaer-Stammen, der Land. For en Uges Tid siden
659 2843 1423 2909 me Kunsts Berettigelse blive brudt,
3203 2848 3307 2934 na
2969 2844 3070 2941 O
661 2898 1418 2970 saaledes at Pantomimen kan aner¬
1432 2903 2937 2977 1 Januax Maaned overfaldt en meldtes der om en Seir, hans Trop¬
2963 2920 3181 2981 og Tilbehe
668 2950 1429 3010 kendes som en Kunstart, der er
2960 2965 3310 3022 over de Fordele,
2162 2962 2939 3046 per under franske Officerers Le¬
1432 2965 1824 3040 fransk Kolonne.
668 2994 1444 3076 fuldt veerdig til at staa ved Siden
1480 3019 3300 3096 „Ly'Temps“ har paastaaet, atidelse havde vundet over Oprerer-I H. Timman, H
663 3050 1291 3145 af det reciterende Skuespil.
2994 3068 3307 3120 Grundl. 1862.
1426 3053 2958 3165 den Ay Regering under Paaskudi ne, der nu svandt bort som Sne 1
3024 3105 3301 3158 Cyele- og Su
1052 3107 3031 3227 Price de Plane. Jaf. At Sultanen sclv har lovet at April. Nedenfor skildrer et Tele-lg
1049 3184 1176 3253 —
