3344 4352
2016 138 2431 228 box 27/5
274 153 1850 235 23. Der Schleiender Pierrette
172 1030 840 1126 tragen. Mademoiselle Rigolboche,
1209 1072 2549 1153 Debussy. Bewegung denn auch hier! Aber da Schönberg in Wien
178 1107 844 1157 igweilig genug, um jemals einer
1201 1122 2550 1201 haust, weiß man über ihn wenig mehr, als daß es bei seinen Auf¬
164 1161 832 1218 hen zu können. Und an ihrem
1208 1184 2547 1254 führungen gelegentlich Skandal und hinterher gedruckten Unfug gab.
171 1197 833 1271 thenden Saiten der Leier zu grei¬
1300 1226 2549 1298 Die Aufführung? Bruno Walter hat diese Musik, die er nur
165 1251 839 1320 umssängern unsrer Presse schon
1192 1288 2543 1350 achten konnte, mit der größten Sorgsalt und Aufopferung studiert, zu
177 1300 845 1369 in diesen Memoiren zwar mehr¬
1200 1323 2542 1379 einer Zeit, als ihn Krankheit und Tod seines Freundes Mahlers aufs
172 1345 846 1419 u sein, aber vorsichtigerweise kein
1195 1380 2547 1450 tiefste angegriffen. Auf der Bühne war Frau Gutheil als Melisande
1198 1429 2546 1499 und Hofbauer als Golo schöpferisch. Die Szenenbilder, durchaus gut
163 1439 833 1526 e Pflicht, etwas für Mademoiselle
1190 1486 2546 1529 und oft mehr als das, sind in Berlin bekannt. Ich muß aber be¬
158 1505 824 1574 die, wie ich befürchten muß, ohne
1200 1525 2542 1588 kennen, daß mich manche Beleuchtungen und Farben, in der Szene am
169 1563 837 1628 aussähe. Die Nachwelt flicht ja
1202 1577 2540 1648 Brunnen auch manches realistische Zuviel gestört hat. Doch verdiente
164 1605 830 1678 hen Kränze — wie käme sie dazu,
1196 1626 2536 1684 Gregors Regie großes Lob, und das Ganze war so, daß man nach
188 1658 831 1734 zu tun! Herr Hinz und Kunz
1196 1677 2542 1730 langer Zeit (den „Rosenkavalier ausgenommen) wieder auch etwas zu
162 1711 828 1778 neusen — wie kämen sie dazu, zu
1196 1729 2533 1778 schauen hatte. Noch einmal: ein sehr schöner Anfang. Aber ein An¬
185 1758 834 1840 unbeschmutzbar reine Geist der
1195 1776 2529 1824 fang nur, und vielleicht kein ganz kluger. Denn Gregors stärkste
1196 1823 2540 1874 berliner Leistung ist damit gezeigt und zu einer Zeit (im Mai) gezeigt
1191 1879 2545 1944 worden, in der man in Wien doch nicht mehr die rechte Aufmerksamkeit
171 1860 831 1948 Berufs meiner Heldin leider nicht
1186 1920 2534 1994 dafür hat. Dreimal wurde die Oper bei schwachem Besuch gegeben;
184 1925 827 1998 , wie sehr ihr das in den Augen
1191 1975 2540 2033 dann sollte sie abgesetzt werden. Zum Glück folgte noch eine vierte und
173 1980 820 2051 l ich gleich ein Uebriges tun und
1192 2016 2539 2095 fünste Vorstellung. (Sie wird, mit Vorsicht, noch immer zu halten
158 2023 821 2096 boche nicht so leicht Unrecht tun
1193 2074 2208 2129 sein.) Und dann schloß die Hofoper ihre Spielzeit.
211 2071 823 2144 sehr übel denkt. Des alten
1279 2122 2534 2188 Nun ist sie wieder geöffnet, und es sind neue Pläne bekannt
157 2116 811 2192 Tänzerin sein könne, ohne tugend¬
1180 2171 2534 2240 geworden. Darnach scheint es, als wollte Gregor allmählich seine
196 2178 822 2236 Damen der alten feierlichen
1174 2228 2532 2280 besten berliner Vorstellungen hierher verpflanzen. Man kündigt „Don
157 2225 814 2293 hinnen des Casino-cadet und der
1183 2266 2523 2334 Pasquale“ und eine neue Inszenierung von „Carmen' an. Sehr gut.
179 2279 814 2347 darauf. Und Rigolboche eben¬
1190 2317 2521 2371 Aber das kann doch, von Neuheiten abgesehen, nicht der ganze Ka¬
158 2322 814 2399 chologiewütigen zwanzigsten Jahr¬
1188 2361 2519 2435 lender sein? Es sind Aufgaben da, und sie drängen gerade in die
158 2385 823 2444 blen second empire, hat niemand
1174 2414 2521 2486 Richtung, aus der bisher kein Laut gekommen ist. Man hungert
160 2428 825 2496 drenen“ herausgegeben, sondern sie
1173 2472 2525 2523 nach Mozart, den Weingartner, ein Mozartschwärmer in Feuilletons,
173 2482 814 2546 alles andre vergessen macht, mit
1169 2522 2513 2575 nicht spielen ließ; denn Rollers Inszenierungen waren ihm Experi¬
147 2527 814 2589 mentalität, der der Gedanke an
1171 2576 2522 2639 mente, er selbst fand aber weder Mut noch Kraft, andres zu geben.
162 2580 809 2634 und im übrigen mit einem aus¬
1176 2604 2516 2658 „Fidelio“ ist halb zerstört, Gluck so gut wie unbekannt, Weber eine Ver¬
158 2625 823 2699 it fünfzehn Jahren vom „Pfad der
1179 2665 2519 2725 legenheit, Verdi gelegentlich eine Ausstellung schöner Stimmen, und
150 2674 518 2751 eiter mit ihr kam.
1170 2715 2518 2784 die Spieloper, die manche immerzu verlangen, scheitert an dem großen
146 2728 803 2800 Wert oder Unwert hinaus haben
1171 2771 2523 2834 Haus. Und Wagner? Rienzi, Holländer, Tannhäuser und Meister¬
177 2792 810 2864 ausgesprochen kulturhistorisches
1181 2817 2516 2883 singer, besonders aber die ersten drei, sind von Grund auf zu er¬
144 2842 812 2910 ig des vergnügungslustigen Paris
1167 2867 2510 2933 neuern. Der Ring ist wenig einheitlich und die Spuren des früheren
144 2888 818 2954 h der zahlreichen Lokale, in denen
1167 2909 2510 2970 Regimes wären namentlich aus der Götterdämmerung zu entfernen.
161 2939 806 3013 diese kleine Tänzerin mit einer
1178 2965 2519 3037 Also Arbeit in Fülle, Arbeit von Grund auf, Arbeit für Jahre hinaus.
161 2986 808 3064 viel Esprit, daß man trotz ihren
173 3041 812 3113 ist, ihre Antorschaft für eine
1252 3053 2503 3129 Dies war geschrieben, als wieder eine, nein gleich zwei „Affairen“
152 3092 815 3161 für die Sensation des Augenblicks
1173 3109 2510 3180 begannen. Das Publikum mußte durchaus durch die Zeitungen er¬
155 3135 804 3214 1 man hinter ihren schreibelustigen
1175 3153 2503 3229 fahren, wann Fräulein Forst und Frau Weidt „Respekttage hatten, das
153 3197 820 3260 ané von der „Indéne ance Belge“
1169 3211 2506 3290 heißt: Tage, vor denen eine gewissenhafte Nachrichtenpresse keinen Re¬
2370 3324 2504 3396 295
