3392 4256
2086 138 2533 235 box 27/5
361 140 1923 227 23. Der Schleier der- Bierrette
1901 506 2330 575 ——
2254 566 2355 612 —
1707 592 2708 683 führten Szenen lassen zwar reichlich die Möglichkeit zu,
1699 645 2696 747 durch geschlossene Nummern Ruhepunkte in die Bewegung
1703 701 2686 771 zu bringen, aber sie sind nicht Selbstzweck, sondern ordnen
1706 749 2691 823 sich willig dem Drama unter, das in seiner reinen Mensch¬
1697 793 2692 877 lichkeit dem Hörer nahe geht. Pierrot, Pierrette und Arle¬
1708 852 2682 914 quino bedeuten nichts anderes als Symbole oder Typen,
1696 890 2693 978 die jeder kennen lernt, der ins volle Menschenleben sehen¬
1693 939 2680 1021 den Auges schauen will. An der Aufführung waren unsere
1694 1008 2689 1072 ersten Opernkräfte beteiligt. Von Herrn Waschmann
1691 1038 2674 1109 wissen wir ja längst, daß er alle seine Rollen auch dar¬
1702 1088 2686 1172 stellerisch immer sehr geschickt anpackt. Drum war es von
1700 1148 2682 1234 vornherein sicher, daß er den unglücklichen Pierrot ergrei¬
1697 1187 2669 1253 fend mimen werde. Prachtvoll anzusehen war der Arle¬
1687 1245 2671 1319 quino des Herrn Winkelmann. Das Dämonische des
1685 1282 2672 1350 von wildester Eifersucht und Rachegier erfüllten und um
1696 1331 2667 1413 sein Eheglück betrogenen Ehemannes brachte er überzeugend
1685 1392 2675 1467 zur Geltung. Sehr wesentlich wurde er dabei durch sein
1693 1434 2668 1513 stilvolles Kostüm unterstützt, das anzusehen ein Genuß für
1691 1486 2668 1551 sich war. Ausgezeichnet hat sich Fräulein Nigrini als
1686 1535 2665 1616 Pierrette gehalten. Stellt die Rolle schon an die Physis
1094 1543 1254 1627 Oper.
1692 1583 2660 1661 der Darstellerin ganz bedeutende Forderungen, so ist es
744 1590 1660 1689 Der Schleier der Pierrette.“) Susannens
1680 1633 2666 1690 nicht weniger leicht, sie geistig auszugestalten. Fräulein
662 1646 1655 1731 Geheimnis. Am 18. August, dem Geburtstage unseres
1679 1682 2652 1752 Nigrini hat sich nach beiden Richtungen vortrefflich be¬
670 1708 1652 1788 Kaisers beginnt in Prag in der Regel die Opernsaison Auch
1678 1744 2659 1811 währt und gezeigt, wie verwendbar sie auch in Rollen ist,
677 1761 1652 1822 heuer fallen die ersten Premieren auf diesen Tag und es ist ein
1677 1777 2654 1859 die weitab von ihrer eigentlichen Domäne liegen. Die
676 1822 1651 1884 eigenes Spieldes Zufalles, daß die Festvorstellung heu er durch
1667 1823 2654 1906 Wahnsinnsszene noch etwas dämonischer auszugestalten,
674 1856 1647 1935 die Wahl der für die Aufführung bestimmten Werke äußer¬
1680 1884 2659 1963 mag sie für die bevorstehenden Wiederholungen bemüht sein.
675 1914 1658 1982 lich genau der des Vorjahres glich. Voriges Jahr Robert
1757 1927 2645 2012 Den Beschluß des Abends bildete der Einakter Wolf¬
662 1954 1654 2018 Kontas Tanzpoem „Der bucklige Geiger“, heuer Ernst von
1671 1978 2650 2041 Ferraris „Susannens Geheimnis“. Musikalisch eine der
670 2015 1652 2080 Dohnanyis Pantomime „Der Schleier der Pierrette“, vori¬
1671 2031 2658 2117 entzückendsten Komödien der letzten Jahre. Und kann nicht
671 2071 1657 2119 ges Jahr Adams Einakter „Der Torreador“, heuer der
1676 2085 2662 2153 gleich den Weg über alle deutschen Bühnen finden! Auch
675 2106 1652 2175 Einakter von Wolf=Ferrari „Susannens Geheimnis“. Diese
1667 2130 2654 2193 hier ist der Mann der Eifersichtige. Aber die Eifersucht des
661 2152 1652 2226 beide Novitäten verdienen es, gekannt und aufgeführt zu
1677 2183 2652 2255 Grafen hat nichts von Tragik an sich. Man weiß, daß hier
667 2208 1648 2261 werden. Ernst von Dohnanyi müßte als Komponist eigent¬
1675 2229 2651 2299 sich alles noch zum Guten wenden wird, daß der Sturm,
659 2260 1651 2328 lich besser gekannt sein als dies tatsächlich der Fall ist,
1668 2276 2643 2346 der bevorsteht, nur der Sturm im Wasserglas ist. Und so
664 2315 1644 2369 denn er hat die Musikliteratur und namentlich die Kammer¬
1660 2322 2648 2399 ist es in der Tat. Des Grafen empfindliche Nase wittert
663 2359 1648 2429 musik um manches wertvolle Werk bereichert, hat preisge¬
1672 2376 2645 2453 im Boudoir seiner Gattin Zigarettenrauch, der nach seiner
654 2408 1649 2476 krönte Symphonien und Lieder geschrieben und doch zählt
1660 2427 2645 2500 Meinung nur von einem Nebenbuhler herrühren kann, mit
659 2454 1634 2521 er, der jetzt in Berlin als Professor an der Kgl. Hochschule
1661 2468 2642 2551 dem ihn die Gräfin betrügt. Aber bald erkennt er, daß er
657 2512 1635 2565 für Musik wirkt, ungerechterweise nicht nach Gebühr mit.
1654 2514 2634 2585 seiner Gattin Unrecht getan. Denn die Gräfin selbst ist
663 2549 1636 2629 Daß er nicht zu den Findern neuer Pfade, zu den Weg¬
1663 2585 2629 2651 es, die sich die Zigarette zur Freundin erkoren hat. Dieser
654 2611 1640 2670 weisern in die Zukunft, aber doch zu den talentiertesten
1656 2624 2643 2708 an sich ja ganz harmlosen Handlung, die Golisciani nach
656 2654 1637 2729 unter den jüngeren schaffenden Musikern gehört, ist eine
1662 2674 2637 2748 dem Fränzösischen erfunden und Kalbeck meisterlich ins
646 2703 1634 2770 Tatsache, die neuerdings durch die Vorzüge seiner Panto¬
1655 2725 2640 2788 Deutsche übersetzt hat, müßte man nur eine etwas knappere
645 2753 1640 2829 mime erhärtet wird. Er hat Einfälle, die einprägsam und
1661 2762 2638 2842 Fassung wünschen. Bei aller Unterhaltsamkeit wickelt sie
646 2805 1636 2860 bildungsfähig sind, seine Melodien sind festumrissen, sein
1661 2823 2627 2898 sich doch mit viel größerem Behagen als Witz ab. Aber
643 2854 1628 2907 Kontrapunkt verrät Gewandtheit und seine Art zu instru¬
1650 2875 2633 2943 die Musik Wolf=Ferraris, diese glückliche Kreuzung von
652 2904 1629 2967 mentieren lebhaften Sinn für Farbenmischung. Der Alt¬
1654 2925 2625 2984 welscher Sinnenfreudigkeit und deutscher Biederkeit, ver¬
645 2950 1630 3019 Wiener Stil gelingt ihm ganz ausgezeichnet und nur ein¬
1658 2963 2621 3035 söhnt mit allem. Schon die reizende Ouverture ist ein
655 2998 1620 3065 mal glaub ich, fällt er aus dem Stil heraus: Beim Walzer,
1645 2986 2623 3087 entzückendes Plauderstückchen, das einen sogleich in die
644 3040 1617 3114 der vom ersten zum zweiten Bild hinüberleitet, der ganz
1647 3076 2629 3132 Stimmung versetzt. Leider hat die Aufführung nicht befrie¬
645 3088 1619 3165 im Stile von 1890 gehalten ist. Daß der Schleier der
1644 3106 2625 3190 digen können. Bei allen Vorzugen, die man billigerweise
638 3142 1628 3213 Pierrette nicht in eine nur locker zusammengehaltene Suite
1631 3162 2626 3236 Fraulein Catopol und Herrn Kant immer zubilligen
635 3182 1213 3268 von Tänzen ausarte, hat Axtuux¬
1336 3204 1631 3283 Hler, von dem
1643 3214 2617 3283 wird — die rechten Vertreter für diese Spielpartien sind
631 3237 1618 3321 das packende Libretto stammt, vorgebaut. Die straff ge¬
1633 3267 2614 3322 sie nicht. Herr Kant ist noch nicht elegant genug und
1646 3310 2617 3395 Fräulein Catopol verachtet grundfätzlich die Deutlichkeit des
736 3311 1463 3395 *) Verlegt bei Ludwig Doblinger in Wien.
1644 3363 2618 3434 Wortes. Soweit ihre Schneiderin und Modistin in Frage
1635 3418 2623 3487 kommt, hat sie allerdings befriedigt. Als Opernregisseur
1629 3464 2621 3534 und Erbe des Herrn Trummer fungierte zum erstenmale
1624 3506 2612 3589 Herr Kurt Stern. Man darf auf seine Tätigkeit Hoff¬
1623 3555 2614 3630 nungen setzten, und die Praxis, die er sich aus Amerika
1628 3612 2620 3679 mitgebracht hat, wird ohne Zweifel jetzt dem Ensemble
1619 3663 2616 3732 zugute kommen. Der musikalische Leiter der Anfführung
1626 3711 2615 3777 war Kapellmeister Ottenheimer, der merken ließ, wie
1620 3752 2605 3827 großes Wohlgefallen er an den beiden aufgeführten Werken
1629 3813 2604 3873 gefunden hat. Die Aufnahme sowohl der Pantomime wie
1625 3850 2615 3921 des Einakters war warm. Wiederholt hatten die Mitwir¬
1625 3887 2612 3988 kenden Anlaß, sich an der Rampe zu zeigen. Aber der)
1619 3944 2380 4014 äußere Erfolg hätte viel lauter sein müssen.
2470 3965 2566 4022 Xy.
