3392 4384
224 181 1791 262 23. Der Schleider Pierrette
580 1118 1325 1185 aria, Kom, öan Francisco, Stechne.—
885 1164 1315 1218 (Oellenangebe ehme Gou##.
530 1200 1622 1307 g
542 1290 1457 1432 ven 11I. ArhiL 132
359 1409 1592 1485 Doch einer vor allaht Heiene Thimig — die ein tedindisser¬
359 1449 826 1526 Mausch=ist gleich uns
878 1458 1571 1531 Heinrich Edpard Jacob.
541 1576 1183 1696 Dobnanyi
422 1687 1597 1753 Herr Direktor Georg Hartmann wagt etwas in sei¬
368 1723 1590 1796 nem „Deutschen Opernhause" Er wagt nicht nur
375 1774 1601 1837 das völlig Sichere, dessen Erfolg von voruherein garantiert
372 1820 1594 1889 scheint, sondern auch das Unsichere, das Verfängliche, ja das
366 1868 1601 1912 Bedenkliche. Ich erinnere an Kurt Hösels „Wieland, der
376 1903 1590 1973 Schmied“, eine Oper, an die sich größere Bühnen nicht
363 1935 1589 2021 herantrauten. Und nun Dohnanyi. Zwar ist der seine
374 1989 1592 2062 Pianist beim Berliner Konzertpublikum längst akkreditiert
363 2041 1594 2102 und der Preßburger Künstler darf Berlin seine zweite Heimat
368 2090 1593 2146 nennen. Aber vom Konzertsaal zur Oper ist immer ein ris¬
368 2121 1599 2184 kanter Schritt. Besonders für einen Komponisten, der mehr
389 2200 1643 2292 lyrisch als dramatisch veranlagt scheint. Der Ersolg der.
404 2260 1622 2345 einaktigen musikalischen Idylle „Tante Simona“, einer
408 2298 1639 2381 inhaltlich überaus dürftigen und auch musikalisch kaum):
404 2350 1618 2427 mehr als gefälligen Arbeit, blieb denn auch nicht unbestritten.
395 2388 1628 2477 Dagegen zündete die Pantomime „Der Schleier der
392 2425 1612 2512 Pierrette“, die Arthur Schnitzler zum Verfasser hat.
383 2467 1619 2559 Es fragt sich freilich, ob die psychologisch recht komplizierte,
391 2511 1626 2596 das Pathologische streifende Handlung in einem Institut hei¬
392 2565 1617 2622 misch werden kann, das auf die weitesten Volkskreise reflel¬
391 2612 1621 2700 tiert und an literarischer Vorbildung bei seinem Publikum
388 2646 1619 2728 nicht allzu viel voraussetzen darf. Daß die Aufnahme in der
384 2703 1591 2760 Premiere so herzlich war, beweist in diesem Falle noch nicht
388 2746 1603 2804 viel. Aber jedenfalls verdient Herr Direktor Hartmann
383 2789 1620 2861 ein Lob dafür, daß er Dohnanyi einmal das Wort gegeben
382 2824 1617 2913 hat. Die Musik der Pantomime, die gelegentlich Wagnerschen
380 2874 1612 2950 Einfluß spüren läßt, besticht durch ihre vornehme, gewählte
382 2912 1615 2976 Melodik und durch dramatische Schlagfertigkeit. Ein distin¬
375 2957 1614 3029 quierter Walzer, der zum zweiten Bild überleitet, fiel ange¬
378 3018 1603 3068 nehm ins Ohr, obwohl er sich keineswegs auf der Linie Fall¬
374 3066 1614 3114 Lehar hielt. Durchweg avart und instrumental überaus
376 3094 1614 3166 sauber gearbeitet konnte die Musik Dohnanyis auch verwöhn¬
369 3150 1610 3216 tere Ohren befriedigen. Sie schließt sich den feineren Balletten
375 3190 1445 3272 der Gounod, Saint=Saens, Glazounow würdig war.
428 3257 1603 3328 Als Pierette erschien zum ersten Male Frau Galafres
367 3301 1600 3376 aus München im „Deutschen Opernhaus“. Ihr gewandtes
363 3358 1602 3419 Spiel, das auch in Tanz sehr geschmeidig war, gewann ihr
364 3395 1605 3455 die Sympathieen der Zuschauer sofort. Nicht minder stark
368 3447 1605 3519 aber war der Reiz ihrer großen schönen Augen, in denen
370 3476 1495 3544 sich die ganze Tragik der armen Pierette konzentrierte.
995 3524 1586 3613 e Lothario. #
1952 145 2360 236 box 28/
2138 1200 2642 1289 G#autngabe #
1805 1286 2776 1375 Ausschnitt aus; Schwabischer Merku.
2006 1339 2627 1447 (51p0133 Stuttgart
1808 1388 1940 1452 vom:
2924 1474 3327 1544 nicht wettzumachen.
1991 1499 2758 1583 Berliner Musikbrief. X.
2947 1519 3340 1581 teristisch, in stilistif
2965 1572 3330 1623 regere Teilnahme i
1823 1565 2942 1636 W. R. Berlin 12. April. Wie fleißig im Charlottenburger
2952 1604 3335 1668 nisten, den gleich in
1815 1623 2940 1686 Deutschen Opernhaus gearbeitet wird, geht daraus hervor,
2958 1651 3338 1714 schlagenen Lustspielt
1782 1669 2947 1735 daß es vor ein paar Tagen schon wieder zu einem Premiéren¬
2964 1692 3334 1753 des Stückes, das a
1815 1713 2946 1774 abend einladen konnte. Es kamen zwei Werke von Ernst
2951 1734 3336 1802 häufig ein Mißverh
1809 1754 2948 1838 v. Dohnanyi zur Aufführung: „Tante Simona,
2952 1782 3334 1840 weist. Es ist alles
1816 1798 2943 1861 Spieloper in keinem Akt, Text von Viktor Heindel, und
2955 1823 3342 1883 Orchesterbehandlung
1817 1840 2948 1916 „Der Schleiex der Pierrette“ Pantomime in drei
2954 1865 3329 1925 sätze selbständigeren
1777 1871 2948 1942 ####dern von Arthur=Schnißler Der bekannte Pianist
2964 1910 3334 1969 entbehrt im ganzen
1812 1932 2946 1989 Dohnanyi, Ungar von Gebürt, der seit Jahren als Lehrer
2964 1950 3333 2013 matische Kleinigkeit
1818 1969 2948 2027 des Klavierspiels an der Berliner Hochschule für Musik
1813 2001 3332 2067 wirkt, hat sich auch als Tonsetzer mit einer Sinfonie, einer Gespielt wurde das
2960 2037 3354 2107 Publikum freundlich
1824 2055 2943 2109 Suite, Kammermusikwerken und Klavierstücken bereits einen
2962 2084 3135 2145 trefflich.
1819 2096 2963 2156 geachteten Namen geschaffen. Sein erster Versuch auf dra¬
2978 2099 3336 2191 Einen künstlerisch
1819 2135 2961 2202 matischem Gebiet verdient insofern Aufmunterung, als
1815 2169 3332 2238 Dohnanyi das brachliegende Feld des musikalischen Lust=die Musik zu der (i
1814 2224 3354 2284 spiels zu bearbeiten unternimmt. Man kann das anspruchs- lerschen Pantomime
1796 2247 3341 2316 lose Werkchen des jungen Komponisten als eine Abschlags=frette“, einem unzu
1810 2297 3351 2375 zahlung für die Zukunft gelten lassen, ohne seine Schwächen nierten Mischung vo
1800 2343 3351 2409 zu übersehen. Der Stoff ist mehr als harmlos. Eine moral= berechneten Verwen
1810 2389 3341 2456 triefende ältliche Tante, die jedes jüngere männliche Wesen Effekte mit Erfolg
2954 2427 3354 2486 derner Nerven speku
1813 2448 2953 2500 von ihrer Nichte Beatrice streng fernhält und einen jungen
2966 2470 3360 2528 mime im allgemeinen
1808 2492 2954 2542 Gärtner nur deshalb angenommen hat, weil er sich für taub¬
2957 2515 3341 2579 schichtlichen Aufbau
1812 2524 2962 2588 stumm ausgibt, überrascht ihre Nichte im zärtlichen
1809 2558 3346 2614 této-à-tête mit diesem Gärtner, der in Wirklichkeit gar kein theatralisch unleugba
1811 2601 3350 2683 Gärtner, sondern ein junger Edelmann ist und überdies auch lerschen Stückes aner
2957 2641 3357 2703 des „Kintopps“ und
1804 2667 2954 2730 nicht taubstumm, sondern sich seiner Sprechwerkzeuge und vor
2970 2669 3340 2755 ästhetische Geschütz
1810 2702 2946 2757 allem seiner Lippen mit bemerkenswertem Erfolg zu bedienen
1800 2731 3327 2792 versteht. Als nun kurz vor der beschlossenen Abreise nach zu legen vermocht.
1815 2766 3350 2848 einem Kloster, wo der kußgelehrigen Beatrice Gelegenheit sanderen Moden: sie
2960 2815 3361 2879 noch schöneren Tages
1809 2833 2956 2890 gegeben werden soll, über die Gefährlichkeit der Männer im
1802 2857 3359 2919 allgemeinen und angeblicher Gärtnerburschen im besonderen Damenmelt ein seit
1809 2904 3363 2975 des längeren nachzudenken, ein ehemaliger Verehrer der so dungsstück mit einem
1812 2947 3357 3019 überaus sittenstrengen Tante auftaucht, überrascht die Nichte als „einfach unmögl
1816 2991 3349 3053 ihrerseits die Tante bei einem nicht minder zärtlichen strömung des Films
2967 3031 3351 3098 übrigen findet jedes
1814 3042 2964 3104 téte-à-téte, worauf sich natürlich alles in Wohlgefallen auf¬
2963 3072 3356 3137 sagt. Der „Schleier
1812 3090 2948 3143 löst. Der aus Boccaccios köstlicher Novelle bekannte Vor¬
2967 3113 3370 3181 außerordentlich zuge
1810 3123 2954 3188 wurf des sich taubstumm stellenden männlichen Individuums
1808 3163 3366 3233 hätte sich von einem geschickten Librettisten wohl etwas geist= von dieser wohlwolle
1807 3205 3363 3268 reicher und witziger verwerten lassen können; so verläuft die ausschließen, denn D
1812 3249 3355 3313 Sache gar zu zahm, trocken und hausbacken. Die Musik, die kalische Illustrierung
1814 3300 3364 3360 Dohnanyi zu dieser simplen Geschichte geschrieben hat, ver= über dem Durchschni
1809 3339 3367 3419 mag nun leider die offenkundigen Schwachen des Textbuches gleitmusik zu diesem
2802 4066 2987 4135 ##
