3392 4352
1969 181 2455 284 box 27/5
295 173 1869 292 23. Der. Schleiender Bierrette
1300 1189 1623 1272 Toisphos 12.591.
759 1316 1484 1425 „UbeERVER
589 1389 1694 1477 I. österr. behördl. konz. Unternehmen für Zeitungs-Ausschaltte
779 1450 1516 1534 Wien, I., Concordiaplatz 4.
999 1515 1314 1573 Vertretungen
599 1544 1712 1621 in Berlin, Basel, Budapest, Chicago, Cleveland, Christianta,
597 1599 1705 1656 Genf, Kopenhagen, London, Madrid, Mailand, Minneapolts,
585 1652 1718 1710 New-Vork, Paris, Rom, San Francisco, Stockholm, St. Petess¬
1002 1682 1301 1737 burg, Toronto.
906 1721 1370 1788 (Gadllmangebe ohne Sew###.
1785 1725 3096 1782 einem Zwischenaktswalzer, einem Stück voll außergewöhnlicher
1790 1761 3095 1828 Lebenslust, das alle Anwartschaft darauf hat, ein Glanzstück in
588 1764 1333 1859 Ausschnitt aus: 25 1 1910
1783 1818 3098 1863 populären Konzerten zu werden. Der musikalische Höhepunkt
1788 1860 3094 1910 der dreiaktigen Pantomime ist im zweiten Bild erreicht. Das
1321 1844 1569 1948 Brsnlan.
1161 1851 1303 1956 Zeilnn
597 1896 783 1955 vom:
1793 1908 3100 1971 dritte Bild wirkt vornehmlich durch den Stoff und zwar so brutal
1792 1964 3088 2030 als möglich. Wir erinnern uns nicht, auf einer ernsthaften Bühne
1796 2007 3096 2058 solch eine grausige Handlung erlebt zu haben, als im „Schleier
1785 2057 3091 2110 der Pierrette“. Dagegen ist „Salome“ vergleichsweise harmlos.
742 2035 1496 2117 „Der Schleier der Pierrette.
1790 2094 2769 2153 Die tollste Gespenster=Romantik treibt ihr Wesen.
564 2122 1699 2199 Zur Uraufführung an der Dresdner Hofoper.
1874 2148 3094 2199 Den Ausgangspunkt der Geschehnisse bilden Szenen aus dem
552 2181 1780 2245 Am königlichen Opernhause zu Dresden hat am Sonnabend
1833 2165 3094 2258 tten, vierten und fünften Akt des Schauspiels „Der Schleier der
459 2227 1778 2302 der aufstrebende junge Komponist Ernst von Dohnänyi
1785 2228 3101 2309 Beatrice". Doch geben sie nur den Faden der Erzählung, die Haupt¬
469 2278 1776 2336 den ersten Bühnenerfolg davontragen können. Dohnänyi, ein
1787 2294 3089 2346 zutaten hat Schnitzler vor ungefähr sechs Jahren hinzugefügt und
473 2328 1765 2386 geborener Ungar, lebt seit einigen Jahren in Berlin als Lehrer
1786 2342 3088 2414 daraus das Buch der Pantomime geschaffen. Die Handlung ist aus
467 2378 1775 2443 an der königl. Hochschule für Musik und ist in deutschen Musik¬
1782 2388 3097 2434 der Renaissancezeit in das Wien zu Beginn des vorigen Jahr¬
465 2428 1771 2492 städten als Pianist und Komponist von Konzertmusik geschätzt.
1779 2432 3084 2490 hunderts verlegt. Die Hauptpersonen tragen eine Art von Pierrot¬
466 2475 1777 2540 Sein Erstlingsbühnenwerk, das jetzt die Uraufführung erlebte,
1783 2481 3096 2549 Kostüm. Wer hiernach glaubte, ein tändelndes Spiel zu erleben,
473 2518 1779 2595 ist eine Pantomime „Der Schleier der Pierrette",
1782 2535 3107 2608 irrte sich gewaltig. Ein Mädchen läuft am Hochzeitsabend dem
468 2569 1775 2625 deren Handlung ihm Arthur Schnitzler nach Vorgängen
1785 2582 3093 2657 Bräutigam davon. Wir treffen sie in der Wohnung des Geliebten,
476 2614 1774 2682 in seinem Schauspiel: Der Schreier der Beatriee“ geliefert hat.
1783 2632 3095 2694 dem sie Gift bringt, damit sie beide sterben können. Doch nur
473 2656 1776 2737 So erfreulich nun die Musik ist, so unerquicklich ist die Handlung.
1785 2680 3086 2727 er trinkt den Todestrank, sie schaudert noch im letzten Augenblick
466 2713 1779 2779 Im großen und ganzen stützt sich Dohnányi auf den Wagner
1786 2727 3097 2776 zurück. Der Geliebte fällt tot hin, sie läuft wieder zur Hochzeit,
467 2760 1771 2824 des Nibelungenringes und des Tristan. Doch ist die Abhängig¬
1780 2773 3105 2828 läßt aber den Schleier bei dem Toten zurück. Bei der Hochzeit
473 2801 1775 2869 keit nicht viel mehr als eine feste Grundlage, auf der er selbst
1786 2813 3093 2878 erscheint ihr der Tote. Um den Schleier wieder zu haben, muß
479 2855 1767 2910 weiterbaut. In erster Linie ist der Schleier der Pierrette als
1782 2864 3085 2932 sie ihm folgen. Der Bräutigam heftet sich an ihre Fersen. Sie
476 2895 1776 2966 Talentprobe zu bewerten. Es scheint, als ob wir auf Dohnänyi
1783 2914 3097 2960 kommen in die Wohnung des Toten. Dort schloppt der Bräutigam
478 2955 1775 3006 noch Hoffnung als Opernkomponisten setzen dürften. Er bringt
1787 2964 3103 3030 den Leichnam in die Sofaecke, zwingt die Braut, dem Toten
466 2993 1771 3043 viel dazu mit. Er hat großen musikalischen Sinn, versteht seine
1785 3011 3105 3081 gegenüberzusitzen und ihm zuzutrinken und schließt sie dann mit
473 3044 1769 3111 Töne gut zu formen, beherrscht die musikalischen Ausdrucksmittel
1788 3060 3090 3109 der Leiche zusammen im Zimmer ein. Das arme Weib wird
466 3095 1766 3158 vollkommen und hat, was manchem sonst talentierten Komponisten
1782 3114 3088 3174 darob wahnsinnig und in schrecklichem Tanze bricht sie vor der
479 3144 1773 3209 abgeht, Blick für die Bühne. Dieses Bühnentalent macht sich
1788 3162 3094 3227 Leiche zusammen. Alles was an Menschlichbegreiflichem und
468 3194 1775 3261 im „Schleier der Pierrette“ glücklich geltend. Zwar hat Dohnényi
1779 3203 3085 3264 darum Verzeihlichem in dem Originaldrama steckt, fehlt hier.
462 3235 1779 3306 nicht jeden Schritt mit seiner Musik gezeichnet, aber die gefühls¬
1792 3252 3090 3310 „Der starb um Dich? Und den verrietest Du? Und mich um
464 3291 1768 3346 mäßigen Momente der Handlung, die seelischen Vorgänge treten
1782 3304 3090 3367 ihn? Und wiederum ihn um mich? Was bist du für ein Wesen
1791 3339 2032 3394 Beatrice?“
465 3323 1761 3389 deutlich in der Musik heraus. Am meisten jedoch fallen die Töne
2030 3343 3101 3415 Diese Frage des Herzogs in dem „Schleier der
475 3376 1776 3449 zu den grausigen Vorgängen der Handlung auf; zu Geisterspuk
1792 3390 3094 3458 Beatrice“ ginge hier verloren. Nicht um Beweggründe sondern
464 3435 1769 3497 und Wahnsinn. Eine schauerliche Höllenmusik, die als Schnell¬
1780 3446 3097 3511 um Tatsachen handelt es sich. Es scheint, als sei Nervenkitzel die
465 3478 1764 3531 polka bezeichnet ist und daher kommt, daß Musiker auf der Bühne
1790 3489 3090 3544 Losung gewesen. Und zwischen Schnitzler und Dohnänyi, zwischen
467 3532 1770 3590 mit zertrümmerten Instrumenten sie scheinbar spielen, und die
1787 3538 3086 3607 Buch und Musik klafft ein Abgrund. Dort Effekt, hier Kunst.
461 3577 1770 3636 meisterliche Beherrschung neuzeitlicher Chromatik zeigt, geht an
1789 3582 3087 3636 Die Aufführung, die von Schuch mit all seinem Temperament
461 3608 1766 3680 Wirkungsfähigkeit über alle Höllen= und Gespenstertöne, die
1787 3630 3086 3702 geleitet wurde, brachte dem Komponisten mehrfachen Hervorruf
462 3674 1762 3738 nach Berlioz geschrieben wurden. Und was besonders dabei
1786 3688 3094 3751 ein und zeigte auch die Hauptdarsteller Fräulein Tervani
464 3712 1775 3787 anzuerkennen ist: nicht der Instrumentator, sondern der Musiker
1784 3729 3089 3801 (Pierrette), Soot (Pierrot) und Trede (Arlekino) in zwar
467 3772 1772 3819 hat die Farbe dazu geliefert. Jedoch auch in anderen Tänzen
1778 3789 3099 3864 ungewohnter (weil sie Opernsänger sind), aber sehr erfolgreicher
463 3810 2009 3886 spricht ein erfindungsreicher Musiker sich aus. So z. B. in Tätigkeit.
2559 3823 2981 3911 Eugen Thari.
1546 3872 1667 3942 —
