3296 4224
1895 172 2287 245 —
308 255 412 314 am
1088 245 1207 316 int
1455 241 1904 332 box 36/3
176 245 1303 356 phlets Offpr
1353 967 1806 1050 ARTURO SCHNITZLER
804 1048 2338 1104 servazioni di vila: sono questi i dialoghi, che rinniti sotto il titolo:
804 1103 2333 1162 Anatolio. l'amico suo Rodolfo Lothar gli consiglió di far stampare 1).
904 1151 2344 1198 Sono sette brevi scenette, nelle quali é protagonista Anatolio, il
815 1207 2341 1262 giovane gaudente viennese, spensierato e innamorato: suo antagonista
825 1247 2342 1304 eil suo amico Max, che ad un temperamento passionale e fervido,
814 1296 2318 1351 contrappone il buon senso pratico, talora l’ironia mordente del disin¬
815 1346 2336 1408 ganno:é la voce del buon senso fatta personaggio di teatro: entra
813 1389 2334 1444 come terza la donna, la donna amante o innamorata, piccola cocotte o
816 1443 2333 1498 donna del gran mondo. Si svolgono cosi episodi d’amore, galanti o
809 1496 2325 1545 sentimentali: sono piccole, acute analisi di psicologia amorosa: qua¬
802 1547 2336 1598 dretti intimi, nei quali é colto uno scorcio di vita con rara penetra¬
813 1588 1367 1655 zionee rara profondità.
908 1638 2314 1699 Ne La domanda alld sorte, che apre il volume, Anatolio vuol chie¬
807 1689 2330 1750 dere per mezzo dell’ipnotismo alla propria amante Cora, se essa gli e
808 1731 2323 1801 fedele e se lo ama, ma non sa decidersi, perché teme la risposta: il
807 1794 2327 1852 dialogo fra Anatolioe l’amico Max é delizioso, giacché Anatolio cerca
799 1841 2324 1900 tutti i pretesti per non formulare la domanda in modo esplicito, finche
804 1887 2272 1935 allontana l’amicoe risveglia l'amante senza averle nulla chiesto.
890 1938 2322 1997 In Episodto, Anatolio racconta con grande entusiasmo all’amico
801 1985 2322 2042 una sua avventura: un'ora d’amore, unica, indimenticabile, che ha
809 2034 2326 2081 passato con una cavallerizza, Bianca; egli s’illude che essa pure lo
803 2097 2322 2133 ami del piu profondo amore. Appunto quel giorno eila deve venire
804 2129 2314 2199 dal suo amico: quando si trova presente ad Anatolio, essa non lo ri¬
802 2185 2327 2227 conosce neppure, e neppur sospetta che egli possa essersene andato
809 2231 1786 2275 via, desolato e ferito nel suo amor proprio.
896 2281 2325 2345 Maggior evidenza scenica, nella sua situazione comica, ha la
804 2326 2314 2392 bluette intitolata: La mattina del matrimonio. Anatolio alla vigilia di
795 2385 2328 2436 prender mloglie - un matrimcnio di convenienza naturalmente! - porta
796 2443 2315 2494 a casa una sua antica amante. Ilona: non é che per le insistenze del¬
789 2477 2309 2533 l’amico Max, che egli si decide ad abbandonare la donna che ama e
792 2526 2317 2572 Calla quale é amato, per una che fino ad ora non gli dimostró se non
797 2577 2318 2628 una gelida indifferenza: i tentativi e le scuse per sviare i sospetti
800 2627 2318 2682 di Ilona, e per riescire a partire, occupano tutto intero l’atto, assai
792 2677 2321 2720 piacevolmente: riescito a fuggire Anatolio, Max confessa alla donna
788 2722 2319 2779 tutta la verità: ed essa si consola solo al pensiero che Anatolio ri¬
793 2772 1970 2823 tornerà a lei, e che per lei tradirà la giovane sposa.
885 2828 2306 2887 Di una psicologia ancor piü acuta & Cena d’addio. Piütenue é in¬
792 2868 2306 2920 vece la scena: Strenne di Natale, un piccolo marivandage fra Anatolio
792 2919 2321 2969 e nna dama del gran mondo, alla quale chiede consiglio per un regalo
792 2981 2314 3037 che deve fare alla propria amante, una piccola, umile donna, che vive
792 3019 2315 3077 in una modesta cameretta del sobborgo: la dama confessa ad Anatolio
785 3060 2298 3116 di invidiare quella felicità, e gli dà delle rose da portarie a suo nome.
873 3120 2314 3175 Lo Schnitzler é un profondo conoscitore dell’anima femminile: si
789 3161 2310 3217 ha da queste brevi scene la sensazione della vita vissuta, dell’espe¬
784 3211 2313 3258 rienza personale messa a profitto e fatta materia d’arte: nell' Anatolio
783 3251 2310 3309 non tardiamo a riconoscere lo stesso autore, amante deluso o amatore
788 3315 2302 3380 fortunato: non é la propria storia che egli ci racconta in Agonia? o
783 3365 2306 3415 non piuttosto la storia di tutti gli amanti, la storia eterna dell’amore,
782 3410 2321 3478 storia di tutti i giorni? Anatolio che vuol rompere la relazione con
787 3455 2322 3505 Elsa, perché é infelice di amarla e di non averla mai con sé — ella 6
793 3511 2316 3571 una donna maritata, e gli appuntamenti mancati sono, ahime! troppo
872 3610 2002 3690 (1) Anatol., 10 Aufl (Berlin, S. Fischer, 1908), pagg. 146.
2875 3947 2922 4035 7
2760 1034 3304 1128 frequenti - Anatolio che
2763 1098 3299 1171 e ripres) alla catena, 60
2874 1151 2972 1212 Di un
3073 1152 3295 1216 ande crud
2767 1190 2835 1266 tro
3191 1204 3302 1265 i En
3193 1256 3303 1318 enza
3226 1302 3274 1356 le
