<?xml version="1.0" encoding="UTF-8" standalone="yes"?>
<PcGts xmlns="http://schema.primaresearch.org/PAGE/gts/pagecontent/2013-07-15" xmlns:xsi="http://www.w3.org/2001/XMLSchema-instance" xsi:schemaLocation="http://schema.primaresearch.org/PAGE/gts/pagecontent/2013-07-15 http://schema.primaresearch.org/PAGE/gts/pagecontent/2013-07-15/pagecontent.xsd">
    <Metadata>
        <Creator>prov=University of Rostock/Institute of Mathematics/CITlab/Gundram Leifert/gundram.leifert@uni-rostock.de:name=ONB_Newseye_GT_M1+(htr_id=10810)::::v=2.4.2
prov=University of Rostock/Institute of Mathematics/CITlab/Tobias Gruening/tobias.gruening@uni-rostock.de:name=de.uros.citlab.module.baseline2polygon.B2PSeamMultiOriented:v=2.4.2
prov=University of Rostock/Institute of Mathematics/CITlab/Tobias Gruening/tobias.gruening@uni-rostock.de:name=/mnt/transkribus/LA/DEA/URO/LA_news_onb_att.pb:de.uros.citlab.segmentation.CITlab_LA_ML:v=2.4.2
Transkribus</Creator>
        <Created>2019-10-07T15:14:02.850+02:00</Created>
        <LastChange>2019-10-08T19:20:03.428+02:00</LastChange>
        <TranskribusMetadata docId="224187" pageId="9514607" pageNr="10" tsid="16607562" status="IN_PROGRESS" userId="40391" imgUrl="https://files.transkribus.eu/Get?id=NPMXKBAMMFMXJDDLWLCGSFWS&amp;fileType=view" xmlUrl="https://files.transkribus.eu/Get?id=FWRQQHTFZVGHIQORXBFCTVBK" imageId="6202841"/>
    </Metadata>
    <Page imageFilename="224187_0010.jpeg" imageWidth="3296" imageHeight="4224">
        <ReadingOrder>
            <OrderedGroup id="ro_1711443864016" caption="Regions reading order">
                <RegionRefIndexed index="0" regionRef="r1"/>
                <RegionRefIndexed index="1" regionRef="r2"/>
                <RegionRefIndexed index="2" regionRef="r3"/>
                <RegionRefIndexed index="3" regionRef="r4"/>
            </OrderedGroup>
        </ReadingOrder>
        <TextRegion orientation="0.0" id="r1" custom="readingOrder {index:0;}">
            <Coords points="163,193 163,4025 2397,4025 2397,193"/>
            <TextLine id="r1l1" custom="readingOrder {index:0;}">
                <Coords points="1903,232 2045,230 2101,255 2190,239 2211,254 2241,236 2336,249 2334,182 2259,202 2171,187 2139,205 2103,191 2088,202 2044,190 1963,204 1902,196"/>
                <Baseline points="1912,224 1937,225 1963,226 1989,226 2015,226 2041,226 2067,225 2093,225 2119,223 2144,223 2170,221 2196,220 2222,219 2248,218 2274,217 2300,216 2326,216"/>
                <TextEquiv>
                    <Unicode>—</Unicode>
                </TextEquiv>
            </TextLine>
            <TextLine id="r1l2" custom="readingOrder {index:1;}">
                <Coords points="1458,332 1617,346 1661,333 1710,348 1915,327 1915,280 1896,287 1833,259 1793,275 1738,264 1725,277 1697,262 1664,291 1598,271 1458,275"/>
                <Baseline points="1468,324 1493,324 1519,324 1545,324 1571,325 1596,325 1622,325 1648,326 1674,326 1699,326 1725,326 1751,326 1777,325 1802,324 1828,323 1854,322 1880,320 1906,317"/>
                <TextEquiv>
                    <Unicode>box 36/3</Unicode>
                </TextEquiv>
            </TextLine>
            <TextLine id="r1l3" custom="readingOrder {index:2;}">
                <Coords points="154,337 353,370 1264,363 1296,287 847,260 759,313 490,261 154,316"/>
                <Baseline points="163,329 219,332 275,335 331,337 387,339 444,340 500,341 556,342 612,342 668,342 725,342 781,342 837,341 893,341 949,341 1006,340 1062,340 1118,340 1174,340 1230,340 1287,341"/>
                <TextEquiv>
                    <Unicode>Panphlets, Offprints</Unicode>
                </TextEquiv>
            </TextLine>
            <TextLine id="r1l4" custom="readingOrder {index:3;}">
                <Coords points="1382,976 1502,990 1532,978 1561,993 1602,970 1673,985 1752,973 1841,988 1841,929 1809,916 1686,934 1600,919 1534,937 1382,917"/>
                <Baseline points="1391,968 1416,967 1442,966 1468,964 1494,964 1520,963 1546,963 1572,963 1598,963 1623,963 1649,963 1675,963 1701,964 1727,964 1753,964 1779,963 1805,963 1831,962"/>
                <TextEquiv>
                    <Unicode>ARTURO SCHNITZLER</Unicode>
                </TextEquiv>
            </TextLine>
            <TextLine id="r1l5" custom="readingOrder {index:4;}">
                <Coords points="855,996 870,996 882,988 911,1004 939,998 936,918 919,920 912,915 889,935 876,935 867,945 854,943"/>
                <Baseline points="864,978 896,974 928,976"/>
                <TextEquiv>
                    <Unicode>10</Unicode>
                </TextEquiv>
            </TextLine>
            <TextLine id="r1l6" custom="readingOrder {index:5;}">
                <Coords points="839,1056 2249,1050 2374,1041 2373,997 838,1023"/>
                <Baseline points="848,1052 923,1049 999,1047 1075,1045 1151,1043 1227,1042 1303,1040 1378,1039 1454,1039 1530,1038 1606,1037 1682,1037 1758,1036 1834,1036 1909,1036 1985,1035 2061,1035 2137,1034 2213,1033 2289,1033 2365,1032"/>
                <TextEquiv>
                    <Unicode>dalle parole dell’amica, ei viene a sapere che essa neppure lo amava,</Unicode>
                </TextEquiv>
            </TextLine>
            <TextLine id="r1l7" custom="readingOrder {index:6;}">
                <Coords points="840,1114 2227,1102 2369,1049 839,1069"/>
                <Baseline points="850,1098 925,1098 1001,1097 1076,1097 1152,1096 1227,1095 1303,1094 1378,1093 1454,1091 1529,1090 1605,1089 1680,1088 1756,1087 1831,1086 1907,1084 1982,1084 2058,1083 2133,1082 2209,1082 2284,1082 2360,1082"/>
                <TextEquiv>
                    <Unicode>e sapeva benissimo che egli avrebbe dovuto sposarsi fra giorni. E il</Unicode>
                </TextEquiv>
            </TextLine>
            <TextLine id="r1l8" custom="readingOrder {index:7;}">
                <Coords points="848,1150 1437,1159 1579,1150 1641,1134 1641,1107 848,1122"/>
                <Baseline points="858,1146 896,1146 935,1146 973,1146 1012,1146 1051,1146 1089,1146 1128,1146 1167,1145 1205,1145 1244,1144 1283,1144 1321,1143 1360,1142 1399,1141 1437,1141 1476,1140 1515,1139 1553,1138 1592,1137 1631,1136"/>
                <TextEquiv>
                    <Unicode>marito se ne va, sconsolato, solo.</Unicode>
                </TextEquiv>
            </TextLine>
            <TextLine id="r1l9" custom="readingOrder {index:8;}">
                <Coords points="944,1210 2314,1198 2370,1155 943,1159"/>
                <Baseline points="953,1193 1023,1193 1093,1194 1164,1194 1234,1194 1305,1193 1375,1193 1445,1192 1516,1191 1586,1190 1657,1188 1727,1187 1797,1185 1868,1184 1938,1183 2009,1181 2079,1180 2149,1179 2220,1177 2290,1177 2361,1176"/>
                <TextEquiv>
                    <Unicode>Delle quattro produzioni in un atto, che prendono il titolo dalla</Unicode>
                </TextEquiv>
            </TextLine>
            <TextLine id="r1l10" custom="readingOrder {index:9;}">
                <Coords points="850,1261 2370,1228 2369,1186 850,1215"/>
                <Baseline points="859,1248 934,1247 1009,1246 1084,1245 1159,1244 1234,1242 1309,1241 1384,1239 1459,1238 1534,1236 1610,1235 1685,1233 1760,1232 1835,1231 1910,1229 1985,1228 2060,1227 2135,1227 2210,1226 2285,1226 2361,1226"/>
                <TextEquiv>
                    <Unicode>prima: Ore di vita (1), due: Le ultime maschere e Letteratura sono</Unicode>
                </TextEquiv>
            </TextLine>
            <TextLine id="r1l11" custom="readingOrder {index:10;}">
                <Coords points="848,1308 2209,1298 2375,1239 848,1267"/>
                <Baseline points="858,1300 933,1297 1008,1296 1084,1294 1159,1292 1235,1290 1310,1289 1385,1288 1461,1286 1536,1285 1612,1284 1687,1284 1762,1283 1838,1282 1913,1281 1989,1280 2064,1279 2139,1279 2215,1278 2290,1277 2366,1276"/>
                <TextEquiv>
                    <Unicode>state rappresentate, e tuttora si rappresentano in Italia: e mi dispenso</Unicode>
                </TextEquiv>
            </TextLine>
            <TextLine id="r1l12" custom="readingOrder {index:11;}">
                <Coords points="848,1364 2173,1349 2366,1335 2366,1297 848,1317"/>
                <Baseline points="857,1347 935,1346 1014,1344 1093,1342 1172,1340 1251,1339 1330,1338 1409,1336 1488,1335 1567,1334 1645,1332 1724,1331 1803,1331 1882,1330 1961,1329 2040,1328 2119,1328 2198,1327 2277,1327 2356,1327"/>
                <TextEquiv>
                    <Unicode>perció dal darne l’analisi: l’altra s’intitola: La donna col pugnale.</Unicode>
                </TextEquiv>
            </TextLine>
            <TextLine id="r1l13" custom="readingOrder {index:12;}">
                <Coords points="943,1397 2349,1392 2373,1339 942,1365"/>
                <Baseline points="952,1394 1022,1392 1093,1390 1163,1389 1234,1388 1305,1387 1375,1386 1446,1385 1516,1384 1587,1383 1658,1383 1728,1382 1799,1382 1869,1381 1940,1380 2011,1379 2081,1378 2152,1377 2222,1375 2293,1373 2364,1372"/>
                <TextEquiv>
                    <Unicode>Ore di vita, secondo l’idea dello Schnitzler, sono quelle decisive</Unicode>
                </TextEquiv>
            </TextLine>
            <TextLine id="r1l14" custom="readingOrder {index:13;}">
                <Coords points="857,1464 2299,1440 2371,1388 857,1411"/>
                <Baseline points="866,1445 940,1443 1015,1441 1090,1439 1165,1438 1240,1436 1314,1435 1389,1434 1464,1433 1539,1432 1614,1431 1688,1430 1763,1429 1838,1428 1913,1428 1988,1427 2062,1426 2137,1425 2212,1424 2287,1423 2362,1422"/>
                <TextEquiv>
                    <Unicode>nell’esistenza di un artista — un letterato é infatti sempre il protago¬</Unicode>
                </TextEquiv>
            </TextLine>
            <TextLine id="r1l15" custom="readingOrder {index:14;}">
                <Coords points="856,1497 2310,1488 2374,1441 856,1465"/>
                <Baseline points="866,1495 940,1493 1015,1491 1090,1489 1165,1487 1240,1486 1315,1485 1390,1483 1465,1482 1540,1481 1615,1480 1689,1479 1764,1478 1839,1477 1914,1476 1989,1475 2064,1474 2139,1473 2214,1472 2289,1471 2364,1470"/>
                <TextEquiv>
                    <Unicode>nista di questi quattro drammetti — sono quei momenti solenni del¬</Unicode>
                </TextEquiv>
            </TextLine>
            <TextLine id="r1l16" custom="readingOrder {index:15;}">
                <Coords points="856,1560 2368,1540 2379,1486 855,1503"/>
                <Baseline points="866,1543 941,1542 1016,1540 1091,1539 1166,1538 1242,1536 1317,1535 1392,1534 1467,1532 1542,1531 1618,1530 1693,1528 1768,1527 1843,1526 1918,1525 1994,1524 2069,1523 2144,1522 2219,1521 2294,1521 2370,1521"/>
                <TextEquiv>
                    <Unicode>l’esistenza, nei quali tutto il passato é sconvolto dalla rivelazione di</Unicode>
                </TextEquiv>
            </TextLine>
            <TextLine id="r1l17" custom="readingOrder {index:16;}">
                <Coords points="856,1604 2304,1590 2372,1539 856,1565"/>
                <Baseline points="866,1592 940,1591 1015,1590 1090,1590 1165,1589 1240,1587 1315,1586 1389,1585 1464,1583 1539,1582 1614,1580 1689,1578 1764,1577 1839,1576 1913,1575 1988,1573 2063,1572 2138,1571 2213,1571 2288,1570 2363,1570"/>
                <TextEquiv>
                    <Unicode>un episodio, o dal verificarsi di un fatto, infinitamente piu importante</Unicode>
                </TextEquiv>
            </TextLine>
            <TextLine id="r1l18" custom="readingOrder {index:17;}">
                <Coords points="847,1651 2378,1624 2322,1579 846,1605"/>
                <Baseline points="857,1642 932,1641 1008,1640 1083,1638 1159,1637 1235,1635 1310,1634 1386,1633 1461,1631 1537,1630 1613,1629 1688,1627 1764,1626 1839,1625 1915,1624 1991,1623 2066,1622 2142,1621 2217,1620 2293,1619 2369,1618"/>
                <TextEquiv>
                    <Unicode>che tutto il mestiere dello scrivere, che tutta l’arte istessa. &amp; Che cosa</Unicode>
                </TextEquiv>
            </TextLine>
            <TextLine id="r1l19" custom="readingOrder {index:18;}">
                <Coords points="854,1692 2129,1698 2385,1646 854,1659"/>
                <Baseline points="864,1692 939,1690 1015,1688 1090,1687 1166,1685 1241,1684 1317,1682 1392,1681 1468,1679 1543,1678 1619,1677 1695,1676 1770,1674 1846,1673 1921,1673 1997,1672 2072,1671 2148,1671 2223,1671 2299,1671 2375,1671"/>
                <TextEquiv>
                    <Unicode>e tutto lo scribacchiare di fronte a un'ora d’amore? " esclama lo</Unicode>
                </TextEquiv>
            </TextLine>
            <TextLine id="r1l20" custom="readingOrder {index:19;}">
                <Coords points="855,1758 1883,1744 1951,1705 854,1703"/>
                <Baseline points="864,1738 917,1737 971,1736 1025,1735 1079,1734 1133,1733 1187,1733 1241,1732 1295,1731 1349,1730 1403,1729 1456,1729 1510,1728 1564,1727 1618,1726 1672,1726 1726,1725 1780,1724 1834,1724 1888,1723 1942,1722"/>
                <TextEquiv>
                    <Unicode>Schnitzler per bocca di uno dei suoi personaggi.</Unicode>
                </TextEquiv>
            </TextLine>
            <TextLine id="r1l21" custom="readingOrder {index:20;}">
                <Coords points="938,1796 2328,1786 2385,1746 937,1757"/>
                <Baseline points="947,1785 1018,1784 1089,1783 1161,1782 1232,1781 1304,1781 1375,1780 1446,1780 1518,1779 1589,1778 1661,1777 1732,1777 1803,1776 1875,1775 1946,1774 2018,1773 2089,1772 2160,1770 2232,1768 2303,1766 2375,1764"/>
                <TextEquiv>
                    <Unicode>Nel breve atto, che apre il volume, Antonio Hausdorfer rivela al</Unicode>
                </TextEquiv>
            </TextLine>
            <TextLine id="r1l22" custom="readingOrder {index:21;}">
                <Coords points="856,1841 2380,1811 2345,1774 856,1792"/>
                <Baseline points="866,1839 941,1837 1016,1836 1091,1834 1167,1833 1242,1832 1317,1831 1392,1829 1468,1828 1543,1827 1618,1826 1693,1825 1769,1824 1844,1823 1919,1822 1994,1821 2070,1820 2145,1819 2220,1818 2295,1817 2371,1816"/>
                <TextEquiv>
                    <Unicode>figlio della propria amante, morta, che essa si é uccisa, sapendo che</Unicode>
                </TextEquiv>
            </TextLine>
            <TextLine id="r1l23" custom="readingOrder {index:22;}">
                <Coords points="855,1896 2299,1886 2386,1849 854,1859"/>
                <Baseline points="864,1889 939,1886 1015,1885 1090,1883 1166,1882 1242,1880 1317,1880 1393,1879 1468,1878 1544,1878 1620,1877 1695,1877 1771,1876 1846,1876 1922,1875 1998,1874 2073,1872 2149,1871 2224,1869 2300,1867 2376,1864"/>
                <TextEquiv>
                    <Unicode>la sua malattia, protraendosi forse ancora per lunghi anni, avrebbe</Unicode>
                </TextEquiv>
            </TextLine>
            <TextLine id="r1l24" custom="readingOrder {index:23;}">
                <Coords points="849,1946 2382,1909 2260,1874 848,1914"/>
                <Baseline points="858,1940 933,1937 1009,1935 1085,1933 1161,1931 1236,1930 1312,1929 1388,1928 1464,1927 1539,1926 1615,1926 1691,1925 1767,1925 1842,1924 1918,1924 1994,1923 2070,1922 2145,1921 2221,1920 2297,1919 2373,1917"/>
                <TextEquiv>
                    <Unicode>impedito a lui, giovane poeta, di lavorare, di scrivere, di essere qual¬</Unicode>
                </TextEquiv>
            </TextLine>
            <TextLine id="r1l25" custom="readingOrder {index:24;}">
                <Coords points="855,1995 2388,1950 854,1951"/>
                <Baseline points="864,1988 939,1986 1015,1984 1091,1982 1166,1980 1242,1978 1318,1977 1393,1975 1469,1974 1545,1973 1621,1972 1696,1971 1772,1970 1848,1970 1923,1969 1999,1968 2075,1967 2150,1966 2226,1966 2302,1965 2378,1964"/>
                <TextEquiv>
                    <Unicode>cuno: si é avvelenata perché non voleva, con la sua triste esistenza</Unicode>
                </TextEquiv>
            </TextLine>
            <TextLine id="r1l26" custom="readingOrder {index:25;}">
                <Coords points="864,2042 2319,2028 2374,1983 864,2010"/>
                <Baseline points="874,2038 948,2036 1023,2034 1097,2033 1172,2032 1246,2030 1321,2029 1395,2028 1470,2026 1544,2025 1619,2024 1694,2023 1768,2022 1843,2021 1917,2020 1992,2019 2066,2018 2141,2017 2215,2016 2290,2016 2365,2015"/>
                <TextEquiv>
                    <Unicode>di inferma, inceppare il libero svolgersi della sua personalità di ar¬</Unicode>
                </TextEquiv>
            </TextLine>
            <TextLine id="r1l27" custom="readingOrder {index:26;}">
                <Coords points="853,2085 2387,2069 2289,2021 853,2051"/>
                <Baseline points="863,2086 938,2085 1014,2083 1090,2081 1165,2080 1241,2078 1317,2076 1392,2075 1468,2074 1544,2072 1620,2071 1695,2070 1771,2069 1847,2068 1922,2067 1998,2066 2074,2066 2149,2066 2225,2066 2301,2066 2377,2066"/>
                <TextEquiv>
                    <Unicode>tista. Ma il giovane poeta, al quale Hausdorfer ha mostrato la lettera</Unicode>
                </TextEquiv>
            </TextLine>
            <TextLine id="r1l28" custom="readingOrder {index:27;}">
                <Coords points="865,2140 2312,2133 2390,2092 864,2090"/>
                <Baseline points="874,2134 949,2134 1024,2133 1099,2131 1175,2130 1250,2129 1325,2127 1401,2126 1476,2124 1551,2123 1627,2121 1702,2120 1777,2119 1852,2117 1928,2116 2003,2115 2078,2114 2154,2113 2229,2113 2304,2113 2380,2113"/>
                <TextEquiv>
                    <Unicode>della madre, gli rimprovera di non aver adempiuto la volontà della</Unicode>
                </TextEquiv>
            </TextLine>
            <TextLine id="r1l29" custom="readingOrder {index:28;}">
                <Coords points="864,2184 2378,2181 2377,2130 2292,2122 863,2143"/>
                <Baseline points="874,2182 948,2181 1023,2180 1098,2178 1173,2177 1247,2176 1322,2175 1397,2174 1472,2173 1546,2172 1621,2171 1696,2170 1771,2169 1845,2168 1920,2167 1995,2166 2070,2166 2144,2165 2219,2164 2294,2163 2369,2162"/>
                <TextEquiv>
                    <Unicode>morta: essa non voleva che il figlio venisse mai a sapere tutta l’or¬</Unicode>
                </TextEquiv>
            </TextLine>
            <TextLine id="r1l30" custom="readingOrder {index:29;}">
                <Coords points="865,2237 2391,2203 2269,2168 865,2205"/>
                <Baseline points="874,2233 949,2232 1024,2231 1100,2229 1175,2228 1251,2227 1326,2225 1401,2224 1477,2223 1552,2221 1628,2220 1703,2219 1778,2218 1854,2217 1929,2216 2005,2216 2080,2215 2155,2215 2231,2214 2306,2214 2382,2215"/>
                <TextEquiv>
                    <Unicode>ribile verità: che ne sarà della sua vita, ora che egli sa d’esser stato</Unicode>
                </TextEquiv>
            </TextLine>
            <TextLine id="r1l31" custom="readingOrder {index:30;}">
                <Coords points="853,2296 1840,2285 1839,2226 925,2260 852,2235"/>
                <Baseline points="863,2280 911,2280 959,2279 1008,2278 1056,2277 1105,2277 1153,2276 1201,2275 1250,2274 1298,2274 1347,2273 1395,2272 1443,2271 1492,2270 1540,2269 1589,2268 1637,2267 1685,2266 1734,2264 1782,2263 1831,2261"/>
                <TextEquiv>
                    <Unicode>la causa indiretta della morte della madre?</Unicode>
                </TextEquiv>
            </TextLine>
            <TextLine id="r1l32" custom="readingOrder {index:31;}">
                <Coords points="951,2333 2137,2331 2389,2320 2389,2285 951,2297"/>
                <Baseline points="961,2330 1031,2329 1102,2327 1173,2326 1244,2325 1315,2324 1386,2323 1457,2322 1528,2322 1599,2321 1670,2320 1740,2320 1811,2319 1882,2318 1953,2317 2024,2316 2095,2315 2166,2314 2237,2312 2308,2310 2379,2308"/>
                <TextEquiv>
                    <Unicode>Anche nella prima commedia del volume: Marionette (2), Arturo</Unicode>
                </TextEquiv>
            </TextLine>
            <TextLine id="r1l33" custom="readingOrder {index:32;}">
                <Coords points="855,2389 2387,2369 2386,2327 2274,2317 855,2327"/>
                <Baseline points="864,2379 939,2377 1015,2376 1090,2375 1166,2373 1242,2372 1317,2371 1393,2370 1469,2369 1544,2368 1620,2367 1696,2366 1771,2365 1847,2364 1923,2363 1998,2362 2074,2361 2150,2361 2225,2360 2301,2359 2377,2358"/>
                <TextEquiv>
                    <Unicode>Schnitzler non ismentisce le sue preziose qualità di analista finissimo.</Unicode>
                </TextEquiv>
            </TextLine>
            <TextLine id="r1l34" custom="readingOrder {index:33;}">
                <Coords points="855,2445 2382,2420 2381,2378 2125,2368 854,2397"/>
                <Baseline points="864,2429 939,2427 1014,2426 1090,2425 1165,2424 1241,2422 1316,2421 1391,2420 1467,2419 1542,2418 1618,2417 1693,2416 1768,2415 1844,2414 1919,2413 1995,2413 2070,2412 2145,2411 2221,2411 2296,2410 2372,2410"/>
                <TextEquiv>
                    <Unicode>Ma in questi tre atti del volume (II burattinaio, Cassiano il valoroso,</Unicode>
                </TextEquiv>
            </TextLine>
            <TextLine id="r1l35" custom="readingOrder {index:34;}">
                <Coords points="869,2482 2066,2481 2381,2438 868,2449"/>
                <Baseline points="878,2479 952,2477 1027,2475 1101,2473 1176,2472 1251,2471 1325,2470 1400,2469 1475,2468 1549,2467 1624,2467 1699,2466 1773,2465 1848,2464 1923,2463 1997,2462 2072,2461 2147,2460 2221,2459 2296,2457 2371,2455"/>
                <TextEquiv>
                    <Unicode>&amp; Alla grande salsiccias) il commediografo viennese sempre piü si allon¬</Unicode>
                </TextEquiv>
            </TextLine>
            <TextLine id="r1l36" custom="readingOrder {index:35;}">
                <Coords points="874,2538 2384,2508 2326,2465 873,2485"/>
                <Baseline points="882,2529 956,2527 1031,2525 1105,2523 1180,2522 1255,2520 1329,2519 1404,2518 1479,2517 1553,2516 1628,2515 1703,2514 1777,2514 1852,2513 1927,2513 2001,2512 2076,2511 2151,2511 2225,2510 2300,2510 2375,2509"/>
                <TextEquiv>
                    <Unicode>tana dal teatro, e dimentica le esigenze ferree delle leggi sceniche:</Unicode>
                </TextEquiv>
            </TextLine>
            <TextLine id="r1l37" custom="readingOrder {index:36;}">
                <Coords points="873,2586 2385,2557 2384,2511 872,2538"/>
                <Baseline points="882,2579 956,2577 1031,2574 1105,2572 1180,2571 1255,2570 1329,2568 1404,2568 1479,2567 1553,2566 1628,2566 1703,2565 1777,2565 1852,2564 1927,2564 2001,2563 2076,2562 2151,2561 2225,2560 2300,2559 2375,2557"/>
                <TextEquiv>
                    <Unicode>sono, come egli stesso le chiama, piü che commedie, studi, burleschi,</Unicode>
                </TextEquiv>
            </TextLine>
            <TextLine id="r1l38" custom="readingOrder {index:37;}">
                <Coords points="869,2633 2275,2622 2371,2574 868,2593"/>
                <Baseline points="878,2628 952,2626 1026,2624 1100,2623 1174,2622 1249,2620 1323,2619 1397,2618 1471,2616 1545,2616 1620,2614 1694,2614 1768,2613 1842,2612 1916,2611 1991,2610 2065,2609 2139,2608 2213,2607 2287,2607 2362,2606"/>
                <TextEquiv>
                    <Unicode>scene da burattini, piccoli atti destinati ai teatri speciali, e che sol¬</Unicode>
                </TextEquiv>
            </TextLine>
            <TextLine id="r1l39" custom="readingOrder {index:38;}">
                <Coords points="873,2682 2383,2663 2263,2613 872,2638"/>
                <Baseline points="882,2678 956,2675 1031,2672 1105,2670 1180,2669 1255,2667 1329,2666 1404,2665 1478,2664 1553,2663 1628,2663 1702,2662 1777,2662 1851,2661 1926,2660 2001,2660 2075,2659 2150,2658 2224,2657 2299,2656 2374,2654"/>
                <TextEquiv>
                    <Unicode>tanto sarebbero comprensibili dal pubblico di una grande città, da un</Unicode>
                </TextEquiv>
            </TextLine>
            <TextLine id="r1l40" custom="readingOrder {index:39;}">
                <Coords points="864,2724 2209,2725 2393,2685 864,2693"/>
                <Baseline points="874,2728 949,2726 1025,2722 1100,2721 1176,2719 1251,2717 1327,2716 1402,2715 1478,2715 1553,2714 1629,2714 1704,2713 1780,2713 1855,2712 1931,2712 2006,2711 2082,2710 2157,2708 2233,2707 2308,2705 2384,2702"/>
                <TextEquiv>
                    <Unicode>pubblico speciale, pubblico di raffinati e di buongustai, pubblico gia</Unicode>
                </TextEquiv>
            </TextLine>
            <TextLine id="r1l41" custom="readingOrder {index:40;}">
                <Coords points="876,2782 2279,2772 2388,2759 2388,2719 876,2742"/>
                <Baseline points="886,2776 960,2773 1035,2771 1109,2768 1184,2767 1259,2765 1333,2764 1408,2763 1482,2763 1557,2762 1632,2761 1706,2761 1781,2760 1855,2760 1930,2759 2005,2758 2079,2757 2154,2756 2228,2754 2303,2752 2378,2749"/>
                <TextEquiv>
                    <Unicode>sazio dei piccoli giuochie delle piccole combinazioni del repertorio abi¬</Unicode>
                </TextEquiv>
            </TextLine>
            <TextLine id="r1l42" custom="readingOrder {index:41;}">
                <Coords points="873,2828 2288,2816 2394,2771 872,2782"/>
                <Baseline points="882,2824 957,2822 1032,2821 1107,2819 1182,2818 1257,2817 1332,2816 1407,2815 1482,2815 1557,2814 1633,2813 1708,2812 1783,2812 1858,2811 1933,2810 2008,2809 2083,2808 2158,2806 2233,2805 2308,2804 2384,2802"/>
                <TextEquiv>
                    <Unicode>tuale. Da noi. fra una rappresentazione di Cause ed effetti ed una di</Unicode>
                </TextEquiv>
            </TextLine>
            <TextLine id="r1l43" custom="readingOrder {index:42;}">
                <Coords points="869,2872 2393,2864 2358,2809 869,2837"/>
                <Baseline points="878,2872 953,2871 1028,2870 1103,2869 1179,2867 1254,2866 1329,2865 1404,2864 1480,2863 1555,2862 1630,2860 1705,2859 1781,2858 1856,2857 1931,2857 2006,2856 2082,2855 2157,2855 2232,2855 2307,2855 2383,2855"/>
                <TextEquiv>
                    <Unicode>Champignol, gli gatti unici delle Marionette sarebbero mal compresi</Unicode>
                </TextEquiv>
            </TextLine>
            <TextLine id="r1l44" custom="readingOrder {index:43;}">
                <Coords points="867,2921 934,2937 1032,2918 1128,2936 1416,2916 1415,2891 1347,2869 1150,2890 867,2881"/>
                <Baseline points="877,2915 903,2916 930,2917 956,2918 983,2918 1009,2918 1036,2918 1062,2917 1089,2917 1115,2916 1142,2915 1168,2915 1195,2914 1221,2913 1248,2912 1274,2912 1301,2911 1327,2911 1354,2910 1380,2910 1407,2910"/>
                <TextEquiv>
                    <Unicode>0 non compresi affatto.</Unicode>
                </TextEquiv>
            </TextLine>
            <TextLine id="r1l45" custom="readingOrder {index:44;}">
                <Coords points="969,2982 2392,2963 2391,2918 2293,2904 968,2937"/>
                <Baseline points="978,2968 1048,2967 1118,2966 1188,2965 1259,2964 1329,2964 1399,2963 1469,2963 1540,2962 1610,2962 1680,2962 1750,2961 1821,2961 1891,2960 1961,2959 2031,2958 2102,2957 2172,2955 2242,2954 2312,2952 2383,2949"/>
                <TextEquiv>
                    <Unicode>Cassiano i valoroso é una escena per marionettes che finisce</Unicode>
                </TextEquiv>
            </TextLine>
            <TextLine id="r1l46" custom="readingOrder {index:45;}">
                <Coords points="870,3034 2354,3018 2397,2974 869,2979"/>
                <Baseline points="879,3017 954,3016 1029,3014 1105,3013 1180,3012 1256,3010 1331,3009 1406,3008 1482,3007 1557,3006 1633,3005 1708,3005 1783,3004 1859,3003 1934,3003 2010,3002 2085,3002 2160,3001 2236,3001 2311,3001 2387,3001"/>
                <TextEquiv>
                    <Unicode>contre morti:  Alla grande salsiccias é un burlesco pieno di fantasia</Unicode>
                </TextEquiv>
            </TextLine>
            <TextLine id="r1l47" custom="readingOrder {index:46;}">
                <Coords points="869,3070 2216,3069 2396,3023 868,3036"/>
                <Baseline points="879,3064 954,3063 1029,3063 1105,3063 1180,3062 1256,3062 1331,3061 1406,3061 1482,3061 1557,3060 1633,3059 1708,3058 1783,3058 1859,3057 1934,3056 2010,3054 2085,3052 2160,3051 2236,3049 2311,3046 2387,3044"/>
                <TextEquiv>
                    <Unicode>e ricco di finissima satira: é una specie di parodia dei drammi con¬</Unicode>
                </TextEquiv>
            </TextLine>
            <TextLine id="r1l48" custom="readingOrder {index:47;}">
                <Coords points="868,3132 2392,3104 2391,3055 2281,3053 868,3092"/>
                <Baseline points="877,3118 952,3117 1027,3115 1102,3114 1178,3113 1253,3112 1328,3111 1404,3110 1479,3110 1554,3109 1630,3108 1705,3108 1780,3107 1855,3106 1931,3105 2006,3105 2081,3103 2157,3102 2232,3101 2307,3099 2383,3097"/>
                <TextEquiv>
                    <Unicode>temporanei, alla quale prendon parte gli spettatori, l’autore, e il di¬</Unicode>
                </TextEquiv>
            </TextLine>
            <TextLine id="r1l49" custom="readingOrder {index:48;}">
                <Coords points="868,3176 2278,3160 2209,3106 867,3132"/>
                <Baseline points="877,3163 946,3162 1016,3161 1085,3160 1155,3160 1225,3159 1294,3158 1364,3158 1433,3157 1503,3157 1573,3156 1642,3156 1712,3155 1781,3155 1851,3154 1921,3153 1990,3152 2060,3151 2129,3150 2199,3149 2269,3147"/>
                <TextEquiv>
                    <Unicode>rettore di un piccolo teatrino da marionette del Wurstelprater.</Unicode>
                </TextEquiv>
            </TextLine>
            <TextLine id="r1l50" custom="readingOrder {index:49;}">
                <Coords points="957,3213 2401,3208 2341,3150 956,3177"/>
                <Baseline points="967,3213 1038,3212 1109,3210 1180,3209 1251,3208 1323,3208 1394,3207 1465,3207 1536,3206 1607,3206 1679,3206 1750,3205 1821,3205 1892,3204 1963,3203 2035,3202 2106,3201 2177,3199 2248,3197 2319,3194 2391,3192"/>
                <TextEquiv>
                    <Unicode>II burattinaio é, delle tre, la commedia piüequilibrata, meno  da</Unicode>
                </TextEquiv>
            </TextLine>
            <TextLine id="r1l51" custom="readingOrder {index:50;}">
                <Coords points="881,3271 2394,3256 2393,3205 2344,3203 881,3235"/>
                <Baseline points="890,3262 964,3261 1039,3260 1114,3259 1189,3258 1263,3257 1338,3256 1413,3255 1488,3254 1562,3253 1637,3252 1712,3252 1787,3251 1861,3250 1936,3249 2011,3249 2086,3248 2160,3247 2235,3246 2310,3246 2385,3245"/>
                <TextEquiv>
                    <Unicode>marionette g#e piü per uomini in carne ed ossa. Ed é— occorre dirlo? -</Unicode>
                </TextEquiv>
            </TextLine>
            <TextLine id="r1l52" custom="readingOrder {index:51;}">
                <Coords points="871,3333 999,3317 1079,3333 1115,3307 1368,3322 1387,3319 1386,3281 1169,3263 1141,3277 989,3270 955,3286 913,3271 870,3295"/>
                <Baseline points="879,3311 905,3311 931,3311 957,3311 983,3311 1009,3310 1035,3309 1062,3308 1088,3308 1114,3307 1140,3306 1166,3305 1192,3304 1219,3304 1245,3304 1271,3303 1297,3304 1323,3304 1349,3304 1376,3305"/>
                <TextEquiv>
                    <Unicode>di grande originalità.</Unicode>
                </TextEquiv>
            </TextLine>
            <TextLine id="r1l53" custom="readingOrder {index:52;}">
                <Coords points="956,3357 2396,3337 2349,3290 955,3328"/>
                <Baseline points="965,3357 1036,3358 1107,3358 1178,3358 1249,3358 1320,3358 1391,3358 1462,3358 1533,3358 1604,3357 1676,3356 1747,3355 1818,3354 1889,3353 1960,3352 2031,3350 2102,3348 2173,3346 2244,3344 2315,3342 2387,3339"/>
                <TextEquiv>
                    <Unicode>Giorgio Merklin confessa al suo vecchio amico Edoardo Jagisch</Unicode>
                </TextEquiv>
            </TextLine>
            <TextLine id="r1l54" custom="readingOrder {index:53;}">
                <Coords points="870,3402 2407,3413 2323,3349 870,3383"/>
                <Baseline points="880,3410 955,3410 1031,3409 1107,3408 1183,3407 1259,3406 1335,3405 1410,3404 1486,3403 1562,3402 1638,3401 1714,3399 1790,3398 1866,3397 1941,3396 2017,3395 2093,3394 2169,3394 2245,3393 2321,3393 2397,3393"/>
                <TextEquiv>
                    <Unicode>di esser stato un giorno il suo burattinaio: precisamente l’ultima volta</Unicode>
                </TextEquiv>
            </TextLine>
            <TextLine id="r1l55" custom="readingOrder {index:54;}">
                <Coords points="875,3470 2317,3465 2402,3409 875,3425"/>
                <Baseline points="885,3458 960,3458 1035,3458 1111,3458 1186,3457 1262,3457 1337,3456 1412,3456 1488,3455 1563,3454 1639,3453 1714,3452 1789,3451 1865,3450 1940,3449 2016,3448 2091,3447 2166,3445 2242,3444 2317,3443 2393,3441"/>
                <TextEquiv>
                    <Unicode>che si videro, a quella gaia cena, egli combinó con Anna, perché si</Unicode>
                </TextEquiv>
            </TextLine>
            <TextLine id="r1l56" custom="readingOrder {index:55;}">
                <Coords points="954,3566 2197,3573 2348,3547 2348,3499 953,3533"/>
                <Baseline points="963,3562 1031,3562 1100,3562 1169,3561 1238,3561 1307,3561 1375,3560 1444,3560 1513,3559 1582,3559 1651,3558 1719,3558 1788,3557 1857,3556 1926,3555 1995,3553 2063,3552 2132,3550 2201,3548 2270,3546 2339,3544"/>
                <TextEquiv>
                    <Unicode>(1) Lebendigen Stunden, Vier Einakter (Berlin, Fischer, 1902), pagg. 160.</Unicode>
                </TextEquiv>
            </TextLine>
            <TextLine id="r1l57" custom="readingOrder {index:56;}">
                <Coords points="949,3609 2004,3626 2212,3613 2212,3571 948,3590"/>
                <Baseline points="958,3614 1020,3611 1082,3608 1144,3606 1206,3604 1269,3603 1331,3602 1393,3601 1455,3600 1517,3600 1580,3599 1642,3599 1704,3599 1766,3598 1828,3598 1891,3598 1953,3598 2015,3598 2077,3598 2139,3597 2202,3597"/>
                <TextEquiv>
                    <Unicode>(2) Marionetfen, Drei Einakter (Berlin, Fischer, 1906), pagg. 148.</Unicode>
                </TextEquiv>
            </TextLine>
            <TextLine id="r1l58" custom="readingOrder {index:57;}">
                <Coords points="2142,4041 2192,4042 2204,3870 2187,3867 2178,3860 2170,3866 2154,3866"/>
                <Baseline points="2153,4012 2185,4014"/>
                <TextEquiv>
                    <Unicode></Unicode>
                </TextEquiv>
            </TextLine>
            <TextEquiv>
                <Unicode>—
box 36/3
Panphlets, Offprints
ARTURO SCHNITZLER
10
dalle parole dell’amica, ei viene a sapere che essa neppure lo amava,
e sapeva benissimo che egli avrebbe dovuto sposarsi fra giorni. E il
marito se ne va, sconsolato, solo.
Delle quattro produzioni in un atto, che prendono il titolo dalla
prima: Ore di vita (1), due: Le ultime maschere e Letteratura sono
state rappresentate, e tuttora si rappresentano in Italia: e mi dispenso
perció dal darne l’analisi: l’altra s’intitola: La donna col pugnale.
Ore di vita, secondo l’idea dello Schnitzler, sono quelle decisive
nell’esistenza di un artista — un letterato é infatti sempre il protago¬
nista di questi quattro drammetti — sono quei momenti solenni del¬
l’esistenza, nei quali tutto il passato é sconvolto dalla rivelazione di
un episodio, o dal verificarsi di un fatto, infinitamente piu importante
che tutto il mestiere dello scrivere, che tutta l’arte istessa. &amp; Che cosa
e tutto lo scribacchiare di fronte a un'ora d’amore? " esclama lo
Schnitzler per bocca di uno dei suoi personaggi.
Nel breve atto, che apre il volume, Antonio Hausdorfer rivela al
figlio della propria amante, morta, che essa si é uccisa, sapendo che
la sua malattia, protraendosi forse ancora per lunghi anni, avrebbe
impedito a lui, giovane poeta, di lavorare, di scrivere, di essere qual¬
cuno: si é avvelenata perché non voleva, con la sua triste esistenza
di inferma, inceppare il libero svolgersi della sua personalità di ar¬
tista. Ma il giovane poeta, al quale Hausdorfer ha mostrato la lettera
della madre, gli rimprovera di non aver adempiuto la volontà della
morta: essa non voleva che il figlio venisse mai a sapere tutta l’or¬
ribile verità: che ne sarà della sua vita, ora che egli sa d’esser stato
la causa indiretta della morte della madre?
Anche nella prima commedia del volume: Marionette (2), Arturo
Schnitzler non ismentisce le sue preziose qualità di analista finissimo.
Ma in questi tre atti del volume (II burattinaio, Cassiano il valoroso,
&amp; Alla grande salsiccias) il commediografo viennese sempre piü si allon¬
tana dal teatro, e dimentica le esigenze ferree delle leggi sceniche:
sono, come egli stesso le chiama, piü che commedie, studi, burleschi,
scene da burattini, piccoli atti destinati ai teatri speciali, e che sol¬
tanto sarebbero comprensibili dal pubblico di una grande città, da un
pubblico speciale, pubblico di raffinati e di buongustai, pubblico gia
sazio dei piccoli giuochie delle piccole combinazioni del repertorio abi¬
tuale. Da noi. fra una rappresentazione di Cause ed effetti ed una di
Champignol, gli gatti unici delle Marionette sarebbero mal compresi
0 non compresi affatto.
Cassiano i valoroso é una escena per marionettes che finisce
contre morti:  Alla grande salsiccias é un burlesco pieno di fantasia
e ricco di finissima satira: é una specie di parodia dei drammi con¬
temporanei, alla quale prendon parte gli spettatori, l’autore, e il di¬
rettore di un piccolo teatrino da marionette del Wurstelprater.
II burattinaio é, delle tre, la commedia piüequilibrata, meno  da
marionette g#e piü per uomini in carne ed ossa. Ed é— occorre dirlo? -
di grande originalità.
Giorgio Merklin confessa al suo vecchio amico Edoardo Jagisch
di esser stato un giorno il suo burattinaio: precisamente l’ultima volta
che si videro, a quella gaia cena, egli combinó con Anna, perché si
(1) Lebendigen Stunden, Vier Einakter (Berlin, Fischer, 1902), pagg. 160.
(2) Marionetfen, Drei Einakter (Berlin, Fischer, 1906), pagg. 148.
</Unicode>
            </TextEquiv>
        </TextRegion>
        <TextRegion orientation="0.0" id="r2" custom="readingOrder {index:1;}">
            <Coords points="2816,3435 2816,3587 2920,3587 2920,3435"/>
            <TextLine id="r2l1" custom="readingOrder {index:0;}">
                <Coords points="2807,3559 2821,3559 2832,3551 2847,3559 2853,3555 2870,3559 2881,3548 2929,3552 2929,3510 2902,3510 2899,3506 2891,3510 2880,3504 2876,3508 2836,3508 2825,3512 2817,3504 2808,3504"/>
                <Baseline points="2816,3535 2842,3536 2868,3535 2894,3535 2920,3537"/>
                <TextEquiv>
                    <Unicode>mann</Unicode>
                </TextEquiv>
            </TextLine>
            <TextEquiv>
                <Unicode>mann</Unicode>
            </TextEquiv>
        </TextRegion>
        <TextRegion orientation="0.0" id="r3" custom="readingOrder {index:2;}">
            <Coords points="2882,3829 2882,3995 3042,3995 3042,3829"/>
            <TextLine id="r3l1" custom="readingOrder {index:0;}">
                <Coords points="2880,3896 2907,3901 2922,3887 2935,3894 2966,3894 2980,3880 3003,3883 3011,3877 3044,3895 3053,3894 3051,3841 3020,3846 3007,3835 2990,3850 2973,3841 2929,3849 2901,3848 2895,3842 2878,3847"/>
                <Baseline points="2890,3882 2915,3880 2940,3879 2966,3878 2991,3877 3016,3876 3042,3874"/>
                <TextEquiv>
                    <Unicode></Unicode>
                </TextEquiv>
            </TextLine>
            <TextLine id="r3l2" custom="readingOrder {index:1;}">
                <Coords points="2872,3990 2882,3990 2889,3996 2918,3984 2956,3985 2960,3844 2939,3848 2922,3845 2911,3852 2894,3842 2877,3844"/>
                <Baseline points="2882,3971 2914,3973 2946,3973"/>
                <TextEquiv>
                    <Unicode>0</Unicode>
                </TextEquiv>
            </TextLine>
            <TextEquiv>
                <Unicode>
0</Unicode>
            </TextEquiv>
        </TextRegion>
        <TextRegion orientation="0.0" id="r4" custom="readingOrder {index:3;}">
            <Coords points="2796,1072 2796,1503 3294,1503 3294,1072"/>
            <TextLine id="r4l1" custom="readingOrder {index:0;}">
                <Coords points="2797,1102 3114,1114 3199,1101 3252,1116 3294,1109 3294,1040 3161,1067 3133,1052 3030,1055 3013,1040 2922,1064 2797,1057"/>
                <Baseline points="2807,1096 2832,1096 2857,1095 2882,1095 2907,1095 2932,1095 2957,1095 2982,1095 3007,1095 3032,1095 3058,1095 3083,1095 3108,1095 3133,1096 3158,1096 3183,1096 3208,1096 3233,1096 3258,1096 3284,1096"/>
                <TextEquiv>
                    <Unicode>fingesse innamorata di</Unicode>
                </TextEquiv>
            </TextLine>
            <TextLine id="r4l2" custom="readingOrder {index:1;}">
                <Coords points="2797,1147 2845,1164 2995,1150 3302,1161 3302,1112 3285,1106 3196,1104 3179,1119 3090,1103 3069,1116 2798,1111"/>
                <Baseline points="2807,1144 2832,1144 2858,1143 2883,1143 2909,1143 2934,1143 2960,1143 2986,1143 3011,1143 3037,1143 3062,1143 3088,1144 3113,1144 3139,1145 3165,1145 3190,1145 3216,1145 3241,1146 3267,1146 3293,1146"/>
                <TextEquiv>
                    <Unicode>nella persuasione di nd</Unicode>
                </TextEquiv>
            </TextLine>
            <TextLine id="r4l3" custom="readingOrder {index:2;}">
                <Coords points="2798,1202 3280,1205 3293,1201 3294,1154 2798,1160"/>
                <Baseline points="2807,1192 2832,1192 2857,1192 2882,1192 2907,1192 2932,1192 2957,1192 2982,1193 3007,1193 3032,1193 3058,1193 3083,1194 3108,1194 3133,1194 3158,1195 3183,1195 3208,1195 3233,1196 3258,1196 3284,1197"/>
                <TextEquiv>
                    <Unicode>volta prese l’amore di</Unicode>
                </TextEquiv>
            </TextLine>
            <TextLine id="r4l4" custom="readingOrder {index:3;}">
                <Coords points="2787,1249 3074,1263 3304,1246 3304,1211 3245,1201 2869,1216 2833,1200 2788,1213"/>
                <Baseline points="2796,1243 2822,1242 2848,1242 2874,1242 2900,1242 2927,1242 2953,1243 2979,1243 3005,1244 3031,1244 3058,1245 3084,1245 3110,1245 3136,1246 3162,1246 3189,1246 3215,1245 3241,1245 3267,1244 3294,1243"/>
                <TextEquiv>
                    <Unicode>E cosi Giorgio Merklin</Unicode>
                </TextEquiv>
            </TextLine>
            <TextLine id="r4l5" custom="readingOrder {index:4;}">
                <Coords points="2797,1314 2913,1299 2957,1310 2987,1295 3304,1314 3304,1246 3207,1263 2797,1251"/>
                <Baseline points="2807,1294 2832,1293 2858,1293 2883,1293 2909,1293 2935,1293 2960,1293 2986,1293 3012,1293 3037,1293 3063,1293 3088,1293 3114,1293 3140,1293 3165,1293 3191,1293 3217,1293 3242,1293 3268,1293 3294,1293"/>
                <TextEquiv>
                    <Unicode>essa era innamorata di</Unicode>
                </TextEquiv>
            </TextLine>
            <TextLine id="r4l6" custom="readingOrder {index:5;}">
                <Coords points="2795,1350 2907,1363 3039,1340 3294,1364 3294,1299 3195,1313 2931,1296 2795,1317"/>
                <Baseline points="2804,1345 2829,1345 2854,1344 2879,1344 2905,1344 2930,1344 2955,1344 2981,1344 3006,1344 3031,1345 3057,1345 3082,1345 3107,1345 3133,1345 3158,1344 3183,1344 3209,1344 3234,1343 3259,1343 3285,1341"/>
                <TextEquiv>
                    <Unicode>quegli che voleva gioc</Unicode>
                </TextEquiv>
            </TextLine>
            <TextLine id="r4l7" custom="readingOrder {index:6;}">
                <Coords points="3260,1395 3273,1394 3277,1398 3285,1397 3293,1387 3303,1386 3299,1346 3286,1349 3278,1360 3269,1368 3257,1369"/>
                <Baseline points="3268,1390 3294,1388"/>
                <TextEquiv>
                    <Unicode>:</Unicode>
                </TextEquiv>
            </TextLine>
            <TextLine id="r4l8" custom="readingOrder {index:7;}">
                <Coords points="3193,1402 3216,1402 3221,1399 3234,1398 3231,1362 3221,1363 3219,1365 3207,1359 3203,1355 3188,1355"/>
                <Baseline points="3202,1391 3224,1389"/>
                <TextEquiv>
                    <Unicode>a</Unicode>
                </TextEquiv>
            </TextLine>
            <TextLine id="r4l9" custom="readingOrder {index:8;}">
                <Coords points="2793,1387 2829,1406 2932,1406 2970,1395 3042,1408 3091,1401 3091,1348 3047,1361 2958,1348 2907,1363 2867,1349 2837,1363 2816,1349 2793,1357"/>
                <Baseline points="2802,1390 2827,1392 2852,1392 2878,1393 2903,1393 2928,1392 2954,1392 2979,1391 3004,1391 3030,1391 3055,1393 3081,1394"/>
                <TextEquiv>
                    <Unicode>e stato il sol(</Unicode>
                </TextEquiv>
            </TextLine>
            <TextLine id="r4l10" custom="readingOrder {index:9;}">
                <Coords points="2803,1453 2813,1453 2819,1459 2843,1456 2862,1447 2885,1454 2894,1448 2908,1450 2907,1403 2898,1403 2892,1397 2879,1397 2873,1403 2858,1399 2850,1403 2841,1401 2837,1405 2803,1404"/>
                <Baseline points="2812,1444 2840,1442 2869,1441 2898,1444"/>
                <TextEquiv>
                    <Unicode>piü</Unicode>
                </TextEquiv>
            </TextLine>
            <TextLine id="r4l11" custom="readingOrder {index:10;}">
                <Coords points="2801,1499 2820,1495 2835,1503 2842,1495 2850,1499 2858,1495 2871,1499 2882,1497 2882,1452 2860,1448 2833,1459 2818,1457 2812,1463 2801,1461"/>
                <Baseline points="2810,1491 2841,1492 2872,1491"/>
                <TextEquiv>
                    <Unicode>esi</Unicode>
                </TextEquiv>
            </TextLine>
            <TextEquiv>
                <Unicode>fingesse innamorata di
nella persuasione di nd
volta prese l’amore di
E cosi Giorgio Merklin
essa era innamorata di
quegli che voleva gioc
:
a
e stato il sol(
piü
esi</Unicode>
            </TextEquiv>
        </TextRegion>
    </Page>
</PcGts>
