3392 4352
111 243 1051 347 13. Die Gleitenden
586 621 1042 789 GRATIS
599 750 1095 869 SULSTE HAORRLOHF
570 941 827 1032 8. JUMT
249 994 1149 1096 Haus Rimbeck, bisher am Augsburger
224 1038 1151 1122 Stadttheater, wurde als jugendlicher Komiker und
218 1094 1154 1154 Bonoivant für Schauspiel und Operette und als Spiel¬
230 1126 1158 1209 leiter des Schauspiels an die städtischen Bühnen
218 1155 635 1213 Planen verpflichtet.
251 1196 1156 1257 Kammersänger Gruberist jnfolge seines Gesund¬
226 1215 1144 1287 heitszustandes in gütlichen Einvernehmen mit der
217 1264 1150 1318 Theaterleitung aus dem Verbande des Nürnberger
215 1296 1149 1377 Stadttheaters zur Wiederherstellung seiner Gesund¬
212 1326 560 1376 heit ausgeschieden.
250 1358 1150 1410 Am Dienstag, 7. Juni, gelangen im Nationaltheater
215 1372 1147 1454 Mannheim die beiden Einakter aus dem Nachlaß
209 1424 1137 1474 von Arthur Schnitzler „Die Gleitenden“
824 1471 877 1503 7
220 1468 1148 1517 und „Anatols Größenwahn zur reichsdent¬
220 1497 1144 1546 schen Uraufführung. Anschließend wird die einaktige
212 1537 1140 1595 Komödie „Komtesse Mizzi“ von Schnitzler in
212 1566 1149 1617 neuer Inszenierung gegeben. In der Oper gelangt in
206 1605 1144 1661 Fortführung der Neuinszenierung des „Ring des
214 1632 967 1687 Nibelungen“ von R. Wagner am Mittwoch,
984 1644 1147 1695 Juni,
222 1673 1171 1723 „Die Walküre“ neuinszeniert unter musikalischer Lei¬
214 1703 1159 1777 tung von Josef Rosenstock und unter Regie von Dr.
209 1724 747 1808 Richard-Hein zur Aufführung.
679 2167 1061 2257 DAUSGABE
352 2215 1096 2328 RheinischMestfäliegte uie. Pesona. d. .
769 2327 937 2421 1932
531 2339 722 2427 10.5
294 2408 1141 2489 Zwei Schnitzler-Uraufführungen
269 2469 1158 2549 — im Mannheimer Narkonarryenter¬
814 2515 1276 2597 * Mannheim, 9. Juni.
176 2570 1314 2641 Da hat man zwei jahrzehntealte bisher unaufgeführte Ein¬
1202 2626 1300 2672 ein¬
140 2623 1209 2684 akter dem Schreibtisch des Verstorbenen entnommen und
150 2657 1314 2716 studiert. Zuerst „Die Gleitenden“ ein echter Schnitzler. Sie
138 2702 1310 2770 Ffragen nach dem Inhalt? Oh, die übliche Schnitzelei: Wer ist wem
157 2739 1319 2797 (natürlich) untreu, ohne auf Abwegen sonderlich Tiefes zu er¬
147 2777 1312 2833 eben? Es sind eigentlich armselig=harmlose Kaninchen, die da sich
146 2801 1320 2871 kangweilend und darum sündigend vorübergleiten. Der berühmte
145 2854 1316 2910 Chirurg liebeleit so ein bißchen firmchen=feinsinnig mit der Frau
137 2897 1319 2959 des befreundeten Malecs. Dieser und die betrogene Aerztegattin
155 2934 1322 2993 verschwören sich, durch anonyme Briefe argwöhnisch geworden,
152 2965 1323 3028 gegen die beiden Missetäter. Im weiteren Verlauf suggeriert dann
155 3008 1313 3064 der betrogene Maler mit der Pose eines Zigeunerprimas der be¬
148 3043 1326 3105 krogenen Freundesgaitin platonische Gefühle. Das ganze gleitet
153 3096 1320 3144 chließlich geistvollerweise ohne happy end oder Pistolen ganz
156 3131 1316 3180 infach aus. Dann folgt „Anatols Größenwahn“ oder:
154 3167 1321 3225 sein paar Augenblicke aus dem Lebensabend schrecklich langweiliger,
144 3199 1317 3260 ber rentenschwerer Junggesellen. Fast möchte der Unbefangene
163 3243 1319 3302 auf Courths=Mahler raten, um sich aber noch rechtzeitig zu er¬
153 3292 1322 3331 knnern, daß es ja mehr Dékobra — Dékobra aus Wien — vom
155 3319 1315 3374 geistreichen Schnitzler ist. Geistreich und feinsinnig ist es zum
154 3357 1325 3410 Beispiel, von diesen resignierenden, alten Junggesellen zu hören,
157 3399 1326 3447 daß es unmöglich sei, eine Jungfrau aufzutreiben, was als Be¬
160 3433 1320 3486 hauptung gemein, als Witz so ärmlich wirkt, daß der billigste
161 3461 1332 3543 Kabarettist bis hinter die Ohren rot wird, wenn ihm solch ein
169 3516 563 3570 „Bonmot“ entschlüpft.
184 3546 1326 3603 Inszenierung (Hermann Albert Schröder) und Darsteller
159 3572 1326 3642 katen ihr Bestes, den schemenhaften Gestalten etwas Leben einzu¬
172 3617 1323 3678 hauchen. Die misera plebs, die profane Masse bewundert im
167 3660 1336 3723 Kino jahraus, jahrein Flimmerbilder, die von Langeweile und
166 3694 1331 3761 unsichtbaren Renten gequälte Wesen zeigen, solchermaßen für
155 3734 1331 3803 acht Groschen einen Abend lang den Hauch der „großen Welt“
166 3765 1332 3834 enießend. Damit auch die Gebildeten nicht zu kurz kommen, da¬
174 3818 1338 3866 für hat dankenswerterweise Arthur Schnitzler aus Wien gesorgt.
173 3848 1367 3923 Jedem das Seine. Das Publikum war begeistert. Dr. W. G.
1182 222 1717 322 box 34/10
1320 622 2165 767 „OBSERVEI
1421 730 2118 818 I. österr. behördl. konzessioniertes
1397 779 2156 880 Unternehmen für Zeitungs-Ausschnitte
1453 835 2083 944 WIEN, I., WOLLZELLE 11
1536 905 2022 981 TELEPHON R-23-0-43
1355 1038 1738 1125 Ausschnitt aus:
1366 1280 1518 1362 vom:
1691 1414 2378 1512 Berliner Rörsch-orurter, Berlin
1293 1464 1508 1547 14. 0
1549 1475 1709 1587 1932
1318 1568 3123 1709 Schnitzler und Halbe — Uraufführungen
2227 1655 3148 1756 horumstehen, herumsitzen, herumlaufen. Er
2234 1730 2963 1801 wird nervös und das Publikum auch.
1317 1709 2213 1809 Vom Roman zum T heaterstück
2295 1755 3140 1838 Obwohl der Dichter bereits nach dem
1358 1783 2229 1866 Max Halbe hat seinen 1931 erschienenen Ro¬
2241 1822 3139 1895 dritten Akt geholt wurde, gab es nur einen
1310 1844 2223 1904 man „Generalkonsul Stenzel und sein gefähr¬
2236 1852 3142 1946 Achtungserfolg, bei dem ein zaghafter
1322 1886 2216 1950 liches Ich“ in ein Theaterstück umgeschrieben,
2812 1905 3115 1984 Goetz Mayer.
2242 1927 2573 1995 Zischer auffiel.
1313 1925 2227 1990 das unter dem Titel „Ginevra oder der Ziegel¬
1321 1970 2223 2049 stein“ im Münchner Residenztheater zur Ur¬
1319 2017 2228 2099 aufführung kam. Was ist aus dem Roman ge¬
2303 1998 3085 2100 Gedenkfeier in Mannheim
1322 2063 2235 2138 worden, und was ist von ihm übrig geblieben?
2294 2082 3141 2161 Einen Erinnerungsabend für Schnitzler ver¬
1386 2109 2235 2176 Uebriggeblieben sind lediglich die schwa¬
2240 2129 3147 2208 anstaltete das Mannheimer Nationaltheater.
1314 2150 2230 2224 chen Teile des Romans. Uebriggeblieben ist von
2238 2176 3140 2263 Zusammen mit der Komödie „Komtesse Mizzi“
1321 2209 2232 2266 dem Roman der phrasenhafte, gestelzte Ton, in
2256 2210 3150 2297 widerfuhr zwei um die Jahrhundertwende ent¬
1324 2244 2230 2325 dem die Menschen miteinander reden, die —
2243 2278 3160 2347 standenen Einaktern die Ehre der Urauffüh¬
1329 2289 2235 2357 auch 1931 — falsche Vorstellung von der jungen
2239 2312 3161 2399 rung. Beide haben alles, was Schnitzler hatte:
1331 2339 2243 2401 Generation, das Fehlerhafte mancher Thesen
2252 2358 3160 2444 die spielerische Leichtigkeit, die Eleganz der
1340 2370 2243 2448 und Feststellungen. Uebriggeblieben ist die
2248 2391 3155 2473 Sprache, das verträumte Nebenher, die leise
1338 2422 2241 2498 Peinlichkeit vieler Situationen, die im Roman
2248 2451 3163 2520 Müdigkeit, die skeptische Moral, die verspielte
1343 2469 2237 2547 oft verdeckt und durch die Schilderung zurück¬
2256 2492 3163 2566 Theater-Unwirklichkeit: Wiener Luft von der
1339 2514 2233 2586 gedrängt ist. Uebriggeblieben ist eine große
2253 2540 3162 2620 allerbesten. „Die Gleitenden“ ist ein
1341 2558 2245 2632 Verlegenheit. Die wunderliche Geschichte des
2254 2580 3165 2662 Stück vom Zweifel und von der Unsicherheit,
1332 2601 2239 2682 Pflicht- und Arbeitsmenschen Johann Sebastian
2260 2626 3174 2706 von Angst und Eifersucht, von einem ano¬
1349 2654 2237 2719 Stenzel existiert nicht mehr. Seine fixe Idee,
2256 2666 3165 2764 nymen Brief geweckt, durch Ahnungen be¬
1341 2693 2243 2759 nur noch ein Jahr leben zu dürfen, wird nicht
2269 2723 3169 2802 stätigt, durch die Wirklichkeit bekräftigt. —
1338 2739 2240 2812 deutlich. Der Stenzel des Romans ist eine
2266 2762 3173 2843 In „Anatols Größenwahn“ ein Dialog von der
1338 2785 2238 2845 kompakte, etwas schwerfällige, niemals un¬
2276 2816 3182 2897 Unsicherheit der menschlichen Beziehungen,
1354 2823 2250 2907 sympathische Gestalt. Der Stenzel des Theater¬
2270 2862 3185 2939 von der Unmöglichkeit, die Wahrheit in der ##
1349 2873 2247 2952 stückes ist vom ersten bis zum fünften Akt ein
2269 2906 3181 2984 Liebe zu erfahren. Beide Stücke, von unerhör¬
1349 2907 2255 2988 fahriger, aufdringlicher Psychopath. Aus einer
2266 2960 3175 3041 ter Virtuosität, wenn man sie mit den Durch¬
1352 2960 2246 3035 zwar oft nicht befriedigenden, aber doch
2271 2992 3188 3083 schnittsunterhaltungsstücken von heute ver¬
1348 3012 2255 3078 sauberen, immerhin klaren Arbeit, aus dem am
2268 3041 3181 3126 gleicht, wurden unter Regie von H. A.
1348 3057 2254 3119 Ende sogar fast vergnüglichen Roman des
1356 3101 2258 3171 Generalkonsul Stenzel (der übrigens leibhaftig
2263 3074 3204 3164 Schroeder mustergültig gespielt. Willy ?
1354 3143 2254 3208 umgehen soll) wurde eine zerfahrene, unge¬
2263 3135 3200 3232 Birgel und die Damen Overhoff, Ziffe¬
1366 3183 2262 3261 ordnete Arbeit, ein langweilendes, kurzatmiges
2267 3190 3183 3267 rer, Wolf und Ziegler ausgezeichnet. Ein wun¬
2267 3206 3198 3309 derbarer Theater-Abend — was für ein Dialog!
1367 3247 1666 3311 Theaterstück.
1420 3254 2253 3341 Alfons Pape hatte die Aufführung vorbe¬
2279 3265 3203 3357 welche Szenenführung! Aber trotzdem ein#
1353 3307 2262 3399 reitet. Mitten aus der Arbeit heraus hat man
2283 3324 3182 3400 Abend des Abschieds. Die Welt ist anders ge¬
1365 3373 2272 3442 ihn herausgerissen. Die unfertige Arbeit wurde
2284 3354 3200 3446 worden. Die Zeichnung der Herzen ist damit
1401 3409 2274 3486 — Friaz Basil überlassen, einem mäßigen
2283 3413 3190 3497 nicht ungültig geworden: aber das Private
1368 3458 2274 3527 Darsteller (komischer) alter Herren. Es mag
2282 3464 3193 3542 daran hat an Interesse verloren, an Unwichtig¬
1362 3500 2261 3567 nicht sehr anregend sein, in einem solchen
2276 3499 3204 3601 keit zugenommen. So wurde der Schnitzler¬
1359 3545 2266 3606 Falle eine bereits angefangene Arbeit fortzu¬
2282 3551 3196 3637 Abend zu einem Abschied vom Privaten. Ein!
1370 3603 2265 3664 führen. Trotzdem hätte die Aufführung nicht
2294 3608 2950 3684 Schlußpunkt unter Vergangenes.
1376 3636 2274 3712 so disziplinlos, so geistlos ausfallen dürfen.
2791 3641 3168 3726 Hellmut Schlien.
2732 3669 2803 3736 #.
1368 3657 2313 3773 Gustav Waldau (Stenzel) muß fortwährend
