3344 4352
1162 222 1672 320 box 34/10
68 238 1003 349 13. Die Gleitenden
1010 593 3041 660 semble d’une diseipline rigoureuse. Ce sont (grandes reprises la Dame de pique et le Baron
81 599 1009 674 t. En réalité, le choix des pièces à créer ou
2015 648 3029 706 des tsiganes. A cölé d’une adaptation par le
1000 651 2011 706 là autant de mérites à peu près disparus du
80 659 1010 719 eprendre s’était montré assez judicienx
2022 691 3033 754 pocte Franz Werfel du Don Carlos de Verdi,
1008 707 2014 762 reste du monde. Ils ne suffisent pas toujours à
96 713 1014 758 r’se traduire par de bonnes recettes. Wild¬
2026 734 3042 791 une seule nouveauté intéressante a marqué
1012 750 2023 807 sauver des pièces inégales, oü cette saison était¬
101 753 999 803 s n’en fut pus moins sacrilié à des consi¬
2013 773 3030 833 Tannée, te Ceur de Hans Pfitzner. Le c dernien
1010 784 2016 836 loin d’apporter le brelan de succès français de
79 789 999 845 lions politico-commerciales, qui entouré¬
2017 823 3036 872 des romantiques 9 avait trouvé en de meilleurs
1020 833 2006 888 la précédente: le Sere faible, de Bourdet,
101 835 1013 898 sa démission de rancours dont s’aggrava
2015 860 3046 925 livrets, la Rose du Jjardin d’amour, Palestrina,
1014 870 2024 930 PHomme de joie, de Géraldy, Pierre ou Juck,
123 883 1010 950 reméde son état de santé deje tres
2025 916 3041 969 des inspirations plus hautes et plus soutenues.
1024 921 2012 974 de Francis de Croisset. Notre importation, si
73 924 226 982 uvé.
2017 960 3038 1015 Lhistoire de ce ccaur qu'un demon exige du
1013 960 1994 1018 j’ose dire, était représentée cette fois par la
70 955 1013 1020 es grandes réformes qu’on attendait de son
2018 995 3036 1045 magicien Alhanase pour la guérison du fills du
1020 999 2009 1063 tragi-comédie de Jacques Deval, Mademoiselle,
79 1004 1012 1067 Eesseur, M. Robelling, seront peut-étre plus
2023 1042 3046 1099 prince mourant et qu’on décöuvre au bout d’un
1012 1048 2018 1100 dont lhéroine fut inoubliablement incarnée
76 1050 1002 1105 Iciles à décrêter et surtout à réaliser que
2419 1076 3041 1131 charmante Helge von Lau¬
2013 1082 2425 1138 an celui de la
1025 1090 2013 1152 par Hélène Thimig. Le clou de la saison fut
77 1094 1008 1150 Kon de joyeux aveneinent: le rétablissement
2019 1121 3035 1186 denheim qu'Athanase a épousée après la gué¬
1010 1136 2013 1195 une pièce hongroise d’Otto Indig; la Flancée
86 1144 1011 1204 répétitions géneralez. En attendant, le ra¬
2021 1160 3049 1226 rison miraculause, semble déjà fatigante quand
1026 1174 2012 1245 de Torozko, dont Paula Wessely fit une créa¬
78 1178 1013 1236 missement de la troupe n'a été entrepris
2031 1205 3040 1267 elle a, d’incidents en ineidents, conduit en pri¬
1012 1226 1487 1286 tion très remarquée.
73 1220 1014 1278 vec une extréme prudence, et les engage¬
2030 1246 3043 1316 son ce veuf désolé, mais elle prend des déve¬
1058 1244 2014 1321 Le Volkstheater, 1°Odéon viennois, et le Rai¬
89 1263 1010 1325 ts sensationnels dont les journaux colpor¬
2870 1280 3050 1349 corps
2019 1296 2777 1349 loppements inattendus quand
1024 1302 2027 1368 mundtheater, devenu son succédané mais plus
85 1308 1003 1366 nt les bruits sont restés à l’état de prolets.
2024 1338 3052 1401 astral  de la jeune femme vient délivrer dans
92 1353 1005 1416 dehors du répertoire élément traditionnel
1026 1347 2030 1409 moderniste, ont fait une perte sensible en la
2020 1378 3048 1436 une apothéose d’amour conjugal l’imprudent
95 1382 1006 1449 ba réputation, le Burgiheater et sa filiale du
1023 1390 2014 1459 personne de M. Rudolf Beer, président du syn¬
2026 1421 3049 1485 docteur! Ce livret, malgré ses possibilités d in¬
1013 1429 2029 1491 dicat des directeurs de théätre, à leur téte de¬
91 1436 1015 1514 ätre du Conservatoire (Akademie Theater)
2027 1457 3050 1518 fernales n, n’a pas liberé le compositeur d’une
1026 1475 2017 1543 puis sept et onze ans, et que Berlin appelait à
90 1479 1018 1545 surtout vécn des succès de la saison pré¬
2030 1514 3056 1583 sécheresse voulue qui éloigne fort de Wagner
1019 1522 2018 1579 remplacer Max Reinhardt à celle du Deutsche
94 1535 1015 1587 ente: pour l’un, le Metternich et la Maison
2029 1551 2376 1622 ce wagnérien.
1019 1570 2027 1623 Theater. Par voie d’échange avec le Reich, on a
90 1572 1016 1624 child, de M. Sassmann, aveo la farce
2073 1574 3066 1661 L’ & événement o d’une saison théatrale vien¬
1026 1609 2027 1667 choisi pour son successeur un acteus de Franc¬
93 1611 1021 1674 z amusante de Karl Zuckmayer; le Capi¬
2031 1637 3057 1697 noise est encore et toujours une première de
1029 1642 2023 1714 fort, M. Rolf Jahn, qui avait fait son appren¬
91 1657 1019 1713 #s de Kopenick; pour l’autre la Pelite Ca¬
2027 1681 3048 1743 Franz Lehar. L’auteur de la Veuve Joyeuse, du
92 1682 1020 1757 ine, de Savoir, dans la spirituelle et par¬
1028 1691 2019 1754 tissage viennois en renflouant une petite scène,
2024 1723 3075 1785 Comte de Lumembourg, sans renier l’opérette
1023 1740 2027 1801 la Comédie. La saison du Volkstheater a inter¬
123 1744 1018 1811 traduction de Mme Berthe Zuckerkandl,
2025 1780 3051 1829 populaire qui a fait sa gloire universelle,
1024 1777 2030 1836 calé dans le répertoire une vingtaine de créa¬
93 1783 1016 1845 Amment. Cependant, la saison avait été
2031 1813 3060 1865 donne de plus en plus libre cours à l’inspira¬
1022 1826 2023 1882 tions ou de reprises. Signalons parmi ces der¬
82 1821 1018 1895 gurée par une expérience risquée et victo¬
2028 1852 3072 1919 tion dont il avait rävé des l’origine mais
1021 1865 2022 1940 nières deux pièces de Savoir, la Huitième
99 1875 1030 1938 se, la mise à la scene de l’étonnant Thédire
2035 1893 3066 1951 qu'avait contrecarrée sa carrière méme des
1021 1917 2022 1976 Temme de Barbe-Bleue ei cet étrange Lui, qu'on
108 1915 1021 1982 Monde, d’Hofmannsthal, créé par Max
2035 1941 3081 2001 compositeur applaudi par les foules. Avec le
1021 1960 2034 2014 comprit mal; parmi les premières, Balthazar
90 1951 1028 2023 hardt à l’ün des festivals de Salzbourg,
2044 1999 3042 2041 Monde est beau, il est nettement arrivé ##
1023 1998 2036 2055 de Léopold Marchand. L’initiative la plus inté¬
102 2013 1022 2065 r lequel il avait été écrit, dans une vieille
2038 2012 3077 2086 l’opéra-comique, dont plusieurs passages ot touf
100 2038 2029 2101 se ou le mélange d’art et de religion, base ressante fut sans contredit la présentation de
2041 2057 3099 2125 un acte méme sont de l’opéra pur. II lui faut*
102 2101 2031 2146 ’inspiration du poète, avait trouvé la plus quatre ou cing petits actes inédits ou oubliés
2038 2117 3079 2173 d’ailleurs des interprêtes d’opéra. A Vienne,
1032 2125 2023 2194 de Schnitzler dans le cadre de soirées consa¬
100 2129 1028 2190 issante réalisation. Ayant eu le privilège
2038 2160 3062 2214 c’est Adele Kern et Hans Heinz Bollmann qui
1026 2171 2025 2218 crées à sa mémoire,mais qui ne pouvaient ajou¬
103 2173 1036 2236 sister à la création, je m’inquiétais de re¬
2029 2200 3062 2263 ont prété leur organe entrainé, leur technique
1030 2217 2028 2268 ter beaucoup à sa gloire. Au Raimundtheater,
117 2206 1032 2278 sur des planches viennoises ce drame du
2046 2232 3062 2300 distinguée, leur nom connu, aux deux premiers
1035 2254 2035 2319 on a monté, notamment, la Banque Nemo, de
109 2264 1028 2323 anges, les prophétes, les ámes encore non
2048 2288 3058 2338 röles, celui du prince héritier et de la princesse
1031 2295 2029 2360 Verneuil, dont la première à Vienne précéda
107 2292 1036 2367 arnées et la Mort elle-méme dialoguent
2038 2343 3066 2387 Elisabeth. Dirons-nous que des considérations
113 2334 2039 2409 oles acteurs de l’humaine tragi-comédie d’une quinzaine de jours celle de Paris. L’ac¬
2035 2362 3054 2439 politiques et financières imposaient leur ma¬
1035 2381 2043 2439 teur comique bien connu Max Pallenberg s’y
94 2390 1043 2454 diale. Raoul Aslan, interprête d’élite, était
2034 2402 3064 2468 riage, mais qu’ils se sont fuis l’un l’autre dans
112 2428 2040 2494 e fois le régisseur qui reussit le miracle de tailla un succès d’autant plus facile que le
2036 2453 3102 2510 la montagne, en Suisse, avant de se connaftre K
98 2468 2045 2544 aptation. Je n'ai pas vu, cet hiver, Timon, sujet était d’une brülante actualité autrichienne
2044 2504 3055 2551 et pour éviter cette union, ce qui leur vaut de
1032 2515 2033 2569 et qu'on en goüta doubiement par cette appa¬
109 2518 1043 2583 tragédie misanthropique de Ferdinand
2047 2524 3073 2609 passer une nuit des plus poétiques sur und
1034 2555 2035 2624 rence autochtone T’irrévérence envers les puis¬
105 2568 1028 2622 ckner, le peintre du & mal de la jeu¬
2048 2585 3067 2640 cime alpestre, dans un téte-à-téte protégé par
1024 2597 2043 2654 sants de la politique et de la finance, Le succès
191 2607 1031 2665 : Consolez-vous, m'a-t-on dit, l’au¬
2048 2626 3067 2687 les avalanches,— tout un second acte de duo.—
1045 2643 2031 2703 du Capitaliste de Jules Romains ne fut pas
121 2650 1026 2712 T’avait manquée avant vons. " La meil¬
2041 2674 3064 2724 ovant le marlage final voulu par leur entourage
1036 2683 2037 2745 moins grand dans l’adaptation présentée par
102 2692 1033 2755 enouveauté de la saison fut sans doute la
2038 2720 3067 2777 couronné et pür la tradition du genre. Hubert
1044 2744 2040 2798 une autre vedette d en représentations o, Eu¬
108 2738 1029 2802 hédie en cing tableaux de Louise-Marie
2031 2757 3045 2817 Marischka, le directeur d’An der Wien, qui
1035 2776 1387 2854 gene Klopfer.
112 2782 1031 2842 ver et Arthur Rundt: Disraeli. Le person¬
2050 2805 3070 2866 avait mis en scène avec autant de faste que de
1082 2792 2035 2871 L’Opéra de Vienne s’est fait connaitre du pu¬
112 2831 1033 2889 e, jadis illustre, doit à André Maurois un
2055 2830 3066 2909 goüt Schen ist die Weit a personnellement
1038 2854 2039 2917 blic fränçais dans üne tournée qu'on n’a plus
97 2864 1035 2933 in de célébrité mondiale. La pièce en bé¬
2047 2895 3073 2943 créé depuis, à ce méme théätre, une opérette
1040 2915 2036 2959 oubliée. (Son principal animateur, Franz Schalk,
103 2907 1046 2975 cie dans la mesure ou le public connait
2055 2927 3064 2994 hislorique inspirée à l’émule hongrois de Lehar,
1050 2953 2048 3005 directeur et chef d’orchestre, mort au seuil
108 2956 1039 3013 z d’avance le héros pour ie suivre sans
2047 2967 3068 3031 Kalmann, par le comte Sandor, gendre de Met¬
1049 2985 2043 3052 méme de la saison 1931-1932, a laissé lui aussi
97 2997 1036 3055 #culté à travers une intrigue qui commence
2054 3013 3070 3079 ternich et père de la princesse Pauline, la spi¬
1041 3031 2045 3100 un de ces vides que la nouvelle génération ne
110 3045 1031 3103 1830 et finit en 1878. La formule théätrale de
2042 3033 3095 3119 rituelle ambassadrice d’Autriche à Paris. On
1045 3082 2048 3141 peut combler encore.) Aux prises avec les dif¬
129 3085 1040 3148 & biographie romancée , est intéressante,
1051 3125 3080 3182 ficultés budgétaires et ja crise générale que l’on) volt effectivement ie Cavalier du diable mon¬
147 3133 1035 3184 public a fait à l'interprête de Disraeli,
2052 3133 3070 3204 ter, à cheval, par amour, l’escalier d’une rési¬
1042 3158 2061 3226 sait, l’Opéra maintient, les soirs de Fidelio, sa
183 3179 1038 3227 Deutsch, excellent à travers tous les
2053 3177 3079 3245 dence impériale, l’un des cent tours qui avaient
1042 3199 2053 3258 meilleure tradition, défend moins bien déjä
147 3216 1033 3276 le succès que méritait la souplesse de son
2051 3227 3070 3287 fait sa réputalion d’éouyer sans rival. On com¬
1048 3245 2059 3311 Théritage de son ancien directeur Richard
2052 3272 3068 3339 prend qulil s’éprenne de la blonde Anny Coty,
1039 3295 2047 3354 Strauss, dont le Chevalier d la rose demeure la
113 3277 1036 3361 u Théätre de la Josefstadt, la troupe vien¬
2058 3309 3076 3380 comme sur son autre scène du Stadttheater il
1049 3339 2028 3386 piece de résistance. II est inégal dans le
167 3346 1040 3399 de Max Reinhardt s’est évertuée cette
2066 3344 3094 3415 le fit, des mois durant, de l’accorte patronne du
1051 3372 2052 3432 Wagner, affronte les mauvais jours avec Aida
117 3388 1035 3444 ée encore à lutter contre les conjonctures
2058 3394 3072 3464 Cheval blane, Paula Brosig. Vienne ne serait
1056 3419 2055 3478 et la Traviata, ne renonce ni à Puccini ni à
114 3429 1042 3494 ciles dont son mécène, M. Castiglioni, fut
2061 3458 3077 3508 plus Vienne si l’opérette, à travers les pires dif¬
1052 3460 2048 3511 Gounod (Faust rebaptisé Marquerite), ni à
121 3476 1044 3532 victime en vue. Elle se distingue par une
2054 3482 3070 3558 ficultés matérielles, n’y sauvegardait son pres¬
1049 3497 2055 3566 1’Offenbach des Contes d’Hloffmann, fait pour¬
126 3509 1044 3577 nogénéité remarquable, par le### fini , de
2064 3536 2679 3614 lige de a produit national „.
1217 3549 2047 3617 su joyeuse sarabande tchéque à
1041 3558 1228 3613 suivre
114 3553 1053 3625 écution et l’alliance savante de la mise en
2619 3571 3015 3661 Manont Duxan.
122 3592 2090 3687 pur de qualités individuelles dans un en¬Schwanda le cornemuster, et a monlé comme
