3392 4352
1190 216 1718 337 box 34/10
112 240 1063 363 13. Die Gleitenden
238 553 1104 663 Ausschnitt aus: 4 Temps Pani
599 766 1091 881 15. AuG. 4
245 803 414 880 vom:
1352 827 1452 906 S
1185 843 3318 966 tres de la cour, ont paru an héritage de l’Em-(cial, en prose ou en vers (1). Le Perroquet jl'ar
1179 911 3210 1022 pire assez lourd poue la petite Répüblique, Ce-#vert, le Jeune Médard, le Chemin solitaire,
201 925 1163 1030 FEUILLETON DU Temps
1183 951 3304 1073 pendant ils jouaient dans sa vie non seulement! Comédie des paroles, le Professeur Bernhardi,pou
3194 997 3272 1054 88
465 990 858 1057 DU 15 AOUT 1932
1185 1036 3218 1097 morale mais matérielle, en sauvegardant sonmarquèrent autant de dates dans l’histoire!
1186 1043 3304 1146 influence artistique internationale, un röle dif-littéraire de l’Autriche. Lui-méme, horripilé dert
2194 1079 3309 1168 de rester pour le gros du publie l'auteur des ron
1199 1103 2215 1181 fieile à évaluer mais si incontestable qu'il a
2196 1129 3307 1208 suvoureux mais superliciels petits actes d’And¬ san
1200 1157 2208 1230 longtemps justifié les sacrifices imposés au
3207 1167 3310 1235 6pr
2202 1176 3225 1251 tole, et pour moi celui de Liebelei, m'a dit
1194 1191 2201 1277 centribuable antrichien, dans un ordre de gran¬
2206 1207 3221 1292 scuvent préférer son Weite Land (oe loin¬
228 1160 1158 1327 TINNEE TAEATRALE EN AUTRICHE
1196 1240 2194 1308 deur tout autre qu’en France par exemple. Mgis
2202 1251 3317 1336 lain pays est l’au-delà) Je fus frappé, avned such
1004 1261 1197 1352 Auervar
1206 1277 2207 1360 la misère générale, le chömage, Tappauvrisse¬
2520 1293 3316 1366 eson testament dramatique, 1 dif
2213 1318 2490 1376 ses amis,
1206 1320 2200 1403 ment des masses paysannes provinciales ont
2205 1331 3313 1424 l’étrange et profond drame en vers, le Chomin #ce
1196 1367 2208 1451 pris depuis un an des proportions qui semblent
2212 1381 3319 1459 du Vivier (Gang zum Weiher), reprenant tous des
1199 1411 2214 1494 exclure tout grand mécénat de l’Etat. La crise
2203 1424 3324 1510 les thèmes de son cuvre, mais opposant aug jeuk
167 1446 1198 1549 Le erise. — Les morts: Schnitzler et Wüdgana.
1208 1459 2206 1530 financière qui devait réduire l’Autriche à appe¬
2202 1480 3129 1564 probléme de la mort, qui la dominait, e
1197 1511 2206 1574 ler de nouveau à son secours la Société des na¬
199 1505 1176 1591 Les succès de l'année dramalique et lyrique.
2216 1511 3306 1587 celui de la guerre, qui la renouvelait, la solu-Ime
1207 1532 2214 1620 tions a amené le Parlement, non seulement à
2215 1536 3319 1631 tion de la vie ardente des jeunes, Le Burgthea-Ttal
220 1566 1208 1644 Une chronique de la vie théátrale en Autriche
3211 1589 3332 1652 □an
1199 1586 2214 1668 rogner largement le budget des ##théätres na¬
2213 1591 3232 1679 ter, en la monlant, la saison précédente, avec
171 1614 1194 1705 pourralt s’intituler a la Crise des théatres. „, si
1213 1626 2204 1708 tionaux v, mais à édicter des mesures spéciales
2206 1642 3226 1717 une distribution inégale, préludait à la com¬
250 1661 1204 1738 titre n'avait eu, cette année, une actualité
1209 1665 2225 1759 pour contraindre les acteurs engagés à accepter
2212 1677 3325 1768 mémoration préparée pour 1932 de son 70 an- ITn
181 1698 1204 1786 dépassant fort les nouvelles frontières du pays
1202 1715 2218 1799 d’importantes réductions de cachets. Une loi
2221 1721 3329 1808 niversaire. Schnitzler n’a pas altendu ces hon- Pon
174 1749 1203 1829 de Grillparzer et de Fannv Elssler. II étaitena¬
3213 1771 3324 1822 c6c
1207 1760 2219 1844 qu'on a surnommée la loi Piccaver, du nom du
2206 1773 3236 1839 neurs jubilaires, dont il se plaignait d’avance
169 1788 1205 1876 turel que, comme Paris, Vienne, aufre capitale
1204 1797 2220 1891 plus famenx chanteur alleint par elle, a mème
2214 1817 3318 1889 — avec une ironie dont le sort a retourné la Ro#
179 1838 1208 1922 d’une des plus vieilles traditions artistiques, füt
3211 1859 3298 1921 as
1214 1846 2212 1920 été votée tout spécialement pour casser les con¬
2217 1857 3232 1952 pointe, — comme, en haine de la fausse mon¬
191 1881 1221 1961 particulièrement éprouvée par un temps ou les
3225 1896 3315 1953 tai
1207 1886 2219 1969 trats validement conclus avec les  vedettes v.
2213 1899 3239 1988 naie des éloges académiques, il s’était assuré !
189 1923 1212 2006 classes cultivées ont vu fondre leurs revenus, onf
3218 1938 3323 1994 the
1206 1912 2224 2022 On comprend que, dans cette almosphère très
2221 1937 3240 2032 des obseques sans pompe, sans cortège, sans
184 1969 1220 2046 la fiscalitä frappe stupidement l’art sous pré¬
1214 1973 2219 2057 spéciale, les directeurs ne soient pas à leur alse.
2230 2006 2448 2079 discours.
192 2006 1217 2088 texte de luxe et ou le cinéma et la # téhessef „
1223 1994 2234 2101 A l’'Opéra, M. Clément Krauss est assez jeune
2262 2012 3235 2105 Schnitzler s’était éteint le 21 octobre. Anton
193 2051 1216 2138 procurent à meilleur compte des plaisirs démo¬
1208 2058 2224 2134 ei nouveau venu pour mettre encore au-dessus
2233 2075 3235 2150 Wildgans succomba le 3 mai, d’une crise car¬
194 2099 1220 2177 cratisés.Pour ces raisons—et quelques autres—
1212 2105 2224 2179 des inconvénients de sa siluation l’agrément de
2217 2123 3244 2199 diaque, comme ses deux illustres devanciers,
195 2133 1220 2212 on a vu disparaitre dans la décade qui s’achéve
1218 2152 2231 2233 son prestige traditionnel. Au Burgtheater, par
2222 2164 3242 2246 au lendemain de la clöture brusque d’un inter¬
188 2181 1225 2262 après l’inflation qui avalt facticement multiplie
3220 2193 3330 2255 Re
1227 2187 2232 2272 contre, M. Anton Wildgans, auteur dramatique
2234 2208 3246 2284 méde bureaucratique de sa vie par instants
195 2228 1218 2311 les scènes de spectacle, la plupart des théäires
1232 2238 2230 2316 apprécié, s’est décidé à démissionner, non sans
2221 2243 3238 2336 fort agitéc. Wildgans, né en 1884, — à Vienne,
199 2265 1226 2339 viennois de l’avant — ou de l’après-guerre.
1225 2288 2233 2356 avoir, nous y reviendrons, usé ses dernières
2218 2294 3298 2367 comme Schnitzler et Hofmannsthal (seuls, les jeg
198 2316 1228 2396 Les boiles de nuit à revues de genre montmar¬
1224 2318 2232 2396 forces dans cetle lutte ingrate. Par peur de la
2228 2336 3190 2418 Parisiens s’abstiennent de naitre à Paris 1).-
191 2354 1231 2433 trois sombrèrent les premières, traquées par
1241 2364 2227 2438 & république des camarades y, comme on le
2232 2373 3342 2456 était venu à la notoriété comme poête lyrique lsail
895 2400 1230 2460 a imaginé la
1232 2414 2223 2488 faisait pour la-Credit Anstall, cette grande ban¬
190 2404 844 2475 une municipalité socialisteg
2234 2405 3313 2502 avec ses Sonnets d Ead, Printemps d’auiomne, Id's
202 2446 1228 2514 #taxe sur le plaisir v (Lustbarkeitssteuer), dont
1225 2447 2233 2524 que renflouée par l’Etat, c.f alla prendre un di¬
2238 2463 3263 2540 Midi, volumes de vers échelonnés de 1043½
187 2484 1229 2575 un autre effei# a été de chasser la musique de la
1229 2485 2237 2579 recteur étranger. M. Rcbelling, ancien auteur
2230 2493 3327 2579 à 1917, qui révélaient en lui un maltre accom- les
205 2530 1237 2613 plupart des cafés et restaurants. Les scènes
1227 2542 2232 2614 et régisseur, qui a dirigé divers théätres de pro¬
2240 2549 3259 2636 pli de la forme, nous dirions volontiers un
193 2571 1230 2659 d’opérette ont, à leur tour, fermé une à une: le
1229 2577 2234 2652 vince dans le Reich voisin, et s’est surtout ré¬
2222 2570 3316 2683 parnassien autrichien si Wildgans ne devaft bau
207 2613 1237 2694 Carltheater ou furent créés Réve de valse et
1236 2607 2249 2703 velé à Hambourg, passe peur avoir la main
2231 2639 3247 2726 pas l’impeccabilité de son style et sa vigueur
193 2656 1237 2730 Ia Bayadère, — I’Apollo ou Lchar dirigen son
1225 2657 2245 2749 aussi heureuse comme homme d’affaires que
2234 2675 3251 2755 concentrée aux classiques latins plus qu'é des
198 2697 1231 2773 Ideale Gallin, — le Bürgertheater que galva¬
1228 2705 2250 2811 pour le cheix du répertoire ou des interprétes.
2241 2722 3271 2800 inhuences françaises, par ailleurs si fortes gur
214 2743 1236 2830 nisent par instants des divettes trouvant un
1235 2747 2251 2827 Elant donné les engagements antérieurs qu'il
2244 2762 3199 2849 la littérature autrichienne contemporaine. D
207 2794 1240 2865 commanditaire. Le Raimundtheater, célebre au
1235 2785 2240 2872 trouvait à son arrivéc, il n'a pu encore donner
2244 2775 3324 2890 1914 à 1020, il faisait jouer de grandes-tragt= Br
211 2822 1238 2900 temps de la Maison des trois filles (chanson
1234 2831 2246 2915 toute sa mesure, mais on a ern discerner l’effet
2241 2830 3303 2934 dies en vers, Armut (Pauereté), Liebe. (Amourl. n
200 2866 1247 2954 d’amour) et ou Betty Fischer tourna une téte
1241 2881 2225 2949 de sa présence dans une sorle de ryihme in¬
2238 2892 3335 2971 Dies Ire, Cain. Cette dernière duvre, & poème #te
220 2913 1240 2995 couronnée, a passé debuis quatre ou cing ans
1234 2923 2243 3012 térieur plus actif et mienx réglé. II s’est acquis
2240 2935 3275 3015 myätique en cing acles n, montée au Burg¬
216 2950 1239 3045 à la prose, et, de préférence, anx lournées. Le
1242 2969 2243 3051 un titre particulier à la gratilude de la critique
2236 2986 3294 3060 theater, y consacrait l'alliance de l’écrivain#o
207 3008 1250 3085 Johann-Strausstheater, après plusieurs failli¬
1293 3007 2248 3087 et nous l’en remercions au nom de la presse
2248 2998 3334 3106 avec l'administration, car le poête venait d’sc¬M
216 3042 1246 3134 tes, capitulait l’année dernière, devenant un
1238 3052 2243 3131 étrangère — en rétablissant les répétitions gé¬
2250 3065 3273 3147 cepler, en pleine crise de l’inflation et de la
213 3088 1256 3166 simple einéma. Le Stadtheater, l’une des deux
1241 3123 1466 3187 nérales.
2241 3108 3273 3193 débäcle de la couronne, un poste dont les pre¬
393 3125 1263 3206 de la firme mondiale de Vienne
1283 3120 2256 3220 Si le malheur des temps a décimé le scé¬
223 3157 408 3213 scènes
2240 3129 3335 3240 miers déboires ne l’empéchèrent pas d’y reve¬ nd
213 3182 1245 3265 Karczag-Marischka, qui, après une éclipse,
1245 3183 2247 3265 nes, la mort a sévi dans les rangs des auteurs,
2250 3194 3269 3276 nir en 1930, avec l’espoir d’insuffler à la Mai¬
213 3221 1256 3294 avait repris la lutte, annonce qu’il ne rouvrira
1251 3210 2252 3305 frappani, comme à la guerre les meilleurs,
2258 3234 3273 3326 son de Molière autrichienne l’esprit qui l’ani¬
213 3264 1257 3361 pas cet automne. Seul An der Wien, berceau de
1243 3254 2252 3355 les plus grands. Après Hugo d’Hofmannsthal,
2248 3282 3348 3367 mait. Ses adversaires — un directeur de théätre #en
210 3304 1253 3386 ln Flüle enchantée et de la Veure Jogeuse (on
1516 3291 2255 3387 a deux ans, Arthur Schnitzler a
1246 3330 1511 3395 enlevé il y
2256 3324 3282 3412 subventionné en a toujours d’innombrables —
226 3346 1251 3435 ignore en général cette rencontre de Mozart et
1245 3355 2261 3440 rejoint cet automne son camarade de combat
2246 3368 3278 3456 s’égayèrent d’une tentative visant à remédier à
216 3402 1249 3478 de Lehar!), maintient dans lo tourmente le dra¬
1250 3397 2262 3487 et de gloire, — foudroyés tous deux par le
2252 3408 3284 3503 la crise mondiale des théätres par le retour aux
219 3430 1256 3510 peau de l’opérette viennoise. Quant aux théä¬
1260 3442 2258 3525 suicide de leur enfant victime des germes
2257 3450 3271 3553 plus saines traditions de la littérature et de
217 3484 1254 3564 tres de comédie, combien de directen môme
1249 3494 2250 3560 morbides de l’euvre paternelle. Le chef-d’ou¬
220 3521 1257 3613 les plus chevronnés comme l’éminent acteur
1257 3535 2262 3602 vre qui fil d’un débutant inconnu, médecin déja
2302 3518 3279 3613 (1) Parmt ies nombreuz hommages rendus à Arihur
227 3564 1256 3649 Jarno, mort depuis, ont abandonné la partie!
1247 3578 2277 3665 ägé de trente-trois ans, l’auteur dramatique le
1257 3572 3271 3706 plus apprécié de l’Autriche. Liebelei (Amou- Schnitzler, on me per## ##ra de renvoyer au numèro
234 3613 1253 3680 Pour ne ciler qu'un cas frappant, le théätre de
2256 3613 3273 3696 spécial (du 15 mal) de la Revue d’Allemagne qul lul
2261 3629 3341 3730 est consacré ct od ]'al mol-mème évoqué mes souve¬
225 3648 1256 3727 la Renaissance s’est mué lui aussi en temple
1243 3643 2273 3763 rette) a élé joué depuis 1805 sur toutes les
2253 3689 3280 3774 nirs personnels sur e Schnitzler et la France v. Schnitz¬
231 3706 892 3779 de quartler du septième art.
1261 3702 2273 3781 scènes allemandes et traduit dans toutes les
2263 3725 3278 3812 ter, qul almalt notre littérature et notre pays, s’est
268 3722 1266 3814 La crise pouvait-elle épergner les théätres
1253 3750 2260 3829 langues. Freudien avant la notoriété de Freud,
2253 3757 3292 3837 Uréjoui de volr la plupart de ses derlls tradults les uns
246 3788 1265 3865 subventionnés? Celte question n’est pas davan¬
1251 3791 2266 3863 Schnitzler s’est adonné avec une maitrise sou¬
1257 3803 3317 3930 tenue à tous les genres. roman, nouvelle, maisaprès les autres en françals, en particulier par ea'
234 3821 1264 3904 tage spéciflquement autrichienne, mais raison
242 3874 1265 3939 de plus, croyons-nous, pour ne pas la négliger
248 3865 3121 4010 iel. L’Opéra et le Burgiheater, zi-devant théá- surtout théätre: historique, philosophique, so- pieuse admiratrice, Mme Suzanne Clauser.
