3392 4352
910 2188 1212 2277 Odchenangeer
1058 2245 1746 2363 ddee Wiener Tagela“, Wiel
744 2290 1053 2371 hnitt aus:
812 2351 1093 2435 AMRl 1974
756 2452 804 2511 H
782 2534 1709 2668 Theater, Funst und Titeratur.
787 2648 1709 2749 Verleihung des Raimundpreises.
813 2732 1752 2796 Von der Direktioy des Rainlundthenpers erhalten
761 2796 1750 2870 vir folgende oifizielle Mitteilung: Das Raimund¬
748 2823 1748 2912 preisgericht hat unter dem Vorsitze des
752 2874 1748 2942 Direktors Alfred Cavar und in Anwesenheit der
754 2920 1752 2993 andern vier Preisrichter, und zwar der Herren
750 2969 1752 3033 Alfred v. Straßer als Vertreter des Raimund¬
758 3017 1758 3085 heatervereines, Dr. Anton Bettelheim als
762 3073 1758 3125 Vertreter der Schillerstiftung, Regierungsrat Doktor
764 3089 1768 3185 Glosst als Vertreter der Grillparzergesellschaft
768 3145 1769 3241 und Regierungsrat v. Winternitz als Vertreter
771 3190 1771 3279 er „Concoxdia“ am 26, d. einstimmig be¬
780 3252 1766 3330 chlossen, die zwei fälligen Raimund¬
778 3280 1772 3361 reise im Betrage von je 2000 K. zuzuerkennen:
810 3342 1785 3411 Artur Schnitzler für die Wiener Komödie
756 3397 1778 3481 „Der junge Medardus“ und 2. Rudolf Holzer für
758 3448 1776 3514 die Wiener Komödie „Gute Mütter“. Bei Vergebung
768 3481 1786 3557 dieser Preise haben die Preisrichter zunächst den
768 3529 1782 3612 „Jungen Medardus“ berücksichtigt als „ein
771 3569 1777 3657 Werk, in welchem — nech den Anforderungen des
766 3622 1785 3700 Stiftsbriefes — sich söpferische Phantasie durch
769 3649 1796 3744 eigentümliche Empfindung betätigt und das sich durch
767 3719 1806 3792 die gediegene Charakteristik und eine nicht alltägliche
770 3780 1788 3837 Behandlung der Sprache auszeichnet.“ Für die
769 3803 1800 3894 Krönung der „Guten Mutter“ von Holzer wor
766 3835 1791 3930 maßgebend die weitere Bestimmung des Stiftsbriefes,
773 3905 1808 3991 daß dot Raimundpreis insbesondere „jenen Autoren
766 3948 1796 4023 zur Ermunterung dienen soll die sich die dichterische
775 3995 1800 4093 Belandlung des Wiener Lebens zum Ziele gesetzt
784 4063 994 4148 haben“,
1734 150 2748 194 Raimundpreis alle volkstümsichen dramatischen
1728 202 2761 258 Werke, die innerhalb einer bestimmten Zeitperiode
1733 244 2756 292 an irgendeiner Wiener Bühne über¬
1740 278 2754 339 haupt zuerst aufgeführt wurden, in Betracht. Zum
1733 330 2766 390 letztenmal ist der Preis im Jahre 1908 (an Kurt
1743 376 2758 434 Frieberger) verliehen worden. Es handelte sich
1728 422 2761 475 nun darum, Ueberschau zu halten über die Werke,
1730 471 2763 519 die seit 1908 auf Wiener Bühnen gegeben wurden
1733 529 2758 577 und die die Eignung für den Raimundpreis, der
1729 559 2761 619 hauptsächlich auf die Behandlung des Wiener Lebens
1733 611 2758 663 Bedacht nimmt, besitzen. Eine ganze Reihe von
1745 649 2768 721 Stücken wurde genannt, so „Der junge Me¬
1725 708 2763 763 [dardus“ von Schnißler, „Der große
1740 745 2773 801 Name“ von Viktor Leon und Leo Feld,
1744 791 2762 854 „Glaube und Heimat“ von Schönherr, auch
1738 853 2757 902 dessen „Trenkwalder“, ferner „Die Morgen¬
1746 887 2768 949 röte“ von Ruderer, „Traumland“ von
1742 922 2770 990 Streicher, „In Ewigkeit Amen“ von Anton
1734 969 2761 1044 Wildgans, „Gute Mütter“ von Rudolf
1737 1023 2771 1096 Holzer. Manche der Stücke mußten aus formellen.
1736 1073 2763 1141 oder technischen Gründen beiseite gelassen werden; so
1747 1115 2774 1174 beispielsweise „Glaube und Heimat“ weil diese
1749 1151 2759 1233 Komödie schon vielfach gekrönt ist, „Die Trenkwalder“
1753 1227 2762 1288 weil sie ganz abseits vom Wiener Leben liegen. „Der
1749 1257 2766 1332 große Name“ wurde vielfach als berücksichtigungs¬
1749 1310 2782 1372 würdiges gutes Theaterstück anerkannt, es mußte
1748 1349 2790 1430 jedoch, da es eine Kompagniearbeit ist, ausgeschlossen
1749 1406 2781 1466 werden. Für „Traumland“ traten einige der Preis¬
1746 1454 2773 1519 richter lebhaft ein, aber auch hier trifft der Einwand
1749 1494 2776 1557 zu, daß das Stück ganz fern allem Wienertum ist.
1755 1541 2761 1607 Gegen Wildgans' Komödie, gleichwie gegen andre
1752 1609 2778 1652 hervorragende Einakter wurde geltend gemacht, daß
1746 1636 2769 1713 sie bei aller Anerkennung ihrer Würdigkeit gegen
1754 1690 2771 1761 voll ausgewachsene, den Abend füllende Stücke zurück¬
1764 1745 2052 1809 treten müßten.
1836 1770 2767 1843 Die seit dem Jahre 1908 angesammelten Zinsen
1759 1825 2778 1888 des Stiftungskapitals betragen bis zum heutigen
1753 1883 2777 1941 Tag 4376 K. Es wurde zunächst die Frage zur
1751 1919 2785 1985 Lhstimmung gebracht, ob für die abgelaufene sechs¬
1756 1964 2769 2029 jöhrige Periode drei oder zwei Preise zu ver¬
1763 2015 2779 2070 teilen seien. Die Majorität entschied für zwei
1758 2054 2775 2119 Preise und für die Bemessung eines jeden mit
1760 2103 2775 2168 2000 K. Die Zuerkennung des Preises an Artur
1765 2146 2777 2204 Schnitzler, als dem Autor des „Jungen
1752 2201 2778 2260 Medardus“, eines Dramas, dessen Rang als das
1761 2245 2773 2304 beste in den abgelaufenen sechs Jahren auf einer
1766 2292 2771 2357 Wiener Bühne aufgeführte Volksstück allseitig
2647 2331 2782 2398 Das
1763 2331 2626 2396 anerkannt ist, wurde einmütig beschlossen.
1759 2391 2768 2436 Preisgericht glaubte der Bestimmung des Rainamd¬
1758 2428 2781 2485 preises am vollsten gerecht zu werden und den Preis
1768 2481 2783 2541 selbst auf eine gewisse Höhe zu erheben, indem es
1768 2504 2790 2591 für dieses literarisch bedeutende, hochernste Weri
1761 2568 2787 2632 entschied. Den zweiten Preis sprach das Preis¬
1765 2598 2775 2681 gericht Rudolf Holzer, dem Autor der „Gute
1752 2642 2771 2715 Mütter“, zu, der mit seinem Stück eine große,
1766 2689 2783 2762 hoffnungweckende Talentprobe gereben hat. Auch
1766 2731 2789 2812 dise Zuerkennung erfolgte einmütig. Damit hat
1763 2780 2784 2857 des Raimundpreisgericht für dieses Jahr seine
1768 2823 2781 2906 Aifgabe erfüllt. Satzungsgemäß hat es erst im
1779 2874 2782 2942 Srühjahr 1916 wieder zusammenzutreten unb
1771 2922 2782 2993 dänn die von jetzt ab bis dahin auf den Wiener
1776 2966 2789 3041 Bühnen aufgeführten Volksstücke aus dem Wiener
1778 3020 2356 3097 Leben in Betracht zu ziehen.
2442 3005 2807 3115 etL
