3392 4352
2081 304 2559 428 box 40/3
225 312 1949 441 Raimund-Preis and Burgtheaterring
2002 1720 3056 1796 öffnet; sie haben das Entstehen jener Riesenka¬
967 1730 1996 1805 Worte ankommt, den Hebräer an der Spitze,
141 1704 964 1819 blieb ihnen versagt. An kaum einem
2006 1788 3045 1853 pitalien ermöglicht, die heute nicht nur das wirt¬
953 1791 2007 1864 um unser naives Volk mit einem Phrasenschwall
131 1799 954 1870 ist sich das deutlicher als an dem
2017 1853 3059 1912 schafrliche und soziale Leben der Nation, sondern
961 1848 2000 1928 zu berauschen; und leider hat er fast noch immer
140 1845 959 1934 Es erzeugte ernste Denker und Dichter,
2005 1899 3059 1979 selbst die Schritte der Regierungen beeinflussen.
954 1910 2005 1997 dadurch die Massen auf seine Seite zu bringen
141 1914 964 1984 nd Gelehrte, Künstler und Erfinder,
2100 1958 3067 2038 Aber die Parteien der National=Liberalen
958 1972 1169 2053 gewußt.
141 1980 963 2042 ner und Feldherren, aber den Glanz
2011 2008 3065 2091 und der Freisinnigen (welch letztere sich früher
1042 1993 1995 2109 Unter den Parteien find es besonders die
181 2034 960 2103 Rede besitzt es nicht. Ja. es gibt
2009 2059 3071 2149 die „Fortschrittlichen“ nannten) haben auch durch
961 2066 2005 2150 liberalen, die durch ihre freiheitlichen Tendenzen
146 2090 962 2178 sche Kreise, in denen Wortreichtum
2013 2125 3053 2212 die Judenkrankheit ihren Zerfall erlebt. Das
971 2137 2004 2213 sich verpflichtet glauben, dem Juden einen weiten
147 2145 965 2221 aufgenommen wird. Und mit Recht;
2016 2191 3067 2270 „Element der Dekomposition“ hat sich auch au
970 2199 2010 2273 Spielraum zu gewähren. Echter Freiheitssinn ist
138 2208 964 2276 ätigkeit und Vielrederei ist etwas Un¬
2005 2245 3059 2340 ihnen bewahrheitet. Andererseits haben sie jenen
969 2256 2012 2329 gewiß deutsch, aber das Wesen des Liberalismus
137 2245 970 2349 Selbst einem Bismarck rangen sich die
2020 2309 3064 2376 demokratischen Radikalismus großziehen helfen,
961 2306 2008 2386 hat unter dem jüdischen Einfluß eine Fälschung
150 2320 955 2407 schwer von den Lippen, und Moltke
2013 2372 3063 2441 der sich heute in der Sozialdemokratie austobt.
965 2373 2005 2446 erlitten. Bereits im Jahre 1861 konnte Naudh
136 2382 498 2456 im Schweigen.
2016 2423 3066 2503 Die Sozialdemokratie — d. h. das zu maßlosen
961 2419 2019 2514 schreiben: „Der Liberalismus gräbt sich durch
148 2423 971 2527 her und Jude bilden auch hier die
2014 2486 3061 2555 Forderungen aufgestachelte Proletariat — ist nur
956 2488 2017 2568 seine Stellung zur Judenfrage sein Grab; er
148 2508 970 2584 Pole der Entwicklungs=Reihe. Das
2015 2532 3065 2612 die logische Folgerung der von den Liberalen
969 2544 2005 2619 weiß nichts Befferes mehr zu tun, als im Joche
149 2554 961 2638 zwischen Esau und Jakob, zwischen
2008 2594 3059 2674 gepredigten „Freiheiten“ und „gleichen Rechte“.
963 2604 1999 2694 der Phrase den Acker des Juden zu pflegen.“
146 2607 965 2699 n, schwerfälligen Ackersmann und dem
2013 2636 3071 2740 Freilich hat sie eine Richtung eingeschlagen. die
1052 2670 2005 2735 Die liberalen Parteien, die in ihrer Blüte¬
155 2670 963 2748 glatten Händler, der „bei den Hütten
2010 2715 3068 2795 den Liberalen sehr unwillkommen war, denn sie
968 2718 2012 2803 zeit in deo siebziger Jahren auch die Hebräer
148 2727 967 2809 hen blieb“, bestekt bis auf den heutigen
2008 2761 3073 2848 wendet sich — wenigstens im Prinzip, wenn
963 2781 2017 2850 Lasker und Bamberger in ihren Reihen sahen,
159 2794 963 2870 erliegt auch heute noch den schlauen
2014 2827 3075 2928 auch nicht in der Praxis — gegen das geheiligte
980 2849 2020 2932 haben unter dem Einfiuß dieser Vielredner die
161 2853 969 2933 und Sort=Verführungen des listigen
2018 2899 3058 2976 Kapital. In der Verteidigung dieser Position —
975 2900 2011 2980 „freiheitlichen“ Gesetze durchgedrückt, die den
136 2911 977 2993 Darum war der Hebräer seiner Sache
2008 2964 3065 3029 un.d geführt von jüdischen Ratgebern — sind
975 2953 2015 3036 Siegesmarsch des Judentums vorbereiteten und
160 2969 965 3046 er die Oberhand gewinnen würde,
2007 3019 3068 3092 die liberalen Parteien immer mehr zu Verfechtern
972 3020 2008 3095 an deren Wirkungen unser gesamtes nationales
142 3025 972 3106 Entscheidung der Dinge auf ein Wort¬
2024 3075 3067 3140 der großkapitalistischen Interessen geworden. Sie
969 3077 2006 3153 Leben noch heute krankt. Dahin gehören die
152 3073 981 3168 ausläuft. Und das ist leider nicht nur
2028 3122 3063 3216 sind die Befürworter des Großhandels, der Groß¬
983 3138 2012 3213 schtankenlose Gewerbefreiheit, bit Freizügigkeit,
179 3142 968 3219 Parlamenten, sondern auch in den
2028 3180 3078 3261 indnstrie, des Warenhausrummels, des Vank¬
971 3191 2014 3270 die Aktien= und Börsengesetzgebung. Sie haben
151 3205 966 3280 rhandlungen der Fall — und in ge¬
2016 3239 3077 3333 und Börsenunfugs; und sie wollen durchans
974 3255 2010 3328 der kapitalistischen Spekulation und planmäßigen
142 3246 983 3336 nne in der Tagespresse. So sehen wir
142 3300 3075 3418 fall, wo es auf geschickte und betörende Ausplünderung der Massen Tür und Tor ge= nicht erkennen, wie sehr sie damit den wahren
2661 3446 2748 3551 623
