3344 4320
1389 296 1579 365 heat
2047 288 2523 383 box 40/3
208 303 1936 402 Rainund-Preis and Burgtb#sterring
514 493 1394 590 CASINOS IN OfTERREICH
617 575 1312 644 Baden Salzburg Semmering
506 592 1395 677 Roulette — Baccara — Chemin de fer
517 659 1400 758 ÖOsterreichische Casino A. G.
506 727 1400 790 Wien Il, Schwarzenbergplatz 5a
1014 811 1215 924 GRA
502 838 1021 939 „OBSERVER“
757 903 1391 970 I. österr. behördlich konzessioniertes
736 940 1406 1002 Unternehmen für Zeitungs-Ausschnitte
753 995 1394 1067 1VirretigMPBIUUA-E
815 1085 901 1178 Fah
509 1119 874 1218 Ausschnitt aus:
854 1229 1273 1386 1. UUN 28
509 1332 653 1419 — —
259 1394 999 1497 Feier im Burgtheater:
292 1423 2624 1592 Aeberreichung des Burgtheaterringes an Max Mell.
343 1685 2687 1767 In feierlicher Weise fand gestern vormittag im Burg=sgegen Theben“, aufgeführt wurden. Durch die Verleihung des
238 1720 2694 1795 theater die Ueberreichung des Burgtheaterringes für das Ringes werde auch die Zusammengehörigkeit des Burgtheaters
241 1771 2681 1840 Jahr 1935 statt, der bekanntlich vom Preisrichterkollegium der und seiner Dichter dokumentiert. Nach diesen Worten überreichte
1462 1833 2693 1895 Direktor Röbbeling dem Dichter den Ring und das Diplom,
233 1835 1464 1905 Jakob=Lippowitz=Burgtheaterringstiftung mit einstimmigem
1460 1863 2685 1943 wobei er ihn mit humorvollen Worten bat, dieses unter Glas
231 1878 1465 1959 Beschluß diesmal dem Dichter Max Mell in Anbetracht seiner
1455 1913 2696 1986 und Rahmen über seinem Schreibtisch aufzuhängen, dareit,
231 1938 1456 1993 besonderen Verdienste um das Burgtheater zuerkannt wurde.
244 1967 2690 2049 Max Mell ist der fünfte Schriftsteller, dem der Burgtheater=wenn ja einmal die Flügel seiner Dichtkunst erlahmen sollten,
243 2012 2681 2086 ring verliehen wurde, den vor ihm Dr. Artur Schnitzler (1926), ein einziger Blick auf dieses Dokument genüge, ihn von neuem
1461 2066 1762 2149 zu inspirieren.
242 2060 1458 2133 Dr. Hermann Bahr (1927), Gerhart=Haup# (1929),
243 2098 1465 2180 Dr. Karl Schönherr (1931) und Dr. Ludwig Fulda (1933) er¬
1550 2106 2324 2199 Das Diplom hat folgenden Wortlaut:
242 2168 1465 2231 halten hatten. Von Mitgliedern des Burgtheaters ist diese Aus¬
1619 2172 2687 2240 Sehr geehrter Herr Doktor Max Mell! Das Preisrichter¬
236 2211 1477 2276 zeichnung bisher Auguste Wilbrand=Baudius (1926), Max
1514 2219 2666 2276 kollegium der Jakob Lippowitzschen Burgtheaterringstiftung hat
1521 2230 2722 2333 den im Jahre 1935 einem Dichter zukommenden Ring einstimmig
236 2262 1473 2334 Devrient (1928), Hedwig Bleibtreu (1930), Georg Reimers
1519 2293 2686 2369 Ihnen verliehen und damit zum Ausdruck gebracht, wie sehr
240 2310 1419 2386 (1932) und Else Wohlgemuth im Vorjahr zuteil geworden.
1620 2343 1671 2380 70
1521 2340 2694 2393 Ihr Wirken als dramatischer Dichter die Schätzung der öster¬
345 2342 1479 2411 Die Uerreichung des Burgtheaterringes an Max Mell
1537 2379 2695 2436 reichischen Oeffentlichkeit gefunden hat. Dieser Ring, der den
244 2398 1479 2473 ging diesmal in besonders feierlicher Weise im großen Teesalon
1535 2408 2697 2475 Namen der ersten Pflegestätte der dramatischen Kunst in unserem
237 2450 1466 2518 vor sich, in den man durch das große Burgtheaterfoyer —
1522 2455 2686 2521 Lande trägt, soll dem Dichter danken, der aus dem Boden der
1527 2481 2689 2552 Heimat, aus dem Denken und Fühlen ihrer Menschen heraus
237 2485 1471 2572 geschmückt mit den Gemälden der berühmten Schauspieler dieser
1523 2531 2696 2610 Gestalten geschaffen hat, die der deutschen Bühne zu bleibender
245 2539 1480 2609 ersten deutschen Bühne — gelangt. An der Stirnseite dieses
1526 2571 2688 2631 Ehre gereichen. Die Wiedererweckung des füddeutschen Legenden¬
248 2583 1483 2655 prachtvollen Saales stand ein kleines Rednerpult, während auf
1533 2604 2700 2674 spieles und seine Fortbildung zu einer ebenso hohen wie volks¬
251 2638 1488 2709 den Samtfauteuils die Festgäste Platz genommen hatten. In
1529 2640 2690 2707 tümlichen Form der dramatischen Dichtung wird Ihr fortdauerndes
1523 2682 2682 2749 dramatisches Verdienst sein. Am Burgtheater besonders haben
244 2665 1472 2757 Vertretung des Bundeskanzlers war Hofrat Wisoko vom Unter¬
1529 2717 2690 2789 Ihre Werke schöne Erfüllung gefunden empfangen Sie daher
249 2711 1480 2793 richtsministerium, in Vertretung des Staatssekretärs Doktor
1536 2762 2688 2826 seinen Ring als Zeichen dieser wertvollen Verbindung die für
245 2761 1483 2842 Pernter waren Ministerialrat Dr. Alfred Eckmann und Hofrat
1525 2800 2687 2875 beide Teile noch oft von Segen begleitet sein möge. Dr. Hans
237 2820 1475 2899 Dr. Kosak von der Bundesverwaltung erschienen. Außerdem
1527 2845 2303 2925 Pernter m. p., Hermann Röbbeling m. p.
241 2855 1482 2948 bemerkte man noch Sektionsrat Thomasberger, Direktor
252 2899 1474 2984 Dr. Nüchtern, für den Schriftstellerverein „Concordia“ Vor¬
1646 2912 2484 3012 Dankesworte Max Mells.
248 2951 1484 3039 standsmitglied Professor Dr. Pilcz, Herausgeber des „Neuen
1558 2980 2686 3070 Unter großem Beifall der Festgäste trat nun Max Mell
239 3005 1470 3075 Wiener Journals“ Oscar Loewenstein, Frau Helene Loewen¬
1461 3043 2696 3121 zum Rednerpult und hielt folgende Ansprache: „Die Ueber¬
260 3055 1464 3133 stein Baronin Else Werkmann, den Leiter der Oesterreichischen
1471 3080 2687 3159 reichung dieses Ringes reiht sich den festlichen Augenblicken, die
252 3102 1459 3166 Kunststelle Hans Brecka und viele Mitglieder des Burgtheaters.
1471 3112 2695 3206 ich auf der Bühne dieses Theaters erlebt habe, als festlichster
249 3151 1463 3212 Kurz nach 11 Uhr erschien, von Direktor Röbbeling geleitet, Max
1449 3161 2695 3266 Moment an. Der Ring selbst, den der Spender als eine Person
251 3205 1155 3282 Mell und nahm auf einem der Fauteuils Platz.
1457 3229 2688 3309 aus dem Publikum gestiftet hat, erscheint als ein Sinnbild
434 3254 1317 3353 Direktor Röbbeling spricht.
1456 3281 2690 3362 der Verbundenheit mit dem Publikum. Die Gunst des Publikums
1465 3328 2690 3400 ist es ja, die für den Dichter das Wertvollste ist. Dem guten
352 3314 1452 3397 Nun trat Direktor Röbbeling an das Rednerpult und
243 3375 1459 3448 richtete an den Dichter eine Ansprache, in der er zunächst des
1462 3365 2697 3444 Willen des Publikums für den Autor muß auch dessen guter
248 3424 1454 3499 Stifters des Ringes Jakob Lippowitz gedachte, der als besonderer
1466 3426 2713 3495 Wille für das Publikum entsprechen. Die Aufgabe des Dichters
246 3471 1462 3542 Bewunderer des Burgtheaters diese Auszeichnung geschaffen
1471 3476 2683 3543 ist es ja, ein Führer der Zuhörer zu sein, die sich von ihm gerne
253 3515 1465 3599 habe, aber dieses Jahr leider nicht mehr unter den Lebenden
1464 3525 2688 3605 führen lassen wollen. Ich selbst bin nie zum Publikum gekommen,
249 3562 1465 3641 weile. Seinem Namen werde aber immer ein ehrendes An¬
1460 3571 2688 3642 ohne daß ich die Gewißheit gehabt hätte, es zu einem ganz
245 3608 1459 3692 gedenken gewidmet sein. Nun würdigte Direktor Röbbeling die
1459 3615 2690 3693 bestimmten Ziele führen zu können. Ich muß in dieser feierlichen
253 3653 1461 3731 Verdienste Max Mells um das Burgtheater, der aus dem Boden
1468 3665 2690 3735 Stunde nicht nur den Spiilleitern danken, die meine Werke im
247 3702 1467 3796 der österreichischen Heimat heraus Gestalten und Dramen ge¬
1459 3718 2699 3789 Burgtheater inszeuiert haben, sondern auch einem unvergeßlichen
248 3745 1456 3829 schaffen habe, die an allen deutschen Theatern mit Begeisterung
1463 3747 2688 3833 Künstler, der in weiner Jugend die Begeisterung für das Theater
247 3800 1466 3865 gespielt wurden. Seit der Aufführung des „Nachfolge=Christi¬
1465 3810 2693 3876 im allgemeinen und für das Burgthealer im besonderen geweckt
252 3845 1456 3935 Spiels“ habe sich Max Mell am Burgtheater Heimatrecht er¬
1462 3854 2687 3929 hat: Josef Kainz. Das Burgtheater hat, wie sich jetzt im Falle
251 3880 1465 3962 worben und er freue sich, daß unter seiner Direktion gleichfalls
1452 3885 2702 3966 der Verleihung dieses Ringes an mich gezeigt hat, die Art
251 3945 1465 4043 zwei Werke Max Mells, „Das Schutzengelspiel“ und „Die sieben
1464 3953 2589 4025 aller edlen Dinge, zu spenden und dafür noch zu belohnen.“
1549 4008 2690 4082 Nach diesen mit lautem Beifall ausgenommenen Worten
1457 4063 2682 4144 war die offizielle Feier zu Ende. Max Mell wurde nun von
1458 4131 2203 4193 den Festgästen lebhaft beglückwünscht.
