3344 4352
2093 247 2533 340 box 40/3
212 265 1976 365 Rainund-Preis and Burgtheaterning
2545 493 2727 581 Nr. 17
335 523 566 597 Seite 282
1226 501 1834 610 Dr. Blechs Wochenschrift.
1535 606 2759 698 M. Güdemann, Prof. Dr. S. Ehrmann, M. Eißler,
305 607 1522 702 Zeichen von Geist und Bildung ist, abgesehen von dem
1528 675 2761 732 der Vizepräsident der Anglo=Oesterr. Bank Generalrat Adolf
300 700 1517 752 öden Schimpfen auf politische Gegner wird auch die
1541 746 2765 796 Klein, Prof. Dr. Josef Pollak, Julius Reitlinger
302 748 1517 799 Wissenschaft und Poesie im Zeichen des Parteigeistes be¬
1534 776 2762 861 und kaiserl. Rat Leopold Sachs Edler v. Sachsenhall
303 798 1520 860 handelt. Wenn es sich um die Besetzung von Lehrkanzeln
1547 839 1786 900 anwesend.
305 829 1525 890 handelt, wird mit Macht darau gearbeitet, daß nicht
1638 847 2756 947 In der Versammlung bemerkte man die Mitglieder des
303 888 1525 951 der bessere Vertreter der Wissenschaft, sondern der bessere
1538 933 2757 996 Kultusvorstandes, Vizepräsidenten Hofrat Dr. Rappaport,
301 937 1525 1009 Parteigenosse ernannt wird, und die schöne Folge davon
1543 983 2758 1034 Adolf Schramek und Dr. Heinrich Schreiber, die Rabbiner
300 1002 1526 1046 ist der Rückgang unserer einst so berühmten Universität,
1536 1028 2760 1083 Dr. Max Grunwald, Dr. Feuchtwang, Dr. Rosenmann,
300 1030 1524 1100 deren politische Behandlung auch so viele ausländische
1541 1088 2761 1135 Dr. M. Bauer und Dr. Frankfurter, Oberstabsarzt Dr. Byk,
300 1078 1524 1166 Studenten abschreckte. Artur Schnitzler hat dieser
1533 1114 2769 1178 die Redakteure Dr. J. S. Bloch und Dr. M. Löwy, kaiserl.
314 1129 1523 1200 Sippe ein unübertreffliches Dentmal gesetzt im „Professor
1546 1165 2765 1239 Rat Moriz Waizner, kaiserl. Rat Dr. Theodor Lieben,
308 1180 1538 1253 Bernhardi“, einem Kunstwerk, das selbst im katholischen
1538 1218 2769 1283 Dr. Emil Adler, Inspektor Prof. Kanitz, Prof. M.
303 1225 1187 1302 München begeisterte Aufnahme gefunden.
1548 1262 2765 1332 Antscherl, Heinrich Mendel, Dr. A. Kapralik,
413 1271 1520 1342 Wenn Anstand und Gerechtigkeit gewaltet hätten,
2078 1318 2698 1387 Prof. Dr. Königstein,
1544 1325 2087 1393 Bernhard Hofbauer,
310 1332 1535 1414 so hätte man sich bei der Auszeichnung Schnitzlers auch
1549 1372 2780 1433 Goldmann, Dr. Leopold Stern, Guido Fuchsgelb,
314 1377 1527 1455 an eine andere Dankesschuld erinnern müssen, welche man
1535 1424 2322 1489 Oberoffizial Josef Steiner u. v. a.
306 1419 1526 1513 gegen das Haus Schnitzler hat. Der Vater des Dichters
1640 1450 2762 1523 Der Präsident eröffnet die Versammlung, indem er auf
315 1476 1531 1550 war nämlich der Regierungsrat Universitätsprofessor
1536 1513 2773 1580 die Nachrichten über die Erkrankung Seiner Majestät des
315 1523 1525 1594 Dr. Johann Schnitzler, eine wissenschaftliche Größe auf
1546 1561 2768 1623 Kaisers Bezug nimmt und unter lebhafter Zustimmung aller
312 1590 1536 1642 dem Gebiet der Herz= und Lungenkrankheiten. Er gehört
1555 1614 2777 1676 Anwesenden, die sich von ihren Sitzen erhoben, dem innigen
307 1624 1529 1705 in die Galerie der Berühmtheiten, welche die Wiener
1551 1661 2771 1715 Wunsche Ausdruck gibt, daß der Kaiser seine vollkommene
305 1677 1529 1735 medizinische Fakultät zur berühmtesten auf der ganzen
1545 1710 2767 1769 Gesundheit bald wieder erlange und noch viele Jahre seine
316 1721 1538 1788 Welt machten. Darüber hinaus hat er sich jedoch noch
1556 1768 2667 1843 glorreiche Regierung zum Wohle der Monarchie fortsetze.
312 1776 1534 1846 ein unsterbliches Verdienst um Wien erworben. Er ge¬
1645 1788 2771 1874 Präsident Dr. Alfred Stern hielt dann auch einen Nachruf
320 1823 1532 1900 hörte nämlich zu den Begründern der Poliklinik, dieser
1542 1876 2777 1936 den im Laufe des Jahres dahingeschiedenen Vorstandsmitgliedern
313 1868 1531 1937 berühmten Pflegestätte wissenschaftlicher Forschung, welche
1549 1914 2408 1972 und Förverern der Hilfswerke des Vereines.
314 1922 1532 1981 Kranken nach Hunderttäusenden Heilung geboten hat.
1670 1937 2778 2017 Nach Uebergang zur Tagesordnung wird über Antrag
322 1983 1539 2045 Man darf mit Recht bezweifeln, ob unter denen, welche
1560 2007 2765 2066 des Herrn Dr. Kaprulik von einer Verlesung des umfang¬
315 2018 1542 2093 den Glückwunsch an den berühmten Sohn des berühmten
1547 2042 2778 2125 reichen, den Mitgliedern bereits vor mehreren Tagen zugegangenen
323 2069 1539 2141 Vaters verweigert haben, sich- auch nur ein einziger ge¬
1563 2117 2774 2182 und von ihnen mit großem Interesse gelesenen Jahresberichtes
323 2114 1545 2184 funden hat, welcher für die Menschheit auch nur entfernt
1561 2161 1763 2227 abgesehen.
325 2170 1545 2240 einen solchen Wert hatte, wie Schnitzler senior oder junior.
1675 2174 2775 2278 Professor M. Antscherl hebt hervor, daß der Bericht der
331 2215 1545 2284 Allerdings besteht in diesen Kreisen wenig Sehnsucht
1554 2234 2778 2314 Israelitischen Allianz ein wichtiges Dokument der jüdischen
327 2278 1534 2336 nach der Wissenschaft oder dem Geist. Wenn Christlich¬
1555 2291 2785 2359 Geschichte bilde. Die Allianz habe sich auch im verflossenen
327 2315 1535 2385 soziale krank sind, werden sie trotz einer alten Partei¬
1561 2344 2779 2421 Jahre als „Mutter in Israel“ bewährt, indem sie anläßlich des
329 2365 1541 2436 parole nicht ein Kräutlerweib, sondern einen Professor
1552 2394 2785 2472 Beilis=Prozesses und der vielfachen Verfolgung unserer
329 2422 1541 2479 holen, und sogar einen jüdischen, wenn sie diesen für
1559 2438 2782 2512 Glaubensgenossen in Rußland sowie im Kampfe für die
330 2476 1544 2547 besser halten. Wenn sie ins Theater gehen, so legen sie
1558 2490 2789 2552 Gleichberechtigung der Juden in Rumänren, in der Hilfsaktion
319 2513 1550 2582 auch kein Gewicht auf die Konfession des Autors, sondern
1570 2551 2788 2615 für die Opfer des Krieges in den Balkanländern, im galizischen
335 2562 1549 2636 auf seine Fähigkeit zu unterhalten. Wenn jedoch die
1558 2588 2789 2657 Schulwerk eine überaus segensreiche Tätigkeit zum Ruhme
330 2611 1550 2692 Partei spricht, dann wird es ein Angriff gegen die
1558 2641 2789 2708 unserer Religionsgemeinschaft entfaltet hat. Der Jahresbericht
337 2669 1548 2739 Juden, möge er einen Sinn haben oder nicht. Schließlich
1560 2694 2786 2766 sollte an sämtliche Religionslehrer in Oesterreich zu Propaganda¬
334 2712 1556 2774 aber arbeiten die Christlichsozialen auf diese Art gegen
1563 2729 2791 2816 zwecken versandt werden und beim Jugendgottesdienst müßten
325 2768 1553 2834 sich selbst. Tenn die gebildeten Elemente, welche ihre
1564 2801 2792 2861 alle jüdischen Schüler auf die Bedeutung des Vereines ver¬
330 2821 1547 2883 Ideale nicht beim Luchsen finden, müssen sich schamrot
1571 2855 1888 2915 wiesen werden.
323 2857 1549 2921 von einer Gesellschaft abwenden, welche sich weigert,
1684 2863 2782 2958 Herr M. Baum nimmt Bezug auf die im Berichte mit
327 2909 1548 2991 sich unter die kultivierten Menschen zu stellen. Alle ge¬
1575 2929 2789 3004 Bedauern erwähnte viel zu geringe Förderung des Vereines
337 2956 1559 3023 bildeten Kreise sind einig in den hohen Ehren, welche
1573 2981 2791 3059 durch die jüdischen Gemeinden in Oesterreich und konstatiert,
332 3016 1552 3088 sie dem Wiener Dichter Artur Schnitzler erweisen, viel¬
1559 3025 2799 3097 daß außer den Spenden in Wiener Bethäusern und in Leipnik
334 3056 1548 3130 leicht dem größten seiner Epoche. Nur die Wiener Rat¬
1568 3071 2794 3147 in Mähren in keiner jüdischen Gemeinde Oesterreichs der Pflicht
335 3103 1544 3183 hausgewaltigen debütieren mit einer Tat, welche an be¬
1565 3128 2791 3204 nachgekommen wird, durch Tempelspenden an Feiertagen die
331 3157 1549 3232 rühmte Aussprüche über Tolstoi und die „Büacheln“ er¬
1579 3176 2790 3251 Wirksamkeit einer so bedeutenden und für die gesamte Judenheit
346 3207 1558 3272 innert. Dem Dichter Schnitzler ist nichts geschehen. Nicht
1579 3227 2799 3298 wichtigen Vereinigung, wie die Allianz, zu unterstützen. Auch in
345 3265 1558 3331 sein Verdruß, sondern sein Humor wird sich mit der Sache
1571 3270 2804 3344 Wien selbst müßte mehr Propaganda gemacht werden, da die
347 3302 1561 3380 beschäftigen, denn von den Christlichsozialen können keine
1566 3333 2809 3398 Zahl der Mitglieder eine viel zu geringe ist. Er empfiehlt
345 3362 1548 3427 wirklichen Ehrungen kommen. Von seinen zahllosen
1573 3372 2615 3447 unter anderem die Gründung eines Damen=Komitees.
340 3398 1564 3468 Verehrern aber werden gewiß viele den Machthabern im
1686 3419 2795 3494 Herr Hofbauer unterstützt die Anregung des Vorredners,
341 3462 1559 3537 Rathaus zu ihrer stramm parteimäßigen Beurteilung des
1578 3494 2754 3550 daß für den Verein eine regere Propaganda entfaltet werde.
345 3522 787 3602 Lebens gratulieren.
1674 3520 2800 3606 Oberstabsarzt Dr. Byk spricht im Namen seiner galizischen
1573 3566 2793 3659 Heimat dem Vorstande den Dank für die mit großen Kosten
1572 3620 2798 3694 erhaltenen Schulen und Kindergärten aus. Er bedauert, daß
364 3606 1551 3712 Generalversammlung der Israelitischen
1572 3675 2805 3740 der Verein sich laut Bericht grundsätzlich enthalte, über den
825 3701 1082 3805 Allianz.
1582 3727 2534 3805 Typus der zweiklassigen Schulen hinauszugehen.
1677 3750 2805 3838 Rabbiner Dr. Feuchtwang spricht namens sämtlicher
452 3788 1572 3853 Am 20. April um 6 Uhr abends fand im Saale der
1586 3795 2801 3900 Mitglieder dem Vorstand und dem Sekretär für die vielseitige
351 3842 1571 3903 israelitischen Kultusgemeinde unter dem Vorsitze des Präsidenten
1592 3878 2321 3951 ersprießliche Tätigkeit den Dank aus.
357 3897 1571 3958 Dr. Alfred Stern die 41. ordentliche Generalversammlung
1687 3896 2810 3981 Sekretär Dr. Kaminka erteilt Auskunft auf verschiedene
346 3937 1575 4015 der Israelitischen Allianz statt. Vom Vorstande waren außer
1587 3961 2813 4039 Anfragen und erklärt, daß vom Bureau allen jüdischen Ge¬
349 3984 1573 4052 dem Präsidenten die Vizepräsidenten Dr. Arthur Kuranda
1588 4010 2823 4086 meindevorständen, Rabbinern und Lehrern in Oesterreich bereit¬
355 4028 1579 4103 und Dr. Felix Katzau, ferner die Herren Wilhelm
1584 4058 2813 4154 willig Exemplare des Jahresberichtes zu Propagandazwecken zur
350 4083 1583 4168 Pappenheim, Dr. Nirenstein, Oberrabbiner Dr.
