3392 4352
1342 1680 1716 1795 Streines Le)s...
291 1728 1243 1843 (Nach Mitteilungen eines sehend geworden
1311 1785 2336 1852 schwer zu bändigende Unzufriedenheit der betro¬
2354 1787 3339 1863 der Unternehmer zu setzen, durch Plakate u
563 1804 1000 1904 Sozialdemokraten.)
1315 1841 2343 1907 genen und belogenen „Genossen“ vertuschen
2362 1845 3342 1925 Zirkulare der Offentlichkeit gegenüber den frec
1308 1896 2344 1971 müssen und ist bei diesem edlen „Freiheitswerke“
341 1895 1290 1974 Es war auffallend, daß weder während noch
2365 1902 3348 1991 sten Lügen der Judenpresse und der sozialdem
258 1957 1282 2026 nach dem Streik der sozialdemokratisch organi¬
1295 1948 2339 2025 von der mit der Sozialdemokratie bekanntlich
2355 1958 3145 2037 kratischen Wortführer entgegentreten.
1314 2015 2346 2087 solidarischen übrigen Judenpresse eifrigst unterstützt
257 2013 1285 2088 sierten Schriftsetzer und Druckereiarbeiter in den
2444 1990 3335 2090 Mit Ende des Jahres 1913 lef ein seit
1307 2070 1521 2147 worden.
251 2070 1302 2144 Zeitungen irgend etwas von Belang über Ursache
2351 2072 3347 2162 Jahren geltender Tarif für die Buchdruckergehilfe
1401 2100 2340 2191 Auch die christlichen Tlätter konnten und
257 2132 1301 2199 und Verlauf einer „Lohnbewegung“ zu lesen war,
2358 2136 3349 2218 von ganz Österreich ab; seit 22 Jahren war kein
1313 2184 2347 2254 können keine Enthüllungen über den schamlos
259 2194 1300 2266 an der gegen 14.000 Arbeiter teilnahmen und die,
2350 2194 3348 2272 Lohnbewegung vorgekommen und stets habe
1307 2256 3341 2333 arbeitermordenden Belrug der jüdischen; die Unternehmer in weitgehender Weise den b
263 2241 1310 2324 gänzlich fehlgeschlagen, an Arbeiterspargeldern
1314 2357 2338 2429 Das liegt zum wesentlichen im Naturell, im Stam¬
2351 2321 3342 2434 Wbnite Adel in dersihn Aenszunge
283 2347 1258 2453 Das Judentum im öffent¬
1314 2406 2345 2491 mescharakter. Vom Recht des freien Wortes kann
2351 2419 3352 2501 anderer Völker sucht, mußte notwendigerweise d
293 2435 1244 2560 lichen Leben Deutschlands
1329 2471 2340 2537 derjenige den ausgiebigsten Gebrauch machen, der
2346 2473 3347 2543 Überredungskunst pflegen und in der Folge de
1316 2531 2327 2601 am wenigsten durch Rücksichten, durch Zartgefühl,
2358 2530 3351 2623 Geschlechter durch Vererbung zu hoher Meiste#
247 2547 1285 2611 und seine Führerschaft in der internationalen
1312 2591 2331 2663 durch Scham und Gewissen gebunden ist. Die an¬
2356 2579 3331 2653 schaft entwickeln. In Verbindung damit übtee
557 2611 1000 2692 Sozialdemokratie.
1312 2645 2336 2714 geborene Art des Deutschen zieht ihm hier enge
2347 2644 3342 2717 die Kunst der Verstellung und die geschickte Be
458 2671 1076 2770 Von Th. Fritsch, Leipzig.
1317 2700 2330 2769 Schranken, während beispielsweise der Hebräer
2343 2718 3344 2782 handlung der Kundschaft. Hingegen ist es be
1304 2768 2330 2846 sich hier ganz in seinem Fahrwasser fühlt. Der
2352 2761 3334 2851 greiflich, daß Völker, die vorwiegend dem Acker
354 2749 1287 2839 Die konstitutionelle Verfassung der Staaten
1312 2822 2340 2885 Parlamentarismus liegt ihm so recht im Wurf;
260 2823 1296 2893 soll dem Volke die Möglichkeit einräumen, an
2346 2817 3338 2911 bau, der Jagd, der Schiffahrt, schweren Hand
1299 2884 2330 2954 darum isi Juda zu allen Zeiten eifrig für konsti¬
249 2882 1290 2962 der Gestaltung der öffentlichen Verhältnisse und
2350 2879 3346 2956 werken und dergl. oblagen, in Gedanken un
1303 2939 2335 3013 tutionelle Verfassungen und Parlamente eingetre¬
2340 2940 3348 3026 Worten unbeholfen und schwerfällig blieben; ihr
251 2938 1295 3005 der Gesetzgebung mitzuwirken. Sie gibt daher dem
1306 3009 2339 3073 ten und hat sich dabei immer den Anschein des
256 2991 1285 3069 Volke ein Wahlrecht, damit es seine Verkreter in
2340 2999 3341 3060 Tätigkeit zwang sie zur Wortkargheit. Sie arl
1297 3071 2326 3133 Freiheilshelden, des Verleidigers der Volksrechte
256 3054 1285 3125 die Parlamente entsendet. Der Vorteil dieser schein¬
2342 3057 3345 3123 beiteten Hand in Hand mit den langsamen un
1299 3114 2330 3204 zu geben gewußt. Es verfolgte damit seine besonde¬
2347 3115 3342 3180 stetigen Prozessen der Natur, die für Trug un
251 3122 1287 3189 bar vernunftvollen Einrichtung verteilt sich bei uns
1304 3175 1631 3252 ren Absichten.
257 3175 1293 3236 aber recht ungleich; dem eigentlichen Deutschen
2352 3173 3352 3244 List keinen Raum gewähren. Die Natur läß
2355 3233 3338 3303 sich nichts vormachen, läßt sich nicht betrügen
1399 3211 2330 3310 Wenn man den Juden ein Talent zugestehen
262 3237 1299 3302 ist sie am wenigsten zugute gekommen. Es ist
1305 3301 2329 3366 muß, so ist es das der Dialektik, der rednerischen
2344 3295 3334 3362 Das Denken und Empfinden solcher Völker is
249 3293 1296 3373 bemerkenswert, daß die stammesfremden Elemente
1298 3347 2322 3427 Gewandtheit. Ein Volk, das seit Jahrtausenden
2353 3341 3348 3433 gewiß um so inniger und tiefer, aber das leicht
253 3351 1289 3414 unter uns dieses öffentliche Recht viel schonungs¬
259 3409 2339 3481 loser ausnutzen als die eingeborenen Deutschen. händlerisch tätig ist und sein Fortkommen ohne
2347 3402 3358 3503 gewandte Spiel der Rede und der vexierenden
