3436 4256
706 249 1447 300 im Morgengrauen
1587 221 1968 317 box 6/1
229 234 1438 340 34 Spiel
1102 500 1459 584 G
1184 580 1478 665 N Y SUN
1225 662 1611 740 JON 1931
2173 757 2902 835 bie talkie entertainment, a bit placid,
2160 808 2891 871 lacking any particular ellmatio qual¬
1055 743 1903 904 The New Talkies
2168 857 2879 909 ities, and certainly nothing out of
2178 883 2886 942 the ordirry save in its production
2167 919 2884 989 and acting which are quite some dis¬
2171 965 2879 1026 tance above the usual ebb tide marks
776 968 2160 1049 Women of All Nations'—The Lawyer’s
2172 1004 2532 1058 in those matters.
2205 1036 2895 1096 Davbreak“ is now a uniformed
1132 1031 1797 1119 Secret’—Daybreak.
2164 1071 2890 1132 andpet falkie for Ramon No¬
2160 1114 2878 1167 varro, who seems to be able to with¬
2165 1147 2885 1207 stand the shifting of technics, cus¬
808 1143 2163 1217 The adventures and girl chasings of the Messrs. Quirt and
2158 1189 2880 1250 toms and approaches occasioned by
753 1201 2166 1285 Flagg are continued this week at the Roxy in“ Women of
2173 1226 2879 1284 the advent of audibility. Here he is
2164 1262 2888 1311 cast in what we call a stralght part,
764 1263 2155 1328 All Nations,“ or, as it might easily be called, What Price the
2165 1298 2877 1364 and he is not required to exert his
757 1308 2149 1397 Cockeyed Women of the World.“ It is just what you would
2164 1339 2881 1391 carefully, welcomely cultivated volce
2169 1374 2885 1419 in a single song—so frightened is
759 1377 2148 1455 expect of the series in 1931 and it marks still another step
2176 1413 2884 1464 Hollywood at saying it with music
751 1440 2147 1513 toward musical comedy of the two characfers originally
2169 1448 2884 1520 these days. He performs well,
2161 1479 2874 1544 though, and manages to exude his
753 1495 2161 1578 created, with realistic pens, by the Messrs. Stallings and
2162 1516 2897 1589 customary charm without the ald af
2147 1561 2302 1611 arlas.
762 1552 1553 1621 Anderson in What Price Glory.“
2189 1587 2881 1662 He is assisted by Helen Chandler,
770 1599 1459 1667 Really, Women of All Nations“
2159 1640 2873 1686 whose career has led her from“The
745 1649 1463 1703 should be the starting point of an
1458 1667 2872 1730 cover who dommitted the crime, and Wild Duck“ to the footlights of the
749 1690 1455 1736 essay on the exact number of sea¬
1469 1707 2873 1781 everything ends in the interests of Guild’s production of Faust“ and
754 1717 1453 1774 sons it takes for a certain year’s
1461 1747 2871 1807 Justice and general haphiness, and ithen straight to California. Miss
746 1761 1458 1806 realistic play or book to go through
1460 1779 2148 1826 wichout Mr. Brooke being forced to
2168 1788 2870 1849 Chandler is here required to grow
752 1807 1454 1849 the stages of movie gag comedy and
1459 1813 2149 1861 break the unwritten code that a law¬
2169 1830 2868 1884 up. and she reaches Hollywood ma¬
745 1842 1458 1895 then to be tricked out with song and
1461 1857 2871 1904 per must not divulge the secrets of Iturity, so-called, in being called upon
749 1875 914 1923 dance.
1466 1879 1719 1942 bis patrons.
2150 1887 2875 1952 to play first a malden, then a be¬
772 1892 1448 1961 My guess is that the talkies will be
1489 1927 2145 1978 The film Is fairly well produced
2154 1926 2873 1994 trayed mistress, then the kept bauble
752 1947 1444 2000 doing What Price Glory“ with a
1466 1967 2149 2010 and mildly well acted, birt its only
2162 1981 2871 2034 of a rich old man. With her hair
742 1990 1446 2028 musical score and routines in an¬
1462 2002 2144 2053 Claim to any originality is that, al¬
2160 2014 2873 2076 bushed around her formerly innocent
747 2028 1449 2075 other year, as well asTen Days
1469 2042 2154 2095 though it is plotted for one of those
2156 2051 2886 2098 ears, a la Garbo, she looks grown-up.
747 2067 1447 2111 That Shook the World“ and “Of
1469 2074 2143 2125 big elimactie courtroom scenes—and I
2161 2092 2865 2142 attains even a bit of plamour—com¬
747 2103 1451 2150 Human Bondage.“ And in that year
1457 2110 2149 2172 could just see the scene coming when
2164 2128 2869 2179 mon stock, rather than preferred,
762 2139 1439 2179 Potemkin“' will probably be donc
1455 2155 2139 2199 Mr. Brooke was faced In court be¬
2155 2170 2865 2222 variety, perhaps, but glamour never¬
748 2169 1445 2217 as a musical Pinafore“ and Mr.
1458 2186 2137 2244 tween loyalty to his fiancee and her
2162 2206 2871 2252 theless—and due to her theatrical ex¬
740 2212 1451 2272 Faulkner’s Sanctuary“' will prob¬
1446 2233 2149 2282 brother and Justice-the plot remains
2155 2235 2870 2298 perience, she obvionsly knows how
738 2250 1439 2304 ably become a bittersweet operetta.
1451 2267 2145 2319 out of court. This avoldance of a
2157 2284 2829 2334 to read lines tomske them count.
739 2282 1406 2332 WThe Letter“' will be, mayhap,
1453 2301 2154 2359 talkie rubber stamp, though, hardly
2182 2315 2858 2363 The result is cant she is still an¬
740 2325 1440 2377 lavish operetta with a Chinese back¬
1455 2338 2140 2391 saves the film and you can tak- it or
2152 2340 2734 2410 othen find an a talkie actress.
748 2366 920 2419 ground.
1451 2378 2146 2430 leave it as it is, save for a certain
2175 2388 2856 2449 Others who heip are Kent Doug¬
774 2379 1443 2466 Here. Women of all Nations“ Is
1458 2410 2134 2465 cempetence in the plotting of its tale,
2159 2419 2866 2487 lass, formerly Douglas Mentgomery
737 2433 1439 2488 lavishly produced, straight, gag
1457 2461 2065 2507 ordinary familiar, trade goods.
2148 2460 2868 2528 of the Theater Guild, who is genuine
739 2478 1455 2520 slapstick, with Quirt and Flagg
1467 2491 2136 2538 It is this film, pou know, which is
2157 2501 2868 2562 and real in a bit, the reliable old
743 2527 1448 2575 bickering and tricking one another.
1452 2514 2135 2579 sunposed to offer the new grownup
2157 2537 2873 2599 schnitzel Jean Hersholt, C. Aubrey
734 2560 1437 2601 and receiving the raspberry from
1450 2568 2138 2607 Charles çox-Buddy) Rogers. Here he
2151 2575 2862 2634 Smith. William Blakewell and the
746 2594 1443 2641 El Brendel. Their tour this time
1459 2602 2145 2643 is the weak brother, who is inadver¬
2158 2612 2871 2674 bespectacled little Jackie Searle of
734 2625 1438 2672 is a goodwill trip of the Marine
1450 2647 2132 2689 tently drawn into the network of the
2156 2645 2469 2701 Tom Sawper.“
739 2668 1438 2708 Corps around the world, and there
1457 2681 2140 2719 crime (although ihe didn't actually
2160 2672 2857 2753 As previously stated, Schnitzler’s
743 2700 1441 2742 are girls in every movie port. The
1457 2712 2144 2768 commit it) and who finally turns
2155 2715 2861 2791 tragic ironies have been ironed out
735 2745 1437 2791 two visit Nicaragua, Sweden, Tur¬
1443 2752 2140 2798 State’s evidence, admits that he was
2157 2763 2830 2820 to make a typical bitter-sweet, Vi¬
732 2771 1436 2832 key and other points and at each
1448 2790 2137 2841 a minor partner and exposes the real
2149 2807 2854 2863 ennese, romantic interlude with a
740 2817 1448 2868 port Barry Connors, who wove the
1456 2831 2133 2883 culprits. It is, I suppose a Ccharac¬
2151 2835 2878 2903 happy ending—but bad taikies being
730 2852 1438 2907 plot around the Stallings-Anderson
1448 2861 2143 2923 er“ role, considering the rah-rah
2160 2880 2856 2934 countless, Daybreak“ passes as
728 2892 1439 2955 characters, turns to the album of
1455 2904 2142 2956 goslings that he has been playing;
2152 2913 2868 2979 mildly successful pregram Muench¬
732 2923 953 2981 slapstick.
1447 2944 2142 2996 but there is, barring slightly deeper
2154 2948 2246 2994 ner.
757 2945 1437 3020 Now, some of Women of All Na¬
1453 2977 2145 3020 tonal qualities, very little change in
2171 2978 2853 3065 The stage bill Is headed by a re¬
738 2992 1428 3059 tions“' is funny enough—in partie¬
1447 3018 2137 3061 Bud. True, he Appears to have a
2152 3026 2677 3093 vue topped by Kate Smith.
745 3040 1419 3099 ular there is a low comedy epl
1447 3047 2149 3104 light beard, but my companion, not
2547 3066 2829 3129 J. S. C., Jr.
741 3081 1434 3136 sode, which I seem to have seen
1446 3092 2139 3149 I. insisted that the-finaleffect of
737 3115 1434 3165 before, wherein a monkey gets up
1447 3126 2155 3186 this was that he seemed to have just
731 3152 1438 3212 El Brendel’s trouser leg, where¬
1445 3170 2138 3210 escaped from his mother’s jam closet.
741 3196 1436 3251 upon the poor monkey’s tail is
1454 3204 2149 3254 At any rate, Mr. Rogers performs
729 3230 1438 3280 seen protruding from Mr. Brendel
1453 3242 2145 3284 fairly well, and In another year or so
765 3270 1437 3310 —but most of it is rather familiar
1445 3279 2150 3328 T am certain that we will all believe
745 3312 1431 3359 stuff and it winds up as the fee¬
1454 3316 2151 3381 in his encroaching and highly pub¬
1174 3331 1436 3391 It lacks the
734 3339 1164 3394 blest of the trilogy.
1453 3353 1780 3406 licized maturity.
734 3378 1439 3430 bounce of The Cocheyed World“
1468 3372 2152 3447 Mr. Brooke, Fay Wray, Richard
736 3403 1435 3471 and incidentally it Is minus the
1444 3433 2141 3487 Arlen and Jean Arthur are, of
733 3456 1424 3512 latter’s roughest dialogue-althoug
1449 3474 1852 3516 course, dependable.
735 3491 1433 3547 it is still rowdy enough as screen
1467 3509 2150 3566 But The Lawyer’s Secret“ is not
734 3529 1008 3584 comedies go.
1450 3529 2029 3595 a particularly interesting one.
763 3552 1434 3620 Victor MacLaglen and Edmund
1466 3584 2136 3645 Rudy Vallee heads the stage show.
721 3602 1437 3654 Lowe are still In uniform and Greta
738 3642 1431 3693 Nissen, Fifi D’Orsay, Bela Lugosi
1615 3631 1982 3709 Atthe Capltol.
727 3678 1442 3731 and Humphrey Bogart participate in
1460 3690 2143 3752 From Dr. Arthur Schnitzler’s novel
726 3713 1432 3773 the peace-time journey of two char¬
1452 3730 2150 3786 Daybreak“’ comes the talkie of that
732 3753 1422 3810 acters which are gradually being
1448 3777 2137 3825 name at the Capitol. Its tragedy has
731 3793 1394 3838 turned into figures for vaudeville.
1438 3810 2140 3865 been extracted, I am Informed, as
762 3827 1433 3875 The stage bill is headed by a revue,
1436 3853 2149 3908 well as most of its psychological
728 3862 1419 3913 Temptations.“ with the Roxyettes,
1443 3875 2151 3942 climaxes and delvings, and now it is
733 3904 1362 3958 the Roxy chorus and the ballet.
1427 3919 2144 3977 more or less a typical Viennese in¬
1424 3946 2142 4016 terlude of romance about a carefree
869 3957 1300 4032 Atthe Paramonnt.
1439 4000 2131 4052 lieutenant of Francis Joseph’s Impe.
750 4006 1420 4076 Atthe Paramount is The Law¬
1432 4029 2125 4102 rial Guard and a mousy little teacher
721 4054 1413 4117 per’s Secret.“ a composition of three
1435 4071 1632 4120 of music.
721 4095 1426 4136 er four authors, but principally a
1448 4112 2137 4179 In toto it represents mildly passa¬
719 4131 1429 4182 crmposition of Max Marein's. It is
717 4172 1435 4216 a tale of a lawyer who, knowing
834 4209 1082 4248 W
