3204 4384
299 121 525 196 viel
1414 118 1799 213 box 6/1
536 120 1274 190 im Mordengrauen
49 117 1280 236 34. Se geughanen
724 756 1348 872 N0V 2 7,1927 4%
590 818 807 905 TTbRs
500 879 2591 1127 Schnitzler's Tragedv Has a Light Touch
508 1110 2608 1213 DAYBREAK. Bu Arthur Schnitaler, Itheir positions are oddly reversed.which should have warned him that
574 1176 2598 1256 Wansldied by William A. Drake. She passes a night with him care-he was doomed to be unlucky at
572 1223 2601 1294 Neio Fork: Simon d Schas-lessly, and leaves in the early#cards. On several occasions—dur¬
1197 1254 2608 1328 morning, tossing him a banknote ining the luncheon at the Kessners'
566 1279 832 1350 ter.- 81.50.
1186 1290 2601 1379 payment—like a man.“ Only, the, villa; the by-play between the ac¬
696 1320 1066 1401 BU ROSE LEE
1196 1340 2602 1394 banknote is far too little. Again, at#tor Elrief and Fräulein Rischodek,
1203 1385 2601 1441 daybreak, another game has been ithe Consul’s mistress; the visit of
506 1370 1213 1468 TIHE brief volume calledDaz¬
628 1430 1225 1492 break“ in English, in Ger¬
626 1420 2608 1533 man Spiel im Morgen-[Played to a hopeless finish. Hu-Leopoldine to Willl'’s room—Schnitz¬
1201 1471 2609 1545 millated and despairing, Willi sends ler has recaptured that atmosphere
1204 1500 2612 1585 the miserable banknote to his com-of delicate phllandering, charged
629 1519 1216 1584 grazen.“ presents the darker
1215 1551 2600 1629 rade and shoots himself with his with uzeper implications, which he
510 1550 1215 1624 aspect of a picture which Leut¬
1898 1594 2618 1667 first achleved so perfectly in
510 1592 1210 1662 nant Gustl“ treated satirically.
1211 1598 1903 1668 army revolver. The only possible
1904 1641 2128 1705 Anatol.“
521 1641 1210 1701 Once more we have the coxcomb
1220 1640 1907 1710 solution for an officer and a gentle¬
1921 1662 2618 1746 The tone of the narrative is
512 1683 1217 1748 subaltern of pre-war Vienna—the
1223 1684 1912 1743 man! He could not know that Leo¬
519 1730 1221 1791 embodin ent of a vanished caste.
1210 1735 2616 1783 poldine would tardily repent, and light and laconie, in striking con¬
504 1763 1219 1830 Frivolous, haughty, absurdly vain,
1219 1770 2606 1826 send the money through her hus- trast to the undercurrent of sus¬
514 1813 1218 1865 he feels bound to impress his gal¬
1218 1808 2608 1872 band a few hours later. The story)pense and tragedy. The most ef¬
1212 1864 2620 1920 ends upon a note of exquisite irony: fective thing in the book is the
512 1859 1208 1915 lantry upon a civilian world. Flir¬
1895 1885 2617 1950 way that Sehnitzler manages to
514 1891 1226 1944 tation is a rule of his life, and he
1256 1899 1895 1967 Robert Wilram still remained
516 1940 1220 2007 murt court each passing face with
1224 1921 2619 1997 on his knees before his dead jconvey the pathos lying beneath
1372 1975 1898 2028 w. He looked round the
1889 1970 2614 2038 Willi's dashing and shabby ele¬
510 1978 1223 2047 the same hungry impudence that
1230 1986 1283 2029 n
1389 2002 1894 2063 nd, for the first time, no¬
1892 2018 2623 2060 gance. He is the uncritical victim
516 2031 1223 2081 he courts disaster. His only serious
1397 2042 1893 2091 ie table and observed the
1889 2057 2617 2114 of a hidebound social order; a sol¬
508 2055 1229 2127 concern is to obey the prescribed
1400 2074 1902 2128 of the meal—the plates,
1891 2095 2619 2162 itary, frightened boy whose conven¬
512 2102 1224 2163 code of military honor: it drives
1390 2113 1900 2161 tles, the glasses. In one
1394 2139 1891 2193 1 there was still a moist,
1885 2128 2622 2215 Itions oblige him to act the man of
513 2145 1225 2214 him like destiny to comic or tragie
1395 2171 1905 2222 yellow shimmer. He asked
1878 2187 2144 2255 the world.
517 2187 675 2250 ends.
1360 2207 1893 2269 ervant: Did the Lieuten¬
1227 2224 1272 2268 1
546 2213 1227 2285 Lieutenant Willi Kasda plays at
1921 2211 2617 2286 In this book Schnitzler shows
1239 2238 1735 2296 ant entertain last night?
1269 2265 1890 2324 There were steps outside. Con¬
519 2265 1226 2324 cards with the same purblind good
1888 2267 2616 2346 himself, as usual, to be a clever
1224 2312 1890 2382 fused volces. Robert Wilram rose.
519 2314 1224 2374 nature as he has played at love.
1897 2323 2616 2381 literary craftsman, The plot moves
1289 2343 1900 2389 Tes, sir," Joseph replied, still
525 2351 1237 2422 One day he agrees to stake the
1897 2366 2612 2429 smoothly and inexorably to its pain¬
1235 2378 1900 2432 standing erect, like a guard.
522 2398 1224 2450 whole of his slight purse to save
1267 2405 1884 2472 Until late at night ... a gen¬
1886 2407 2619 2485 ful conclusion. Perhaps Willi's
1224 2442 1809 2490 tleman, an old comrade.
508 2447 1231 2511 a casual comrade from ruin. Luck
1896 2460 2616 2522 death would seem even more neces¬
1262 2466 1904 2532 And the unreasonable thought
518 2482 1230 2542 runs his way; he wins the desired
1896 2499 2616 2567 sary, if the lady’s intentions with
1239 2515 1899 2581 which had suddenly come to the
511 2521 1226 2583 sum and something over. With
1236 2552 1613 2602 old man vanished.
1888 2541 2610 2604 regard to the money were more
534 2553 1226 2625 well-filled pockets he rises to go.
1276 2558 1892 2642 Thevoices and the steps came
1888 2585 2616 2647 fully explained. One wonders, at
1229 2590 1417 2663 nearer.
523 2603 1230 2687 Three Graces at a neighboring table
1884 2624 2602 2688 the end, just why she changed her
1262 2620 1896 2704 Joseph stood more stiffly erect
511 2647 1229 2714 signal to him. He stops for à mo¬
1894 2667 2601 2732 mind and sent the money, or wheth¬
1243 2683 1885 2748 than ever. The committee en¬
523 2691 1223 2751 ment to ogle them charmingly—and
1229 2717 1596 2777 tered the room.
1901 2698 2618 2768 er she had intended all the while
515 2734 1233 2788 misses his train to Vienna. Obliged
1248 2757 2621 2819 This fragment shows that Schnitz-#to send it. That is the single flaw
510 2785 1227 2836 to spend the night in the little sub¬
1913 2798 2612 2862 in the story, which is told exclu¬
1224 2819 1913 2863 ler is back in his old form again.
508 2815 1220 2885 urban resort, he returns almlessly
1914 2834 2618 2902 sively from the young man’s point
1236 2842 1922 2913 None of the sentimental vagueness
516 2859 1231 2914 tothe gaming table. He wins
509 2886 2613 2953 loses, wins, loses, and the excite- of Rhapsody''; not even the mild-jof view. Its method is not the dra¬
518 2923 2615 2997 ment mounts to his head. Withl ly ’senile concern with feminine matic monologue that Schnitzler
1226 2969 2610 3022 nudeness, that peeps through has adopted in several of his Pno¬
524 2986 1234 3049 his inveterate love of grand ges¬
1232 2992 2606 3069 Fräulein Else’s fine technique; vellen.“ but a sharp, objective real¬
519 3022 1236 3097 tures, he plays for larger and larger
517 3083 2617 3120 stakes. When the game breaks off but a direct, quick-moving story, ism, revealing through suggestion.
529 3128 2605 3182 at dawn he is thousands in debt! saved frem melodrama by a subtle In the translation it still reads flu¬
1236 3144 2603 3199 psychological insight and a cyni-ently and well. In its implied erit¬
547 3136 1231 3212 He must have the money within
522 3189 2616 3260 two days, or lose his post in thecal aptness of detail. One remem-icism of an entire socit caste it
524 3214 2615 3292 regiment. In this situation the jbers the “ruddy shimmer'' of the revives memorles of Tne Road to
534 3276 2618 3325 only person who can save him is red pillow through its coarse slip. the Open“ and makes one look for¬
523 3304 2622 3386 his uncle'’s young wire, a girl whomlon which Leopoldine's head once)ward hopefully to the full-length
519 3348 2608 3429 he had possessed and unconsslously Ilay; or the pressure of Fräuleinnovel Theresa“ which is an¬
533 3381 2401 3475 flouted several years before. NowKessner’s knee against Willi’snounced for the Spring.
