3204 4384
-3 114 193 219 34
476 115 1227 190 im Morgengrauen
1347 117 1731 220 box 6/1
177 141 1227 243 Spiel in Hergengraden
306 965 3070 1071 Klauen, gend seine Fange nief in De lsel, im Krone Biöde,s der Lefsentlichtent noch nicht erscheenen wer, diese Gelegenheilversammlung der B
305 1070 3083 1122 Häuser, Bäume, Tiere — auch Menschen in seinen Rachen! benützen werde, uen sich über die Bedeutung seiner Ver= gehalten worden sind.
1069 1101 1481 1180 #esshidern#
1470 1137 3089 1206 — er streicht eine für seine Verhältnisse ganz enorme den muß, ein Stil
310 1156 1494 1225 enden. Er tritt den Weg in die Kaserne an, i#s er sein
2653 1191 3090 1265 heit und Einfachhe
1480 1208 2657 1264 Summe ein. Also rasch nach Hause, um den Schatz in
300 1192 1484 1271 Leben beschließen will. An seinem Statumensé vorüber¬
2646 1242 3083 1312 zu finden. Jedes W
1488 1259 2658 1313 Sicherheit zu bringen. Nicht nur dem armen und leicht¬
303 1254 1490 1333 kommend, erblickt er den bekannten Kellner und unwill¬
2638 1292 3082 1356 umrissen, jede Stei
1486 1287 2659 1365 sinnigen Kassier, sondern auch ihm, dem lustigen und
306 1300 1496 1364 kürlich öffnet er die Tür, setzt sich nieder uns bestellt das
2646 1337 3069 1408 geführt. Die so oft
1484 1347 2660 1402 keineswegs leichtfertigen Leutnant, war Fortuna hold.
307 1353 1487 1436 Frühstück. Eine Henkersmahlzeit, die ## s##h noch gönnt.
2638 1383 3083 1452 wohl in letzter Linih
1489 1383 2659 1456 Doch — Spiel des Zufalls! — als er den Bahnhof er¬
302 1401 1486 1473 Der Kellner nennt plötzlich den Namen des Wckermeisters.
2652 1438 3082 1501 Künstler allein vorh
1480 1431 2657 1500 reicht, um nach Wien zu fahren, dampft eben der Zug
313 1450 1490 1508 Gustl zittert. Sollte man seine Katastraphe bereits
2646 1474 3080 1544 man sagen wollte, di
1491 1483 2654 1548 aus der Halle. Was iun? Der Spielteufel lockt ihn ins
300 1487 1483 1559 kennen? Nein! Der Riese hat in der Ne###t einen Schlag¬
2650 1532 3087 1591 und um profane Gle
1488 1536 2658 1597 Kaffeehaus zurück und hier verliert er alles. Er macht
303 1540 1494 1604 anfall erlitten und lebt nicht mehr. Aus der Verzweiflung
1495 1575 3086 1655 Spielschulden — und das sind bekanntlich „Ehren= die Köche und der A
308 1595 1492 1652 Gustls wird Seligkeit; er fliegt aus der Helle in den
2653 1629 3082 1695 da. Kunst muß auf
1490 1638 2653 1704 schulden“ — und als er beim Morgengrauen im Wagen
303 1642 1490 1719 Himmel. Niemand hat eine Ahnung von dem peinlichen
2652 1673 3088 1743 arm oder reich, wei
1486 1687 2653 1743 des gerissenen Bankhalters heimlehrt, ahnt er, daß der
310 1692 1490 1763 Zwischenfall, der einzige Zeuge ist tot, die „Uniform muß
2648 1720 3081 1788 auch aus, was wohl
1491 1724 2651 1805 Zufall sich zu einem Fatum verdichtete, das seinen Unter¬
310 1752 1493 1819 nicht ausgezogen werden“, die Karriere kann noch eine
2650 1765 3053 1837 oder Othello, an
1489 1780 2655 1856 gang herbeiführt. Er versucht alles, um sich das Geld zur
309 1788 1482 1857 glänzende Fortsetzung finden. Spiel des Zufalls, und
2656 1813 3078 1882 masow denkt, um
1487 1820 2660 1918 Tilgung der Spielschuld zu verschaffen, fleht seinen Onkel
306 1829 1494 1906 zwar eines glücklichen Zufalls, denn des einen Tod ist
2657 1863 3083 1934 Malerei und Bild
1478 1880 2662 1944 an, erniedrigt sich vor dessen Frau, einem Blumenmädel
307 1886 1034 1974 häufig genug des anderen Leben.
2650 1910 3089 1980 allerdings auch and
1480 1928 2653 1990 g. D. (diese Frau beschämt ihn tief in einer Liebesnacht,
409 1911 1493 1998 Auch der Leutnant Wilhelm Kasda hat unter dem
2657 1962 3087 2029 manches Drama fü
1484 1976 2657 2055 die sie ihm vor seinem Tod gewährt) und schließlich greift
318 1984 1491 2048 Spiel des Zufalls, das bei ihm ein Zufall des Spiels
2653 2013 3089 2077 schrieben, was aber
302 2032 1492 2099 wird, zu leiden, aber ihn zwingt ein unglücklicher Zufall
1490 2030 2656 2098 er zum Revolver. Ein scharfer Schuß schließt seine Rech¬
2646 2060 3047 2126 nach — großen, f
1482 2082 2651 2158 nung ob. Als der unglückliche Leutnant tot im Kasernen¬
304 2079 1478 2145 zum Selbstmord. Wilhelm, aus einer alten Soldaten¬
2654 2104 3084 2175 unvergänglichen We
314 2125 1481 2196 familie stammend (der Großvater war Feldmarschall¬
1487 2122 2653 2209 zimmer liegt, stürzt der Onkel herein und bringt das
311 2171 1491 2232 leutnant, der Vater ein in Temesvär beliebter hoher
1484 2153 3076 2244 Geld, denn seine Frau hat es ihm gegeben. Zu spät, viel liche der meistenese
2647 2200 3094 2266 und aus der Zeit
303 2227 1487 2302 Offizier), lebt in Wien als fescher Leumnant in der Art,
1484 2225 2667 2315 zu spät! Vielleicht war es die in manchen Frauen
2649 2251 3075 2324 brachten lebenswah
302 2280 1485 2333 wie diese jungen Helden der k. u. k. Armee ehedem lebten.
1483 2274 2665 2355 glimmende Freude an der Grausamkeit, vielleicht der in
1483 2303 3077 2412 den Proleiariern schwefende Grimm gegen jede soziale lichen, allzumenschl
308 2320 1492 2399 An einem warmen Sonntagsmorgen erscheint bei ihm
2652 2345 3085 2417 Dichter vorwerfen,
311 2372 1487 2438 ein ehemaliger Kamerad, der wegen Spielschulden den
1489 2362 2659 2458 Oberschicht, was hier ein zur Geschäftsfrau avanciertes
2657 2388 3093 2463 seiner neuesten her
311 2406 1502 2492 Militärdienst quittieren mußte und jetzt als Kassier einer
1494 2420 2650 2489 „füßes Mädel“ veranlaßie, mit der heißersehnten Hilfe¬
2652 2441 3039 2511 Spiels gar zu se
311 2463 1491 2547 Aktiengesellschaft wieder „Pech“ gehabt hat. Er braucht
1483 2465 2653 2548 leistung zu zögern. Genug daran, Wilhelm Kasda muß
2647 2488 3083 2566 vergessen, daß Goet
307 2508 1490 2581 nämlich mehr, als er einnimmt, gestattet sich unerlaubte
1490 2524 2653 2605 als Opfer fallen. Sein Spiel auf Leben und Tod schließt
2643 2539 3086 2605 dürfe „der 3##fall
304 2562 1481 2640 „Vorschüsse“ und da nun wider Erwarten eine Kasse¬
1486 2580 1829 2650 mit dem Tod.
2653 2578 3087 2652 gleich er keine Plan
313 2609 1496 2674 skontrierung für den nächsten Tag bevorsteht, will er von
1569 2602 2647 2707 Die Geschichte Gustls und neben ihr die Wilhelms
2649 2626 3085 2699 aufzuweisen scheint,
311 2663 1487 2725 Wilhelm die fehlenden tausend Gulden borgen. Doch ein
1486 2664 2659 2749 sind Ausschnitte aus dem Leben. Was hier der Dichter
2655 2684 3050 2742 salstragödie der
307 2701 1494 2773 Leutnant, selbst der solideste, hat wenig Geld. Wilhelm,
2655 2732 3075 2801 Kirchenlehrer und 1
1484 2718 2657 2804 ersann, möglicherweise auf Grund von Begebenheiten er¬
311 2756 1488 2819 ein guter Junge, möchte indes gern helfen. Er verspricht,
2644 2769 3070 2853 Menschen ebenso
1486 2769 2658 2849 zählt, muß jeden Leser erschüttern. Den Kenner der
309 2812 1492 2873 in Baden, wo er den Sonntag zu verbringen gedenkt, an
2649 2807 3092 2898 des Fatums erb
1490 2818 2650 2901 Literatur verblüfft freilich auch die technische Meister¬
313 2852 1490 2911 einer Kartenpartie teilzunehmen, obgleich er kein Spieler
2654 2880 3086 2952 Leidenschaften, den
1493 2873 2653 2948 schaft. Die Kapitel der neuen Novelle — sie steht als
322 2908 1495 2966 ist, und falls er gewinnen sollte, den ehemaligen Kamera¬
2654 2920 3086 2995 Lust und den L#
1487 2928 2656 2996 Dichtung höher als der dann und wann ironisch=satirische
314 2936 1497 3015 den aus der bitteren Not zu befreien. Im Badener
2643 2970 3089 3038 damit auch manch
315 2978 2664 3062 Kaffeehaus setzt er sich denn auch an den Spieltisch. Er „Leutnant Gustl“ — sind mit vollendeter Kunst aufge¬
316 3005 3077 3134 gewinnt, gewinnt immer mehr und — Zufall des Spiels! baut, und was heutzutage besonders hervorgehoben wer¬ leuchtet Schnitzler i
