3204 4384
1 94 166 196 34
1344 86 1732 195 box 6/1
469 86 1224 180 im Morgengrauen
155 101 1294 227 Spiel Hegener ader
674 807 2062 910 Buchbesprechung in Leipziger Rundfunk
1551 1041 1939 1134 ergrauen!!
2138 1024 2581 1140 10. Nai 1927
374 1029 1691 1173 Arthur Schnitzler
751 1124 821 1165 d Ahre
771 1129 993 1223 S e
652 1205 2772 1310 Mit seinér „TTraunnovelle“ und der vor kurzen auch an dieser
348 1262 2766 1351 Stelle besprocheyen feinsinnigen und zugleich tiefschürfenden Unter¬
354 1328 2742 1416 suchung des 'Geistes in Nort und des Geistes in der Tat“ hat Arthur
348 1388 2790 1447 Schnitzler eindentig bewiesen, von welch vitalem Elan seine Schöpfer¬
354 1433 2773 1539 kraft noch heute ist, obzvar er bereits die Sechzigjjahrgrenze um ein
349 1504 2767 1588 gut Stück überschritten hat. Und erstaunend muß festgestellt werden,
354 1559 2770 1646 daß in seinem Nesen nichts vom Altern zu spüren ist, sondern daß er,
357 1610 2711 1713 künstlerisch zur Vollendung gereift, Verk auf Verk produziert, von
356 1666 2771 1762 denen uns weder eines noch das andere enttäuschen kann und von denen
353 1723 2775 1807 man Jedes als eine Gipfelleistung ansprechen möchte. Eine solche muß
362 1788 2762 1869 auch sein neuestes Buch genannt werden, die Erzählung ’Spiel im Mor¬
354 1845 2787 1919 gengrauen“; in Problen so Jung und lebendig, erschütternd und Lebens¬
347 1914 2719 1980 nah, das es ein Dreißigjähriger geschrieben haben könnte, hätte er
356 1948 2651 2018 die gleiche Nacht der Sprache und Vornehmheit des Stils, wie sie
355 2005 2724 2084 Arthur Schnitzler eigen sind. Hier fühlt man, wie sehr der Dichter
361 2049 2789 2146 in seinem Milieu, vie sehr er den Österreichischen verbunden ist und
365 2109 2720 2201 kaum einen zweiten wird man Finden, der diese Umwelt mit derselben
357 2170 2751 2262 Leichtigkeit und Eindringlächkeit uns vor Augen führt. Hasard steht
359 2215 2851 2313 in Mittelpunkt der Ereignisse und doch ist der Spieltisch den Menschen
363 2283 2757 2380 und Seelenkenner Schnitzler nur Vorwand für ein Größeres, das er ge¬
369 2339 2689 2429 staltet: für des Manschen Verfallensein an die dunklen Nächte des
365 2375 2832 2478 Schicksals. Denn iener Leutnant, der die Hauptfigur in dieser Novelle
361 2467 2635 2546 stellt, ist kein Glücksspieler kein Berufsspieler, kein Leiden¬
366 2493 2704 2613 schaftsspieler sondern die Hoffnung einen abgedankten Kaneraden
371 2555 2691 2658 aus Schande und Not zu retten treibt ihn zur Spielbank wo er ge¬
363 2602 2797 2690 winnt, gewinnt, verliert, verliert und schließlich Schulden auf sich
364 2662 2797 2779 Tädt, die er nicht bis zur gesetzten Frist zurückzahlen kann, so daß
369 2725 2814 2834 ihm kein anderer Ausveg bleibt als der freiwillige Tod. Neben dieser
371 2790 2697 2886 Haupthandlung laufen einzelne Fäden, die psychologisch tiefsinnig
370 2840 2788 2951 Menschenschicksale bewegen, in denen ein unheimlich Dämonisches eine
367 2891 2801 3021 nicht unbedeutende Rolle spielt; ein Moment, das schon in der VTraum¬
368 2950 2756 3049 novelle“ zur Gelbung kan und hier verstärkt wieder aufgenommen ist.
376 3009 2797 3110 In der Prägnanz der Schilderung wird Jede einzelne dieser Szenen und
371 3077 2783 3154 Kapitel zun großen Erlebnis, dem sich kein Leser wird entziehen kön¬
372 3166 2781 3237 nen. Denutsvoll und bewundernd müssen sich die Jungen vor dieser un¬
380 3186 2804 3289 erhörten Reife und Meisterschaft Arthur Schnitzlers heugen; denn die¬
376 3234 2761 3347 ser Fünfundsechzig jährige hat nächt nur Menschenerfahrung gesamnelt
375 3291 2760 3381 und Erkenntnis alles Irdischen sondern Güte und Verstehen für alle
383 3357 2622 3452 Schwächen unserer Erdhaftigkeit. Und aus diesem Grunde ist sein
379 3390 2703 3489 VSpiel im Norgengrauen“ ein einmaliges und zugleich aufrüttelndes
374 3486 934 3596 Werk gevorden.
681 3572 2576 3685 Als Probe gelesen: S. 148-151 m. Situationsschilderung.
