3204 4384
533 129 1280 194 im Morgengrauen
49 124 360 218 34. Sp
1404 124 1803 217 box 6/1
235 148 1290 223 eigengranen
285 462 3023 507 stehen, so müßte man kein Zeitgenosse, ja im Grunde über- nur die 1000 Kronen, sondern weit mehr, läßt sich indes durch und glühend
288 500 3040 555 haupt kein Mensch sein. Seit langem ist mir keine kritische seine Spielerleidenschaft hinreißen, bis in den frühen Morgen geruhigen Sic
281 554 3046 599 Gesamtdarstellung der Literatur der Gegenwart begegnet, die das Spiel fortzusetzen, und verliert selbst 10000 Kronen. Ver-[gelangt — mit
281 585 3043 639 ich mit so ungeteilter Freude gelesen hätte, wie Wernerlsuche, seinen Onkel und dessen Frau, die ehemalige Geliebte leiner der größ
285 626 2733 673 Mahrholz' Deutsche Dichtung der Gegenwart.jdes Leutnants, zur Hergabe des Geldes zu bestimmen, scheinen
2729 630 3061 690 die ihn und d
286 666 1519 718 Der Untertitel lautet: Probleme, Ergebnisse, Gestalten. Frei
1528 673 2744 718 vergeblich. Die Frau des Onkeis, die von diesem getrennt lebt
2740 673 3064 738 gerät in Schult
288 704 1524 756 von Oberlehrertum auf der einen und Prätention auf der anderen
1523 709 2749 774 und große geschäftliche Transaktionen tätigt, geht zu dem
2796 710 3059 764 Und nun i
296 750 1518 799 Seite, ohne Zugehörigkeit zu einer Clique und den Drang, eine
1525 750 2737 798 Leutnant auf ein Stelldichein, spielt eine undurchsichtige
2736 737 3074 810 in dem der An
296 786 1525 838 eigene Heilslehre zu künden oder lediglich sich im Spiegel der
1517 788 2736 833 Rolle und entzieht sich ihm, ohne Hoffnung auf das anfangs in
2728 792 3049 837 kündet wird; 1
285 826 1535 880 deutschen Dichtung der Gegenwart zu sehen (siehe als warnen¬
1515 824 2734 885 Aussicht gestellte Darlehen zu lassen. Als der Onkel erscheint,
2739 828 3047 880 Auserlesenheit
291 873 1537 921 des Gegenbeispiel Hans Brandenburg: Das neue Theater), wird
1527 870 2743 928 um das Geld im letzten Augenblick zu bringen, hat sich der
2729 863 3063 921 bevorstehenden
1532 907 1962 968 Leutnant erschossen.
292 899 1521 962 hier unter Wahrung der Zusammenhänge mit allen geistigen
2725 900 3078 967 ein solches Ge
293 945 1536 992 Strömungen eine Gesamtschau über die deutsche Dichtung vom
1589 929 2753 997 Diese letzte Erzählung Arthur Schnitzler’s ist spannend und
2729 944 3081 1008 durch ein Verk
293 989 1526 1036 Beginn des Naturalismus bis auf die jüngste Gegenwart
1519 992 3073 1051 setzt einen in Atem, wie ein glänzender Film. Sie gehört in ein wesentliche
286 1030 1529 1078 gegeben, die einzelne Erscheinungen klar hervortreten läßt,
1530 1031 3057 1082 einen Zyklus, den ich Nocturno überschreiben und etwa zu fol-Iliebten, krank
289 1062 1528 1113 wie etwa Wedekind, Stefan George, Thomas Mann, Schnitzler,
1525 1066 3038 1121 gendem Quartett vereinen möchte: Leutnant Gust’l, Fräulein Hemmungen e
284 1091 1527 1154 Arnold Zweig, Arnold Ulitz, ohne den Rahmen zu sprengen.
1518 1094 2426 1163 Else, Traumnovelle, Spiel im Morgengrauen.
2435 1098 3033 1169 Während die der Bank, in
287 1137 1530 1201 Es ist natürlich weder möglich noch nötig, mit allen Urteilen
1528 1142 2750 1191 ersten beiden Novellen noch das besondere Charakteristikum
2731 1142 3045 1202 auf betrügeri
1529 1182 2752 1240 aufweisen, Monologe zu sein, bindet alle 4 die Eigenart, daß sie
287 1184 1529 1239 von Werner Mahrholz übereinzustimmen oder die bewußte
2742 1139 3026 1281 A1020
293 1225 1532 1280 Uebergehung einzelner Autoren (ctwa Otto Flake's) gut zu
1528 1208 2740 1270 sich in rasendem Tempo während einer Nacht oder in
1523 1251 2749 1323 wenig mehr, als einer Nacht abspielen. In jedem Falle haben
298 1268 1530 1313 heißen. Aber wer den Wunsch hat, sein eigenes Urteil mit
2802 1263 3028 1318 Von dor
1527 1301 2739 1349 sie die nervös gespannte Ueberwachheit einer schlaflos ver¬
287 1299 1530 1350 anderen zu vergleichen, wird — über den Standpunkt vom
2740 1284 3044 1358 beichtet ohn
1532 1340 2737 1392 brachten Nacht. Das Zusammengedrängte für das Leben ent¬
286 1340 1522 1410 kleinsten Uebel weit hinaus — mit höchstem Vergnügen und
2734 1340 3034 1400 Tat und ver
1504 1379 2743 1439 scheidender Minuten, das rasende Filmband wesentlicher Ein¬
301 1381 1168 1434 Gewinn zu Werner Mahrholz' Buch greifen.
2736 1380 3023 1431 Dichter, der
367 1421 2743 1483 Die Ausstattung des im Volksverbandder Bücher-Idrücke eines Lebenslaufs vor dem Scheiden in künstlerischer
2741 1416 3021 1475 Verbrechens
1307 1458 1532 1510 dieser so
1528 1462 2740 1506 Konzentration. Schnitzler’s Spiel im Morgengrauen ist das
2739 1445 3028 1521 und verziehe
290 1457 1328 1505 freude (Wegweiser-Verlag G. m. b. H., Berlin), —
1523 1498 2739 1543 einzige Werk seit Jahren, das ich, als es in der Berliner
297 1492 1526 1546 überaus verdienstvollen und in ihren Leistungen in aufsteigender
2733 1500 3027 1564 ihn freispre¬
1516 1536 2749 1587 Illustrierten Zeitung zu erst erschien, in Fortsetzungen lesen
2749 1536 2999 1598 spricht ihn
292 1531 1538 1599 Kurve sich befindlichen Organisation — erschienenen mehr als
289 1570 2751 1645 500 Seiten starken Halbleder-Bandes ist vorbildlich zu nennen. Ikonnte. Bei aller Spannkraft bleibt indes stets die meisterhafte
2746 1572 3013 1641 gesteht, sel.
378 1619 2740 1674 Weniger günstig muß das Urteil über Ernst Gestaltung gewahrt, und das Werk wirkt in seiner Geschlossen¬
2729 1615 3009 1683 müssen ihr
289 1659 2747 1706 Vowinckel's bei F. A. Herbig Verlagsbuchandlung G. m. heit erst vollkommen als Buch, denn frei von Kolportage ist es
2739 1658 3008 1719 dieses Bet
288 1693 2736 1758 b. H., Berlin, erschienenes Werk Englische Romane derlerfüllt von Schnitzler’s liebevoll hingegebener Menschenbeobach¬
2734 1699 2984 1757 staltet, zu
1522 1743 2676 1798 tung und gefaßt in seinen unvergleichlich persönlichen Stil.
289 1740 1528 1788 neuesten Zeit und Gegenwart ausfallen. Gerade weil
2713 1728 2992 1807 neten, geh
2498 1759 2722 1845 Frango.
2803 1777 2985 1852 Der.B
301 1780 1533 1828 die Materie an sich ein wenig spröde ist, erfordert siel eine
292 1821 1542 1878 lebendigere Betrachtung. Die Darstellung ist all zu philolygen¬
283 1864 1540 1913 haft. Man hat zu Eingang bei der Behandlung des Stilproblems“
294 1886 1548 1947 mitunter den Eindruck, eine Doktor-Dissertation zu lesen (und
289 1930 1542 1985 selbst eine Doktor-Arbeit kann, zumal wenn es sich um ein
289 1970 1552 2025 literarisches Problem handelt in flüssigem Stil geschrieben
307 2016 1553 2070 sein, ohne an wissenschaftlichem Wert einzubüßen). Dieses
296 2053 1552 2105 Buch mutet nicht an, wie ein Spiegel des englischen Romans
299 2104 1556 2152 der neuesten Gegenwart, sondern vielmehr wie ein Herbarium
292 2135 1555 2190 oder eine Schmetterlingssammlung. Bei einem Umfang von
289 2167 1555 2229 250 Seiten heißt es angesichts Galsworthy’s Forsyte Saga:
301 2209 1547 2267 „Auf die „Forsyte Saga“ näher einzugehen, ist
287 2249 1547 2314 hier nicht möglich. Das umfangreiche, überaus bedeut¬
301 2286 1544 2357 same Werk, das in „The- White Monkey“ noch eine Fortsetzung
290 2336 1547 2404 gefunden hat, erinnert an Thomas Mann's Buddenbrooks; es ist
296 2374 1542 2425 aber auch, ähnlich wie „Der Zauberberg“ wenn auch nicht mit
300 2396 1550 2473 so weit ausgesponnenen weltanschaulichen Auseinander¬
304 2452 1537 2507 setzungen, der Abgesang einer untergehenden Epoche“.
301 2490 1540 2551 Trockenheit und Pedanterie können sehr wohl mit Oberflächlich¬
298 2529 1545 2587 keit Hand in Hand gehen. Als geistige Leistung kommt dieses
293 2565 1547 2636 literaturkritische Werk nicht in Betracht, vielleicht als soge¬
306 2612 1542 2664 nanntes Lehrmittel, und dann bleibt es immer noch traurig,
298 2647 1537 2702 wenn die meisten Lehrmittel so ausschen, daß man sie eigent¬
295 2694 1152 2762 lich richtiger Leer mittel schreiben sollte.
383 2711 1555 2777 Schließlich liegt noch ein schmaler Band vor mir: Tage
297 2773 1539 2839 mit Gerhart Hauptmann. 36 dilettantische Zeichnungen
298 2807 1547 2867 des menschlich sehr sympathischen Hanns G. Haas und
294 2848 1543 2903 ebensoviel Seiten peinlicher Text von Hans von Hülsen
1534 2871 1598 2921 2
309 2892 1538 2948 (Carl Reißner-Verlag, Dresden). Es ist die Art wie die
1529 2903 1605 2970 8
298 2920 1545 2992 Autoren des Wiener Journals über Begegnungen mit Bühnen¬
300 2970 1543 3018 oder anderen Matadoren berichten. Man hat fast stets das unbe¬
301 3012 1540 3064 hagliche Gefühl, unfreiwilliger Zeuge einer Indiskretion zu sein,
1546 3008 1619 3081 4
299 3044 1535 3107 ohne irgend etwas Wesentliches oder Charakteristischès über
1527 3067 1623 3139 m
310 3086 1546 3143 die behandelte Person zu erfahren. Das ist alles so geistlos,
305 3134 1545 3180 daß man diese gut gemeinte und schlecht gekonnte Betrachtung
312 3159 1551 3224 ablehnen muß, auch wenn man kein Anhänger von Gerhart
302 3208 1552 3276 Hauptmann ist. Sie scheint hauptsächlich dem Zweck zu
310 3239 1614 3297 dienen, die guten Beziehungen Hans von Hülsen’s zum Hausej D.
307 3281 1632 3347 Hauptmann zu dokumentieren. Dabei ist seine Ahnungslosigkeit Pr
309 3328 1545 3382 geradezu überwältigend komisch. So muß er unbedingt be¬
303 3350 1639 3422 merken- „Da war Thomas Mann mit Frau und Kinder-lic
312 3402 1647 3466 schar, der eben die letzte — bis auf weiteres die allerletzte! — ein
300 3443 1646 3501 Hand an seinen Roman Der Zauberberg legte.“ Nämlich um
302 3486 1644 3554 in Hiddensee. Ich glaube kaum, daß dieser Hinweis im Zu-Tuni
304 3528 1554 3589 sammenhang mit Gerhart Hauptmann besonders glücklich ist.
314 3565 1652 3623 Wenn Hans von Hülsen ahnte, wessen Züge Mei
309 3605 1644 3670 Mynheer Peeperkorn in Thomas Mann’s Zauber-der
303 3647 1635 3694 berg trägt! Das ganze Werk mutet „wie eine Baokfisch- die
306 3689 689 3757 angelegenheit an.
1349 3686 1655 3762 z Süh
371 3749 1672 3835 Arthur Schnitzler: Spiel im Morgengrauen. (S. Fischer- Ghet
1515 3800 1681 3866 Tliebt
314 3786 680 3866 Verlag. Berlin.)
1533 3844 1685 3894 für A
383 3825 1554 3901 Ein k. u. k. Leutnant, vielleicht schon ein Neffe von
315 3870 1684 3928 Leutnant Gust’l, wird von einem ehemaligen Kameraden, der beruf
310 3912 1693 3959 eine Unterschlagung begangen hat, gebeten, ihn durch ein Dar-in der
310 3956 1703 4014 léhen von 1000 Kronen vor der Entdeckung zu retten. Der Istrebt
314 4016 1693 4075 Leutnant setzt sich an den Spieltisch, gewinnt anfangs nicht einem
1548 4048 1720 4121 S
