3204 4384
7 93 378 184 34. Spic
496 99 1215 180 im Mordendrauen
188 155 1218 219 K               A S   AAAA
1022 528 1305 596 THE SATI
245 526 343 595 372
224 661 1304 743 more sympathetically drawn than is Schnitzler’s
235 729 1302 783 wont, is in difficulties; each of the persons whom he
230 782 1305 840 meets comes in—like strangers in real life—as an
231 823 1301 895 enigma to be solved, an enigma which in each case
235 880 1309 928 contains a menace and a promise. One by one these
230 922 1301 996 riddles—Bogner, Consul Schnabel, Uncle Robert,
232 976 1302 1025 Leopaldine, and the rest—are all answered, but
238 1035 1298 1087 when the last riddle is read the lieutenant is not
235 1093 1308 1145 there to hear it. His failure to solve the enigma
235 1114 1296 1179 of love has cost him his life. The story runs
232 1175 1299 1232 swiftly through two days and nights, and its fever¬
233 1235 1302 1284 ish events are ironically framed in the coolness of
238 1288 1299 1349 impassive dawns. Thus Schnitzler, with the cool¬
228 1339 1315 1397 ness and impassivity of nature, looks upon the lives
229 1395 1305 1457 hie has created, from the far vantage-point of his
243 1427 828 1499 station above good and evil.
453 1515 1109 1612 A Lovelv Book
237 1618 1302 1690 THE OLD BENCHERS CF THE INNER
296 1678 1296 1730 TEMPLE. By Sia F. D. Mackiwson. New
295 1736 1222 1800 Vork: The Oxford University Press. 1027.
381 1793 1153 1854 Reviewed by A. Enwaxb NEwroN
372 1834 1309 1914 NHIS is a lovely book. Charles Lamb in
406 1901 1307 1971 any Vormat is always appealing; and how
406 1952 1300 2006 pleased and amazed and amused he
239 2006 1307 2071 would be to think of the great Oxford University
231 2059 1305 2124 Press making into a beautiful and substantial volume
229 2105 1303 2169 his little paper on The Old Benchers of the Inner
240 2165 1315 2242 Temple, where, as he says, he was born and passed
243 2205 898 2280 the first seven years of his life.
299 2252 1284 2330 The best essays are always autobiographical—
235 2317 1315 2372 the creator of the essay, old Montaigne, taughe us
232 2361 1315 2438 that—and Charles Lamb’s most delightful papers
227 2416 1311 2487 are those in which he refers to his own experiences:
232 2475 1315 2537 the names of dozens of them spring to our lips. But
234 2524 1304 2575 in essay writing, as Dr. Johnson said of a man
238 2574 1305 2644 writing an epitaph, one is not under oath: the
227 2623 1313 2693 essayist may take a thread of truth and string
236 2678 1314 2727 thereon a pearl—many pearls—of fiction. And
234 2719 1237 2771 commentators are frequently misled thereby.
231 2781 1304 2831 have been told that Lamb’s“ Oxford in Vacation''
236 2827 1302 2897 was written not after a visit to Oxford but after a
240 2879 1302 2946 visit to Cambridge. The story fits onc place quite
231 2933 1314 2994 as well as another. Lamb made love to several
239 2980 1302 3038 shadowy maidens in his essays that may never have
237 3038 1307 3093 lived at all, and we know—what his contem¬
234 3087 1308 3137 poraries did not—that he loved and proposed and was
239 3139 1318 3220 declined by Miss Kelly, “she of the divine plain
243 3186 398 3248 face.?
287 3227 1323 3304 And so we who love the choicest cuts of Lamb
235 3286 1313 3348 have always taken hisBenchers'’ with a grain of
239 3343 1314 3399 salt. Did they all live in the flesh and did Lamb
234 3392 1309 3453 see them clear or only in his mind’s eye! These
237 3444 1310 3510 questions and many another Sir F. D. Mackinson,
243 3500 1320 3549 himself a Master of the Bench, has answered for
237 3555 1319 3617 us and given us little biographies and reproductions
244 3602 1312 3657 of many portraits which make us wish we were a
248 3654 1319 3706 Bencher. I might perhaps be mistaken for a wise
247 3701 990 3773 man, did I wear a wig and a robe.
656 3759 907 3814 * * 3
286 3810 1309 3875 How fully saturated with London Charles Lamb
244 3879 1315 3927 is and it with him! Only a few wecks since, one
248 3928 1314 3984 moonlight night I spent an hour wandering in the
252 3979 1320 4031 Temple thinking of the realities and the shadows
250 4025 1313 4085 which once had habitation there, and of the
244 4066 1319 4124 Shakespeare storv of the white rose and the red, and
1354 108 1728 195 box 6/1
2170 422 2697 622 Aee
1969 464 2152 582 euuch
1998 517 2211 627 40
2201 526 2705 687 ansceipria Pas
2025 575 2180 695 D
2049 681 2537 805 Nau19 927
2052 850 2173 1009 4
2434 1517 2549 1595 D
2095 1652 2497 1786 —
2005 1774 2500 1853 ARTHUR SCHNITZLER
2526 3097 2580 3170 at
2500 3161 2573 3204 ther
2505 3197 2587 3237 out
2453 3229 2584 3268 ere is
2452 3259 2592 3312 s you
2372 3294 2599 3348 ession that
2381 3330 2588 3396 k are part
2283 3365 2536 3408 I experience.
1913 3331 2005 3408 ha pe
2313 3388 2587 3445 Drop the book
1868 3431 2574 3477 In the midst of Kasda’s card game,
1862 3464 2582 3514 and you'll walk about with his de¬
1866 3494 2575 3544 pression and sense of loss lingering
1864 3538 2580 3583 over your own head. And not for a
1866 3575 2574 3613 moment will you feel you are clear
1870 3604 2571 3642 of his pain and disgrace because of
1865 3637 2574 3693 his remoteness, because he happens to
1875 3670 2479 3714 be in a book and you out of it.
1924 3665 2581 3752 Daybreak“ mores—inevitahl#o
1873 3732 2577 3781 tfediauithat
1890 3770 2565 3816 EandBtric
1874 3807 2586 3878 #ave me a kick such as I haven't had
2122 3832 2149 3849 nn
1866 3833 2455 3907 trcmeaigets Sirice nnnprc
