3204 4384
305 123 443 203 ie
489 136 1236 203 im MorgenFrauen
1368 121 1730 223 box 6/1
22 125 1242 251 34. Spiel inHengengsanen
-15 1062 348 1161 Sein ja alle gul¬
603 1111 1207 1199 (Schwingt den Lederbeutel)
1568 1111 2590 1206 Laternen oder Fackeln aufgeregt vom Tal herauf)
-8 1229 326 1300 er diesem, wohl
404 1243 2678 1305 Wir wären nicht bei Schnitzler, wenn nicht aus dem zu bringen. Der Leutnant Kasda kennt die Frauen nur wenig
-5 1278 313 1340 irch eine Spiel=,
327 1271 1490 1331 Karten= ein Liebesspiel würde, und zuletzt erscheint diese ganze
1500 1292 2675 1349 trotz mancher Erfahrung, und so ist er erstaunt, daß aus der
-8 1328 316 1396 auer des Hasses
321 1328 1493 1381 Lebenskomödie, symbolhaft gefaßt, als ein Spiel mit tödlichem
1494 1331 2672 1389 Frau, die am Vormittag so nüchtern ihre Geschäfte verwaltete,
317 1377 1492 1428 Ausgange, wenn es ein tückischer Zufall will. „Wir spielen
1489 1375 2686 1435 am Abend nicht gerade eine Grande amoureuse, aber doch eine
321 1418 1490 1474 alle, wer es weiß, ist klug“, wie es in den Anfängen
1498 1417 2684 1489 Geliebte wird, die sich dem Liebhaber von einst wieder ohne
323 1470 1492 1532 Schnitzlers hieß. Jetzt weiß er: das Schicksal spielt mit uns,
1495 1468 2684 1536 Rückhalt gibt, als hätte sich seit damals nicht so vieles, auch
-10 1453 316 1540 sch — wird um
322 1512 1502 1574 aber wir merken es nicht. Auch dieser junge Leutnant Willi
1499 1510 2258 1587 diese Bitte um ein Darlehen, ereignet.
-15 1518 323 1579 Menschenleben,
312 1557 1495 1619 merkt es nicht, daß er nun selbst in eine Komödie mit
1585 1550 2676 1626 Als sie nach dem Rausche dieser Nacht, der letzten, die
-15 1570 317 1641 ges wehen durch
311 1603 1483 1676 tödlichem Ausgange... leise... unentrinnbar . .. hinüber¬
1491 1599 2674 1680 ihm beschieden sein soll, von dem Leutnant in seinem Kasernen¬
-2 1615 313 1685 Zunächst aber
318 1653 569 1729 gleitet.
1493 1658 2677 1724 zimmer, da die Reveille geblasen wird, Abschied nimmt, hinter¬
-13 1666 327 1724 enn man zuletzt
1497 1707 2681 1766 läßt sie ihm eine Banknote — es sind nicht 11.000, sondern
-13 1706 319 1770 nstweilen hat er
398 1692 1494 1768 Am Morgen weiß er nur eines: Er ist ein verlorener
1498 1744 2676 1796 nur 1000 Gulden — und nun erfährt er aus ihrem zuckenden
-9 1748 318 1821 hlen und würde
316 1758 1482 1819 Mann, wenn er nicht bis zum übernächsten Tag, nur so
1497 1793 2675 1858 Mund eine Frauenbeichte. Er hat ihr damals, da sie noch ein¬
-12 1800 315 1879 für sich zurück¬
319 1799 1485 1853 lang wird ihm Frist gegeben — die Ehrenschuld begleicht.
1501 1838 2678 1900 fach die Poldi hieß, nach dem ersten, süßesten Beisammensein
309 1852 1492 1908 Nun gibt es für den Leutnant Kasda, der lieber von eigener
1502 1892 2669 1953 ein schnödes Geldgeschenk, 10 Gulden, hinterlassen. Er hat sie
-12 1871 319 1967 ug davon, welche
313 1895 1482 1950 Hand fiele, als schimpflich den Dienst verließe, nur eine
1496 1931 2682 2001 solcherart wie eine Dirne bezahlt. Das hat sie nicht vergessen,
313 1947 1485 2021 Hoffnung: sich von dem reichen Onkel die Summe zu be¬
-10 1947 304 2006 er muß — un¬
1499 1980 2674 2047 so etwas vergißt eine Frau nicht, jetzt rächt sie sich, indem sie
319 1988 510 2055 schaffen.
-8 1990 309 2060 erspielen, es ist,
1497 2014 2675 2101 ihn wie einen Zuhälter generös entlohnt, mit dem Hundert¬
408 2008 1484 2096 Dieser Onkel, der jetzt auf den Plan der Geschichte
-10 2032 317 2098 en würde. Die
1492 2063 2675 2138 fachen von damals. Nun bleibt ihm nichts übrig als die Pistole.
311 2073 1480 2143 tritt, ist wieder eine österreichische, eine altösterreichische Er¬
-6 2085 315 2147 er gewinnt, ver¬
1490 2119 2674 2168 Nicht bloß darum, weil er die Spielschuld nicht bezahlen, die
321 2127 1496 2190 scheinung, Schnitzlerisch gefärbt. Ein Sinnierer, der nur
-7 2127 319 2194 unerhört große
318 2167 1487 2225 unter Büchern lebt, ist dieser Herr Wilram, vor der ganzen
1488 2163 2677 2219 Anzeige des Konsuls an das Regimentskommando nicht zu
-6 2173 320 2240 m Dämon, dem
1488 2210 2683 2280 verhindern vermag, sondern weil er fühlt, daß er als Mann
314 2219 1486 2276 Welt hält er aus einer gewissen Scheu geheim, daß er schon
-3 2220 312 2290 rch die Spielwut
1497 2263 2675 2310 immer tiefer fallen wird. Das harte Problem des käuflichen
311 2262 1488 2331 verheiratet, aber von seiner, um so viele Jahre jüngeren
15 2265 310 2335 Augenblicken,
1496 2311 2674 2394 Mannes, ein neues Schnitzler=Problem, springt uns hier
317 2290 1489 2370 Frau, mit der ihn ein glühend=sinnliches Band zu verbinden
15 2320 314 2381 mit ärztlicher
1492 2355 1754 2417 mächtig an.
312 2362 1489 2413 scheint, halb geschieden lebt, daß er sein Vermögen in eine
-13 2338 311 2425 dichterisch tiefem
316 2401 1488 2468 Leibrente umgewandelt hat und daß diese im übrigen äußerst
1584 2387 2679 2458 Natürlich schickt Leopoldine ihm noch die 10.000 Gulden,
-8 2406 310 2473 rden Spielteufel
318 2455 1417 2516 geschäftstüchtige Frau die Geldverwaltung allein besorgt.
1488 2447 2671 2508 aber sie kommen zu spät. Bogner erhält seine 1000; wie
-6 2456 317 2520 Bandlungen, von
1492 2487 2672 2550 es ihm auf dem Turf ergangen, erfährt man nicht; man hätte
400 2500 1482 2564 Willi sucht sie auf, er ahnt bereits, daß es die nämliche
-15 2497 322 2567 der seine Frau
1482 2550 2671 2604 ein Gegenspiel erwartet. Auch bleibt es ein wenig allzusehr im
315 2542 1487 2612 Leopoldine Lebus ist, mit der er, da sie noch nicht Geschäfts¬
-7 2547 311 2619 zu Dostojewski,
1483 2580 2674 2650 Dämmer, warum der Konsul gerade an diesem bescheidenen
319 2597 1485 2650 und Ehefrau war, einmal eine heiße Nacht durchlebt hat.
-14 2596 310 2661 war, sie in den
1488 2631 2666 2699 Leutnant, gegen den er keine persönliche Feindschaft begt, für
311 2643 1483 2705 Und sie ist es wirklich, die Poldi. Aber wie hat sie sich ge¬
-3 2641 323 2706 Molnar, der die
1485 2689 2671 2758 alles, was ihm die Gesellschaft vielleicht angetan, Repanche
318 2686 1482 2738 wandelt! Noch immer von iugendlich=sinnlichem Reiz, ist sie
-4 2688 314 2753 Schlössern bei
1494 2730 1739 2804 genommen.
306 2732 1489 2786 dabei von nüchternster Geschäftsberechnung. Wer das
-9 2735 314 2797 dert und Stefan
1585 2772 2668 2834 Dies ist Schnitzlers neue Novelle: in sprachlichem Glanz
-7 2779 307 2836 m Leben einer
314 2782 1494 2836 Naturell wienerischer Frauen kennt, weiß, voie glücklich
1495 2803 2664 2874 einherschreitend, im Aufbau von der Hand eines Meisters zu
805 2810 1485 2885 daß sinnliche Innigkeit sich mit
-7 2827 296 2897 Morgengrauen“
317 2834 815 2888 diese Gestalt erfaßt ist,
1495 2868 2675 2920 dramatischen Spitzen gesteigert, wie es die echte Novelle sollte,
314 2875 1354 2943 kühlem Lebenssinn so oft bei der Wienerin verbindet.
-9 2877 225 2934 bereichert.
1490 2913 2673 2972 von düsterer Glut, virtuos in der Gedrängtheit der Vorgänge
397 2915 1484 2975 Sie erkennt ihren Geliebten der einen Nacht sofort, nimmt
-10 2920 320 2985 ttäuscht. Bleich
1491 2951 2677 3036 wie „Fräulein Else“ — ein Meisterwerk geschlossener
-7 2967 1482 3043 n dieser Morgen] sachlich sein Anliegen, ihm die verspielten 11.000 Gulden vorzu¬
319 3025 1752 3090 strecken, entgegen und verspricht, ihm am Abend selbst Bescheid! Form. ..
