3204 4384
846 710 1978 808 Arthur Schnitzlers „Spiel im Morgengrauen“.
1045 795 1777 868 S. Fischer Verlag, Berlin 1927.
916 837 1973 897 Es gibt keine Alserkaserne mehr und kein k. u. k. Offi¬
850 894 1981 950 zierskorps, keine Fünfguldenzettei und keine Pferdebahn.
845 950 1979 1019 Und man fährt nicht mehr durch die Frühlingsluft mit
844 996 1707 1047 zwei harben Rappen von Wien bis Baden.
926 1040 1964 1101 In dieser nächten, also am tiefsten verfunkenen Ver¬
848 1099 1964 1154 gangenheit trägt sich zu, was Arthur Schnitzler in seiner
842 1132 1967 1192 jüngsten, wirklich meisterhaften Novelle erzählt. Zeitge¬
852 1195 1981 1251 nossen, die „der heißen Gegenwart leben“ und überlegen
842 1234 1984 1299 die Nase rümpfen, wenn ein Dichter das Milieu eben
858 1291 1985 1348 erst abgercumter österreichischer Jahrzehnte schildert, werden
857 1336 1977 1404 Schnitzlers Novelle als sehr überflüssig erklären. „Was
857 1386 1981 1466 geht das uns an? Zu dieser Geschichte von dem jungen
856 1453 1975 1509 Leutnant, welchen Kastengeist, falsche Ehrbegriffe, lächer¬
848 1494 1980 1555 liche Angst vor „Deklassierung“ zum Selbstmord treiben,
859 1542 1983 1608 haben toir gar kein Verhältnis. Man erinnere nicht an
856 1595 1977 1651 diese Dummheiten, wir haben andere Sorgen. Dieser
1508 1627 1978 1700 Als wenn bei einem
861 1636 1474 1705 Schnitzler hat sich überlebt.“
849 1687 1978 1752 Kunstwerk das gewählte Milieu, die gewählte Zeit die
849 1734 1431 1799 entscheidende Qualität wäre!
927 1767 1978 1841 Nein. Just dieser Bericht von dem Leutnant Kasda,
848 1828 1970 1887 der sich an den Spieltisch setzte, um einen Freund mit
859 1873 1974 1932 raschem Spielgewinn zu retten, der aber nach anfänglichem
855 1931 1986 1982 Glück selbst ins Garu gerät, eine Sxselschuld kontra¬
848 1979 1983 2027 hiert, die er binnen 24 Stunden zahlen muß, sonst
859 2017 1987 2091 heißt's Schluß machen mit dem jungen Leben; diese mit
851 2064 1983 2133 unvergleichlicher Kunst der Charakteristik einer ganzen
856 2114 1981 2178 Zahl von Menschen, der Hauptakteure, der Nebenfiguren,
853 2155 1983 2229 ja der winzigsten Episodisten; diese herbsüße Geschichte
852 2207 1986 2267 eines Menschen, der, von hundert Teufeln gehetzt, um
846 2251 1987 2320 sein Leben kämpft und Haltung wahren muß bis zum
845 2315 1986 2364 letzten Augenblick; diese herrlich gesteigerte Erzählng vom
852 2346 1969 2403 Leben und Sterben einer Jugend, welcher „Contenance“
847 2398 1988 2452 gleichbedeutend war mit Heroismus, ist eine der bedeu¬
850 2440 1984 2507 tendsten Novellen, die in den letzten Jahrzehnten geschaffen
841 2509 1983 2572 wurden. Sie ist Schnitzler, dem Sechzigjährigen gelungen,
848 2550 1983 2600 sie ist knapper, lebensvoller noch als manches seiner er¬
844 2586 1983 2645 zählenden Werke, deren Entstehungszeit weit zurückliegt,
845 2635 1991 2714 wertvoller als die Schwester=Novelle vom Leutnant Gustl,
843 2687 1985 2750 und Arthur Schnitzler so frisch und elastisch schaffen zu
861 2738 1422 2810 sehen, ist eine große Freude.
939 2767 1986 2830 Höhepunkte: Der Leutnant Kasda hat an den Konsul
1773 2824 1996 2892 elftausend
1568 2828 1773 2888 Baden
859 2829 1571 2898 Schnabel am Spieltisch zu
851 2877 1999 2935 Gulden verloren. Er weiß, was bevorsteht, wenn das
850 2933 2003 2982 Geld zu bestimmter Stunde dem Konsul nicht eingehändigt
844 2977 2001 3039 und die Anzeige an den Offiziersehrenrat erstattet ist. Mit
852 3029 1990 3081 verbindlicher Höflichkeit hat ihn der Konsul eingeladen,
852 3065 1996 3138 in seinem Fiaker, an seiner Seite nach Wien zurückzufahren.
851 3100 2008 3176 Da sitzen die beiden im eleganten Fahrzeug und der dritte
848 3168 2003 3222 Fahrgast ist das Gespenst des Todes. Der Konsul ist dreister
849 3212 2009 3271 geworden in seinen Aeußerungen, rächt sich, daß er, der
867 3257 2004 3318 Schwerreiche, unter diesen mit dem goldenen Portepec
861 3307 1999 3370 doch nur geduldet ist. Der junge Offizier hat Aeußerun¬
857 3344 2008 3431 gen angehört, die er hätte parieren müssen und nicht
864 3398 1999 3463 pariert, weil er an das Ende benkt und auf den Augen¬
856 3449 2005 3527 blick paßt, den furchtbaren Gläubiger zu einem Aufschub
862 3494 2002 3560 zu bewegen. Und beide sind sehr höflich, sehr verländ¬
863 3550 2011 3607 lich im Gespräch, die Bäume rauschen, der Flieder duftet
863 3607 2006 3652 durch die Nacht, wie schön ist das Leben! — Dann der letzte
865 3641 2007 3703 Liebesrausch, die rasenden Stunden erotischen Genusses
856 3702 1996 3747 mit jener Frau, die der Leutnant Kasda einmal wie eine
867 3728 2001 3805 Dirne entlohnte und die jetzt mit gleichem vergilt, indem
860 3788 1998 3840 sie auf seine Bude kommt und ihn für eine Liebesnacht
855 3828 2002 3895 bezahlt. Zwei Stellen dieser Novelle, wie sie in ihrer
859 3872 2008 3939 gesammelten Kraft der Darstellung, in der Plastik der
874 3937 2005 3991 Schilderung den erfolgreichsten „Ballern“ und Kraft¬
859 3970 2004 4038 meiern modischer umstürzlerischer Revolutionsschriftstellerei
1810 4020 1961 4074 O. A.
860 4022 1278 4106 nicht gelungen sind.
