3296 4320
387 42 1344 130 piel im Morgencrauen
132 47 325 144 34
1486 46 1869 151 box 6/1
313 96 1351 172 S 1. — — I 5 a a g ulign Ka .
734 996 879 1090 4
766 1402 1931 1491 dieser Novelle aufsteigt, in das „weite Land“ der Seele
31 1404 526 1509 raturblatt.
773 1446 954 1524 hinüber
852 1471 1934 1570 Eine Offiziers= und Spielergeschichte mit tragischem
758 1547 1922 1609 Ausklang — man ist eigentlich erstgunt, daß Schnitzler die
20 1528 633 1636 hnitziers neue Rovelle.
763 1591 1923 1672 Geschichte des zum Selbstmord durch eine Spielschuld ge¬
32 1621 755 1703 rauen.“ (S. Fischer=Verlag, Berlin, 1927.)
760 1637 1929 1697 nötigten Offiziers bisher noch nicht geschrieben hat. Aber
30 1670 420 1749 yl Wertheimer.
765 1683 1927 1760 dann erinnert man sich: der Oberleutnant Karinski im
754 1741 1932 1795 „Freiwild“ ... hier ist dieses Schicksal schon angedeutet —
31 1715 743 1803 ich mit seiner Buntheit der Stände,
764 1782 1924 1862 und hat nicht auch der Leutnant Gustl vergnüglichen An¬
30 1788 748 1849 len, diese Erde, klirrend von histo¬
760 1822 1215 1898 gedenkens Schulden?
29 1838 754 1890 eise überall umweht von Musik, um¬
43 1882 759 1932 r Lebensfreudigkeit, umhangen von
849 1880 1929 1954 Er ist ihm auch sonst ähnlich, der Leutnant Willi dieser
32 1929 755 1997 sind noch immer die festen Wurzeln
760 1911 1925 2003 neuen Novelle, artverwandt, nur alltäglicher. Ein Leutnant,
19 1976 747 2056 ers großer, reicher und ehrlicher,
757 1975 1925 2049 wie man sie kannte, „die Leutnants rosenrot und braun“ wie
760 2021 1917 2089 Detlev v. Liliencron sang, nur österreichischer schattiert.
25 2041 742 2140 fbar nah es unserem Empfinden noch
759 2073 1921 2148 Chevaleresk, liebenswürdig, wie es ja auch der Leutnant
33 2117 742 2182 alte, in uns noch unverblaßte Wie,
760 2123 1929 2193 Gustl gewesen, und auch er hat den point dhonneur. Er
28 2156 744 2228 ht. mit der es uns hier, noch gesteigert
759 2169 1921 2237 kennt nur die Sorge, wie man mit der Gage auskommt, keine
24 2213 749 2264 Gewesenen, in dieser neuen Novelle
758 2225 1926 2291 andere. Und die Karriere. Und das Spiel. „Und dann die
756 2255 1108 2329 kleinen Mädchen“
16 2262 749 2339 eift, wiedergespiegelt von einem Geist
30 2311 373 2367 rischem Tiessinn.
835 2319 1927 2390 Aber eines, das ernstere, hat er vor seinem windigen
29 2343 754 2419 Hintergrund: Das frühere Wien und
758 2326 1923 2438 Vetter, dem Gustl, voraus. Er hat das selbstverständlich
27 2400 748 2460 den Waldhängen, den gelben Land¬
755 2414 1915 2479 Kameradschaftliche des Offiziers, die Hilfsbereitschaft, selbst
20 2447 746 2517 nz=Zeit, dem Kurpark, der Ruine im
757 2461 1921 2522 dem gewesenen, dem abgeirrten Kameraden gegenüher und
751 2506 1913 2580 so repräsentiekt er, nicht wie jener Gustl, in fatirischer,
22 2534 748 2610 schichte aus dem früheren Oesterreich
756 2555 1924 2617 sondern in rein menschlicher Weise den Geist der alten öster¬
14 2590 706 2642 g=österreichischesten gewesen — ist e
751 2602 1922 2667 reichischen Artnee. Diese Hilfsbereitschaft in ihm lockt erst
17 2638 740 2703 geworden, wie der „Leutnant Gustl“
747 2635 1921 2738 den Spielteuftl herbei, sie wird Veranlassung seines frühen
17 2667 745 2747 sche Färbung, gütiger, wärmer. Und
747 2684 1036 2762 Unterganges.
8 2718 745 2792 von Arthur Schnitzler ist, spielen auch
843 2719 1914 2818 Ein ehemaliger Kamerad, v. Bogner, ein Ober¬
18 2782 753 2847 geheimnisvoll mneinander, glüht auch
749 2778 1911 2861 leutnant a. D., der wegen Schulden den Dienst quittieren
21 2821 744 2883 Lebens“, der altösterreichischen Offi¬
749 2833 1918 2890 mußte, komrit zu ihm. Er ist irgendwo Beamter geworden —
19 2860 700 2935 Sterben noch eine Liebesnacht auf —
748 2866 1909 2953 da ist es ihm wie dem Vater des „Fräulein Else“ ergangen,
18 2924 1916 2987 emlos gespannt, durch die Geschehnisse, dem berühnten Advokaten — Werke eines dichterischen
24 2962 1921 3068 lischen — und wenn man zögernd das Organismus sind wie Zellen eines Gewebes geheimmisvoll
11 3011 1229 3101 int man dem Falken nach, der aus miteinander verbunden.
2013 1394 3116 1484 Nur hat Herr v. Bogner nicht Mündelgelder, sondern
1944 1438 3115 1520 Einlagen sich angeeignet, defraudiert, man kann es nicht
1932 1504 3115 1574 milder sagen. Es handelt sich um eine große Summe für
1937 1552 3122 1610 damalige Zeiten, — für junge Offiziere zumal — um
1936 1595 3115 1681 tausend Gulden; in solchen erschreckend runden Ziffern:
1944 1642 2935 1711 „tausend Gulden“ ist bereits etwas Schicksalhaftes.
2026 1687 3108 1759 Bogner wendet sich nun, an wen sonst, als an seinen
1933 1731 3101 1819 alten Kameraden, den Leutnant Willi Kasda. Bogner muß
1940 1798 3111 1875 geholfen werden, das ist klar, wie es klar ist, daß er seinen
1941 1840 3103 1917 Säbel ziehen müßte, wenn ihn jemand entehrend beschiupft.
1943 1893 3105 1960 Aber wie kommt ein junger, mit Schulden ewig im Zwei¬
1936 1930 3097 2008 kampf stehender Leutnant zu einer solchen Summe? Er
1935 1976 3111 2046 hat ja niemanden. Nur ein begüterter Onkel wäre noch da,
1940 2034 3106 2099 aber der hat ihn schon einmal mit einem solchen Begehren
1922 2082 3100 2148 abgewiesen. Noch gibt es für einen jungen, abenteuerfrohen
1923 2129 3101 2190 Offizier, der hundert Gulden in der Tasche hat, andere
1936 2172 2522 2245 Möglichkeiten — das Spiel.
2012 2226 3096 2298 In einem Badner Café hat sich eine Spielpartie
1933 2275 3099 2323 etabliert. Man spielt dort mit Vorliebe verbotene, sogenannte
1937 2323 3101 2373 Glücksspiele — jene Spiele, bei denen bekanntlich immer
1929 2372 3098 2424 der andere das Glück hat. Vielleicht ist diesmal Willi der
1936 2425 3110 2495 andere; man muß es versuchen. Die tausend Gulden müssen
1929 2462 3109 2533 her. Und vielleicht fällt dabei noch ein Plus in die eigene,
1935 2510 3103 2573 immer bedürftige Tasche. Die jungen Leute nehmen Abschied,
1931 2556 3015 2629 Herr v. Bogner wird es inzwischen beim Turf versuchen.
2013 2589 3109 2671 Willi fährts nach Baden, macht Besuche und landet
1925 2642 3108 2725 schließlich in dern Café. Dort ist das Spiel bereits munter
1921 2710 3104 2771 im Gang. Ein Konsul Schnabel, Vertreter irgendeiner
1920 2750 3107 2818 exotischen Repuhlik, hält die Bank, einer dieser dämonischen
1928 2799 3108 2853 Geld= und Willensmenschen. Eine Atmosphäre des Trüge¬
1930 2850 3110 2895 rischen, Brutalen, Raubtierhaften, Tückischen, nur ge¬
1920 2890 3120 2957 schmeidigt durch gesellschaftliche Formen, ja des Verbrechens
1918 2942 3103 3003 ist um ihn. Unsichtbare Zusammenhänge — man ahnt, daß
1917 2986 3105 3038 sie tödlich sein werden — gleiten zwischen diesem dunkelsten
1911 3032 3120 3107 Ehrenmann und dem jungen, harmlosen Offizier, dem nicht
