3204 4384
24 177 186 270 34
284 191 328 244 D
495 173 819 251 im More
986 184 1214 250 rauen
1365 174 1757 256 box 6/1
193 213 1333 288 Kn .           K ee e e ese.
1068 1155 1550 1219 TELEPHONE: CENTRAL 2943
1461 1197 2013 1307 The Observer
1683 1276 1822 1343 (1791)
1811 1329 2441 1408 22. TUDOR STREET, E.C.4
1535 1710 2036 1806 K100 9a).
1337 1854 1617 1923 From Berlin.
1372 1854 2180 1956 Arthur Schnitzler’s new long“ short-story,
1346 1890 2190 2004 Spiel im Morgengrauen ¼ (S. Fischer,
1335 1939 2191 2042 Berlin), is more dramatie tHan many of bis
1351 1968 2188 2069 stage plays. Twenty-four,Hours in the life of
1351 2020 2193 2116 a young officer show Mim almost the most
1352 2051 2200 2158 mtendy zouth of His regfment, gambling #o win
1363 2096 2199 2194 a sum sufficient to Hay back the sum an ex¬
1362 2135 2196 2246 officer friend has, borrpwed from his present
1363 2195 2193 2273 employers, unknown to them, wirming the
1362 2222 2207 2311 double of it, lost#g it, winning and losing it
1365 2263 2199 2343 again and all he possessed besides. The
1367 2295 2200 2384 woman in the cnse is an old light of love 5f
1370 2336 2220 2432 his, whom his uncle has married. She has
1385 2380 2221 2474 grown a terribly hard business woman, and
1379 2407 2224 2496 sends him the money he has asked her for in
1385 2454 2230 2530 a moment reminiscent of the past half-an¬
1385 2491 2227 2566 hour after he has taken his ovn life. This is
1404 2530 2224 2621 Schnitzler at his best, more mellow than
1392 2577 2064 2660 ironic, and tender as he is realistic.
