<?xml version="1.0" encoding="UTF-8" standalone="yes"?>
<PcGts xmlns="http://schema.primaresearch.org/PAGE/gts/pagecontent/2013-07-15" xmlns:xsi="http://www.w3.org/2001/XMLSchema-instance" xsi:schemaLocation="http://schema.primaresearch.org/PAGE/gts/pagecontent/2013-07-15 http://schema.primaresearch.org/PAGE/gts/pagecontent/2013-07-15/pagecontent.xsd">
    <Metadata>
        <Creator>prov=University of Rostock/Institute of Mathematics/CITlab/Gundram Leifert/gundram.leifert@uni-rostock.de:name=ONB_Newseye_GT_M1+(htr_id=10810)::::v=2.4.2
prov=University of Rostock/Institute of Mathematics/CITlab/Tobias Gruening/tobias.gruening@uni-rostock.de:name=de.uros.citlab.module.baseline2polygon.B2PSeamMultiOriented:v=2.4.2
prov=University of Rostock/Institute of Mathematics/CITlab/Tobias Gruening/tobias.gruening@uni-rostock.de:name=/mnt/transkribus/LA/DEA/URO/LA_news_onb_att.pb:de.uros.citlab.segmentation.CITlab_LA_ML:v=2.4.2
Transkribus</Creator>
        <Created>2019-10-07T10:23:18.908+02:00</Created>
        <LastChange>2019-10-07T16:15:38.489+02:00</LastChange>
        <TranskribusMetadata docId="223887" pageId="9491032" pageNr="16" tsid="16390083" status="IN_PROGRESS" userId="40391" imgUrl="https://files.transkribus.eu/Get?id=AERKUBMAQSSZNSEDKAUVUGRY&amp;fileType=view" xmlUrl="https://files.transkribus.eu/Get?id=EVAAYVVAMXLZIKWWRQOVUNQO" imageId="6181320"/>
    </Metadata>
    <Page imageFilename="223887_0016.jpeg" imageWidth="3204" imageHeight="4384">
        <ReadingOrder>
            <OrderedGroup id="ro_1711446250604" caption="Regions reading order">
                <RegionRefIndexed index="0" regionRef="r1"/>
                <RegionRefIndexed index="1" regionRef="r2"/>
                <RegionRefIndexed index="2" regionRef="r3"/>
                <RegionRefIndexed index="3" regionRef="r4"/>
            </OrderedGroup>
        </ReadingOrder>
        <TextRegion orientation="0.0" id="r1" custom="readingOrder {index:0;}">
            <Coords points="11,136 11,296 201,296 201,136"/>
            <TextLine id="r1l1" custom="readingOrder {index:0;}">
                <Coords points="4,249 26,246 71,267 92,260 127,274 157,254 177,261 207,250 211,177 174,175 127,196 94,187 79,197 56,182 39,185 8,171"/>
                <Baseline points="11,236 38,237 65,239 92,240 119,242 146,243 173,245 201,246"/>
                <TextEquiv>
                    <Unicode>34.</Unicode>
                </TextEquiv>
            </TextLine>
            <TextEquiv>
                <Unicode>34.</Unicode>
            </TextEquiv>
        </TextRegion>
        <TextRegion orientation="0.0" id="r2" custom="readingOrder {index:1;}">
            <Coords points="199,220 199,277 1220,277 1220,220"/>
            <TextLine id="r2l1" custom="readingOrder {index:0;}">
                <Coords points="254,242 1227,245 1163,194 993,180 900,208 431,177 254,197"/>
                <Baseline points="261,240 311,241 361,241 412,241 462,241 513,242 563,242 614,242 664,242 715,242 765,242 816,242 866,242 917,242 967,242 1018,242 1068,242 1119,242 1169,242 1220,243"/>
                <TextEquiv>
                    <Unicode>piel im Morgengrauen</Unicode>
                </TextEquiv>
            </TextLine>
            <TextLine id="r2l2" custom="readingOrder {index:1;}">
                <Coords points="193,289 1218,285 1218,247 1147,243 193,244"/>
                <Baseline points="199,258 249,260 300,261 350,262 401,263 452,263 502,263 553,264 604,264 654,264 705,264 756,263 806,263 857,263 908,263 958,263 1009,264 1060,264 1110,265 1161,266 1212,267"/>
                <TextEquiv>
                    <Unicode>RAE E RASAunFesensatArAsAReAnaRAnet ELRSurAeT PAn AAeSiee  n une erenses serit ereseanassenansenestenenereete</Unicode>
                </TextEquiv>
            </TextLine>
            <TextEquiv>
                <Unicode>piel im Morgengrauen
RAE E RASAunFesensatArAsAReAnaRAnet ELRSurAeT PAn AAeSiee  n une erenses serit ereseanassenansenestenenereete</Unicode>
            </TextEquiv>
        </TextRegion>
        <TextRegion orientation="0.0" id="r3" custom="readingOrder {index:2;}">
            <Coords points="1125,215 1125,4288 2100,4288 2100,215"/>
            <TextLine id="r3l1" custom="readingOrder {index:0;}">
                <Coords points="1355,266 1401,250 1423,260 1471,251 1489,263 1528,252 1546,265 1684,248 1727,264 1727,180 1699,165 1624,177 1555,165 1477,204 1354,193"/>
                <Baseline points="1361,242 1386,243 1412,244 1438,245 1463,245 1489,246 1515,246 1541,246 1566,246 1592,246 1618,245 1643,244 1669,242 1695,240 1721,238"/>
                <TextEquiv>
                    <Unicode>box 6/1</Unicode>
                </TextEquiv>
            </TextLine>
            <TextLine id="r3l2" custom="readingOrder {index:1;}">
                <Coords points="1888,1785 1925,1777 1946,1779 1951,1774 1970,1783 1983,1773 1986,1777 1998,1771 2011,1772 2012,1731 1997,1729 1986,1735 1977,1724 1970,1727 1965,1723 1941,1698 1916,1710 1891,1706"/>
                <Baseline points="1895,1760 1922,1757 1950,1759 1977,1761 2005,1761"/>
                <TextEquiv>
                    <Unicode></Unicode>
                </TextEquiv>
            </TextLine>
            <TextLine id="r3l3" custom="readingOrder {index:2;}">
                <Coords points="1119,1873 1195,1865 1242,1899 1290,1863 1385,1890 1422,1862 1547,1878 1684,1849 1949,1882 2011,1859 2010,1797 1726,1781 1598,1808 1571,1784 1461,1815 1381,1783 1323,1822 1264,1785 1118,1815"/>
                <Baseline points="1125,1863 1169,1863 1213,1863 1257,1862 1301,1862 1345,1861 1389,1860 1433,1859 1477,1858 1521,1858 1565,1857 1609,1856 1653,1854 1697,1854 1741,1853 1785,1852 1829,1852 1873,1852 1917,1852 1961,1852 2005,1852"/>
                <TextEquiv>
                    <Unicode>Autper Schnitziers degenstück</Unicode>
                </TextEquiv>
            </TextLine>
            <TextLine id="r3l4" custom="readingOrder {index:3;}">
                <Coords points="1132,1968 1225,1919 1301,1955 1341,1932 1830,1936 1857,1930 1856,1860 1457,1887 1424,1862 1374,1895 1293,1863 1229,1911 1187,1880 1130,1903"/>
                <Baseline points="1137,1940 1172,1938 1208,1936 1244,1933 1279,1932 1315,1931 1351,1930 1386,1929 1422,1928 1458,1928 1494,1927 1529,1927 1565,1927 1601,1926 1636,1926 1672,1925 1708,1925 1743,1924 1779,1922 1815,1922 1851,1920"/>
                <TextEquiv>
                    <Unicode> Cn „Leutnauf Gustl“</Unicode>
                </TextEquiv>
            </TextLine>
            <TextLine id="r3l5" custom="readingOrder {index:4;}">
                <Coords points="1641,2008 1686,2026 1706,2006 1745,1997 1797,2006 1840,1991 1872,2001 1959,1985 1999,2000 2016,1996 2015,1939 1976,1948 1952,1935 1921,1953 1813,1943 1782,1925 1735,1952 1721,1938 1696,1941 1641,1968"/>
                <Baseline points="1647,1986 1672,1989 1698,1990 1724,1991 1750,1991 1776,1991 1802,1990 1828,1989 1854,1988 1880,1987 1906,1985 1932,1985 1958,1984 1984,1984 2010,1984"/>
                <TextEquiv>
                    <Unicode>im Mongen¬</Unicode>
                </TextEquiv>
            </TextLine>
            <TextLine id="r3l6" custom="readingOrder {index:5;}">
                <Coords points="1144,2042 1246,2000 1323,2015 1408,1994 1437,2015 1477,2013 1475,1952 1428,1972 1350,1947 1325,1960 1276,1946 1255,1954 1221,1924 1174,1955 1142,1957"/>
                <Baseline points="1149,2007 1175,2005 1202,2002 1229,2000 1256,1998 1282,1998 1309,1997 1336,1997 1363,1997 1389,1998 1416,1998 1443,1999 1470,1999"/>
                <TextEquiv>
                    <Unicode>Novelle:</Unicode>
                </TextEquiv>
            </TextLine>
            <TextLine id="r3l7" custom="readingOrder {index:6;}">
                <Coords points="1163,2050 1283,2043 1346,2073 1645,2039 1990,2045 1989,1994 1926,1992 1505,1990 1477,2014 1407,1995 1281,2019 1245,2000 1163,2032"/>
                <Baseline points="1169,2049 1209,2047 1250,2045 1291,2043 1331,2042 1372,2041 1413,2041 1453,2041 1494,2040 1535,2040 1576,2040 1616,2040 1657,2040 1698,2040 1738,2040 1779,2039 1820,2039 1860,2038 1901,2036 1942,2035 1983,2033"/>
                <TextEquiv>
                    <Unicode>grauen“, #s Fischer=Verlag, Berlin</Unicode>
                </TextEquiv>
            </TextLine>
            <TextLine id="r3l8" custom="readingOrder {index:7;}">
                <Coords points="1200,2109 1592,2125 1640,2100 1981,2102 2019,2084 2018,2021 1870,2066 1644,2040 1343,2075 1298,2045 1199,2058"/>
                <Baseline points="1206,2100 1246,2100 1286,2099 1326,2099 1367,2099 1407,2099 1447,2099 1488,2099 1528,2099 1568,2099 1609,2098 1649,2098 1689,2098 1729,2097 1770,2097 1810,2096 1850,2094 1891,2092 1931,2091 1971,2088 2012,2086"/>
                <TextEquiv>
                    <Unicode>Und es ist auch der Ton jenes bitter¬</Unicode>
                </TextEquiv>
            </TextLine>
            <TextLine id="r3l9" custom="readingOrder {index:8;}">
                <Coords points="1125,2172 1973,2144 2015,2172 2006,2092 1617,2102 1577,2127 1521,2103 1125,2117"/>
                <Baseline points="1131,2155 1174,2155 1218,2155 1262,2155 1306,2154 1350,2154 1394,2153 1437,2152 1481,2152 1525,2151 1569,2150 1613,2149 1657,2148 1701,2147 1744,2146 1788,2146 1832,2145 1876,2145 1920,2144 1964,2144 2008,2144"/>
                <TextEquiv>
                    <Unicode>süßlichen Frühwerks. Damals ein Stich</Unicode>
                </TextEquiv>
            </TextLine>
            <TextLine id="r3l10" custom="readingOrder {index:9;}">
                <Coords points="1923,2178 1932,2179 1933,2177 1950,2186 1971,2169 1976,2172 1978,2170 1984,2175 1994,2174 1992,2144 1983,2144 1978,2147 1969,2145 1967,2148 1960,2149 1948,2149 1936,2145 1927,2150 1921,2150"/>
                <Baseline points="1929,2169 1958,2167 1987,2165"/>
                <TextEquiv>
                    <Unicode>Mn</Unicode>
                </TextEquiv>
            </TextLine>
            <TextLine id="r3l11" custom="readingOrder {index:10;}">
                <Coords points="1129,2237 1737,2223 1880,2247 1941,2222 2006,2239 2040,2200 1978,2174 1128,2189"/>
                <Baseline points="1136,2237 1180,2234 1225,2232 1270,2230 1315,2228 1360,2226 1405,2226 1450,2225 1495,2224 1540,2223 1585,2223 1629,2223 1674,2223 1719,2223 1764,2222 1809,2222 1854,2222 1899,2222 1944,2221 1989,2220 2034,2219"/>
                <TextEquiv>
                    <Unicode>genießerischer Rovolte, heute in Glanz Er¬</Unicode>
                </TextEquiv>
            </TextLine>
            <TextLine id="r3l12" custom="readingOrder {index:11;}">
                <Coords points="1140,2276 1998,2291 2038,2285 2038,2244 1941,2222 1877,2249 1739,2224 1573,2248 1139,2233"/>
                <Baseline points="1146,2283 1190,2282 1234,2280 1278,2280 1323,2279 1367,2278 1411,2278 1456,2278 1500,2278 1544,2277 1589,2277 1633,2277 1677,2277 1721,2277 1766,2276 1810,2276 1854,2275 1899,2274 1943,2273 1987,2271 2032,2269"/>
                <TextEquiv>
                    <Unicode>innerung und Blüte eines firnen Früh¬</Unicode>
                </TextEquiv>
            </TextLine>
            <TextLine id="r3l13" custom="readingOrder {index:12;}">
                <Coords points="1134,2340 2033,2319 1959,2274 1134,2277"/>
                <Baseline points="1141,2331 1185,2330 1229,2329 1273,2328 1318,2328 1362,2327 1406,2327 1450,2327 1495,2326 1539,2326 1583,2326 1627,2326 1672,2326 1716,2326 1760,2325 1804,2325 1849,2324 1893,2323 1937,2322 1981,2320 2026,2319"/>
                <TextEquiv>
                    <Unicode>lings: Vorkriegsbiedermaier. Kaum weni¬</Unicode>
                </TextEquiv>
            </TextLine>
            <TextLine id="r3l14" custom="readingOrder {index:13;}">
                <Coords points="1138,2390 1991,2383 2030,2378 2030,2345 1894,2324 1137,2342"/>
                <Baseline points="1144,2386 1188,2383 1232,2380 1276,2377 1320,2375 1364,2374 1408,2373 1452,2373 1496,2372 1540,2372 1584,2372 1628,2373 1672,2373 1716,2373 1760,2373 1804,2373 1848,2373 1892,2373 1936,2372 1980,2370 2024,2369"/>
                <TextEquiv>
                    <Unicode>ger fern, als die tragischen weißen Waffen¬</Unicode>
                </TextEquiv>
            </TextLine>
            <TextLine id="r3l15" custom="readingOrder {index:14;}">
                <Coords points="1142,2441 1964,2432 2038,2421 2038,2386 1518,2376 1430,2401 1333,2374 1279,2409 1142,2388"/>
                <Baseline points="1148,2430 1192,2429 1236,2427 1280,2426 1324,2426 1369,2425 1413,2424 1457,2424 1501,2424 1545,2424 1590,2423 1634,2423 1678,2423 1722,2423 1766,2423 1811,2422 1855,2421 1899,2421 1943,2420 1987,2418 2032,2417"/>
                <TextEquiv>
                    <Unicode>röcke, die in jenem heroisch=schwermütigen</Unicode>
                </TextEquiv>
            </TextLine>
            <TextLine id="r3l16" custom="readingOrder {index:15;}">
                <Coords points="1138,2482 1988,2481 2041,2469 2041,2419 1884,2451 1559,2423 1138,2441"/>
                <Baseline points="1145,2473 1189,2473 1233,2473 1278,2473 1322,2473 1367,2474 1411,2474 1456,2474 1500,2474 1545,2474 1589,2474 1633,2474 1678,2474 1722,2473 1767,2473 1811,2472 1856,2472 1900,2470 1945,2469 1989,2467 2034,2465"/>
                <TextEquiv>
                    <Unicode>Offiziersdrama ins Dunkel reiten. Eine</Unicode>
                </TextEquiv>
            </TextLine>
            <TextLine id="r3l17" custom="readingOrder {index:16;}">
                <Coords points="1139,2524 2034,2526 2034,2492 1911,2464 1820,2495 1771,2473 1139,2486"/>
                <Baseline points="1146,2527 1190,2526 1234,2525 1278,2524 1322,2523 1366,2523 1410,2523 1454,2522 1498,2522 1542,2522 1587,2522 1631,2522 1675,2522 1719,2521 1763,2521 1807,2520 1851,2520 1895,2519 1939,2517 1983,2516 2028,2515"/>
                <TextEquiv>
                    <Unicode>Welt, die Erschütterung zaubert aus Vor¬</Unicode>
                </TextEquiv>
            </TextLine>
            <TextLine id="r3l18" custom="readingOrder {index:17;}">
                <Coords points="1135,2574 2050,2579 2050,2528 1220,2528 1135,2553"/>
                <Baseline points="1141,2572 1186,2573 1231,2574 1276,2574 1321,2574 1366,2574 1411,2574 1457,2573 1502,2573 1547,2572 1592,2571 1637,2570 1682,2569 1727,2568 1773,2568 1818,2567 1863,2567 1908,2567 1953,2567 1998,2567 2044,2568"/>
                <TextEquiv>
                    <Unicode>urteilen. Doch bedürfte es der Vorurteile,</Unicode>
                </TextEquiv>
            </TextLine>
            <TextLine id="r3l19" custom="readingOrder {index:18;}">
                <Coords points="1134,2617 1327,2645 1564,2620 2046,2634 2046,2600 1991,2569 1134,2581"/>
                <Baseline points="1141,2621 1188,2621 1235,2621 1282,2620 1330,2620 1377,2620 1424,2619 1472,2619 1519,2619 1566,2618 1614,2618 1661,2618 1708,2618 1756,2617 1803,2617 1850,2617 1898,2616 1945,2616 1992,2616 2040,2616"/>
                <TextEquiv>
                    <Unicode>Dogmen, Kommentare nicht. Die Jugend,</Unicode>
                </TextEquiv>
            </TextLine>
            <TextLine id="r3l20" custom="readingOrder {index:19;}">
                <Coords points="1130,2677 1952,2679 2033,2668 2033,2632 1450,2621 1339,2649 1129,2618"/>
                <Baseline points="1136,2672 1180,2671 1225,2670 1269,2670 1314,2670 1358,2669 1403,2669 1447,2669 1492,2669 1536,2669 1581,2669 1626,2668 1670,2668 1715,2668 1759,2667 1804,2667 1848,2666 1893,2665 1937,2664 1982,2663 2027,2661"/>
                <TextEquiv>
                    <Unicode>die hier grausam jäh endet, zerschellt an</Unicode>
                </TextEquiv>
            </TextLine>
            <TextLine id="r3l21" custom="readingOrder {index:20;}">
                <Coords points="1138,2729 2013,2725 2040,2668 1688,2671 1623,2698 1137,2683"/>
                <Baseline points="1144,2722 1188,2721 1233,2720 1277,2719 1322,2718 1366,2718 1411,2718 1455,2718 1500,2718 1544,2718 1589,2718 1633,2718 1678,2717 1722,2717 1767,2717 1811,2716 1856,2715 1900,2714 1945,2713 1989,2712 2034,2710"/>
                <TextEquiv>
                    <Unicode>einem Gefühlsirrtum, am Leichtsinn des</Unicode>
                </TextEquiv>
            </TextLine>
            <TextLine id="r3l22" custom="readingOrder {index:21;}">
                <Coords points="1146,2769 2045,2758 2044,2721 1943,2709 1886,2733 1146,2730"/>
                <Baseline points="1152,2772 1196,2771 1240,2769 1284,2768 1329,2767 1373,2767 1417,2767 1462,2766 1506,2766 1550,2766 1595,2766 1639,2766 1683,2766 1727,2766 1772,2765 1816,2764 1860,2764 1905,2763 1949,2762 1993,2760 2038,2758"/>
                <TextEquiv>
                    <Unicode>Gefühls, nicht der Sitte. An einem fahr¬</Unicode>
                </TextEquiv>
            </TextLine>
            <TextLine id="r3l23" custom="readingOrder {index:22;}">
                <Coords points="1148,2818 2042,2814 2009,2761 1147,2775"/>
                <Baseline points="1154,2823 1198,2822 1242,2821 1286,2821 1330,2820 1374,2820 1418,2819 1462,2818 1506,2817 1550,2816 1594,2816 1638,2815 1682,2814 1726,2813 1770,2812 1814,2811 1858,2809 1902,2808 1946,2807 1990,2805 2035,2803"/>
                <TextEquiv>
                    <Unicode>lössigen Eroticon, aus dem tückische Schick¬</Unicode>
                </TextEquiv>
            </TextLine>
            <TextLine id="r3l24" custom="readingOrder {index:23;}">
                <Coords points="1145,2873 2047,2867 2046,2808 1144,2821"/>
                <Baseline points="1151,2867 1195,2867 1239,2867 1284,2867 1328,2867 1373,2866 1417,2866 1462,2865 1506,2865 1551,2864 1595,2863 1639,2863 1684,2862 1728,2861 1773,2860 1817,2860 1862,2859 1906,2859 1951,2858 1995,2858 2040,2857"/>
                <TextEquiv>
                    <Unicode>salsrache Scham und Schmach bannt. Hand</Unicode>
                </TextEquiv>
            </TextLine>
            <TextLine id="r3l25" custom="readingOrder {index:24;}">
                <Coords points="1130,2924 2038,2912 2037,2858 1130,2882"/>
                <Baseline points="1137,2915 1181,2915 1226,2915 1271,2915 1315,2916 1360,2916 1405,2915 1449,2915 1494,2915 1539,2915 1584,2914 1628,2914 1673,2913 1718,2912 1762,2911 1807,2910 1852,2908 1896,2907 1941,2905 1986,2903 2031,2901"/>
                <TextEquiv>
                    <Unicode>und Sinn des Dichters: Magie des bunten</Unicode>
                </TextEquiv>
            </TextLine>
            <TextLine id="r3l26" custom="readingOrder {index:25;}">
                <Coords points="1134,2968 1729,2981 1952,2955 2052,2980 2068,2882 1991,2917 1134,2931"/>
                <Baseline points="1141,2960 1187,2961 1233,2961 1279,2961 1325,2961 1371,2961 1417,2960 1463,2960 1509,2960 1555,2959 1601,2959 1647,2958 1693,2958 1739,2957 1785,2957 1831,2956 1877,2956 1923,2955 1969,2955 2015,2955 2062,2955"/>
                <TextEquiv>
                    <Unicode>Augenblicks, die ein verwirrtes Rokoko des</Unicode>
                </TextEquiv>
            </TextLine>
            <TextLine id="r3l27" custom="readingOrder {index:26;}">
                <Coords points="1147,3039 1627,3052 1682,3025 1720,3052 1984,3038 2065,3067 2057,2978 1934,3005 1779,2963 1668,2991 1493,2966 1195,2993 1147,2960"/>
                <Baseline points="1153,3037 1198,3036 1243,3035 1288,3034 1334,3034 1379,3034 1424,3033 1469,3033 1515,3034 1560,3034 1605,3034 1650,3035 1696,3035 1741,3035 1786,3035 1831,3035 1877,3035 1922,3035 1967,3034 2012,3033 2058,3032"/>
                <TextEquiv>
                    <Unicode>Abenteuers in die Enge eines Kommiß¬</Unicode>
                </TextEquiv>
            </TextLine>
            <TextLine id="r3l28" custom="readingOrder {index:27;}">
                <Coords points="1160,3090 1923,3099 2062,3065 1940,3036 1873,3060 1804,3038 1159,3047"/>
                <Baseline points="1166,3087 1210,3087 1255,3087 1299,3087 1344,3087 1388,3086 1433,3086 1477,3086 1522,3086 1566,3085 1611,3085 1655,3084 1700,3084 1744,3083 1789,3083 1833,3083 1878,3082 1922,3082 1967,3081 2011,3081 2056,3080"/>
                <TextEquiv>
                    <Unicode>leutnantslebens zaubert, aus der Lächer¬</Unicode>
                </TextEquiv>
            </TextLine>
            <TextLine id="r3l29" custom="readingOrder {index:28;}">
                <Coords points="1152,3134 1553,3157 1592,3131 2061,3135 2060,3096 1955,3086 1386,3105 1151,3079"/>
                <Baseline points="1158,3137 1202,3137 1247,3137 1292,3137 1337,3137 1382,3137 1426,3136 1471,3136 1516,3135 1561,3135 1606,3134 1650,3134 1695,3133 1740,3133 1785,3132 1830,3132 1874,3131 1919,3131 1964,3130 2009,3130 2054,3130"/>
                <TextEquiv>
                    <Unicode>lichkeit der Begriffe den Sturm der Tat¬</Unicode>
                </TextEquiv>
            </TextLine>
            <TextLine id="r3l30" custom="readingOrder {index:29;}">
                <Coords points="1167,3186 2064,3189 2063,3134 1166,3140"/>
                <Baseline points="1173,3187 1217,3188 1261,3188 1305,3187 1349,3187 1394,3186 1438,3185 1482,3184 1526,3183 1570,3182 1615,3181 1659,3180 1703,3179 1747,3178 1791,3177 1836,3177 1880,3176 1924,3176 1968,3177 2012,3177 2057,3178"/>
                <TextEquiv>
                    <Unicode>sachen zwingt und die seltsam halbwachen,</Unicode>
                </TextEquiv>
            </TextLine>
            <TextLine id="r3l31" custom="readingOrder {index:30;}">
                <Coords points="1167,3236 2062,3239 2062,3191 1997,3182 1167,3189"/>
                <Baseline points="1173,3233 1217,3232 1261,3232 1305,3231 1349,3231 1393,3231 1437,3231 1481,3230 1525,3230 1569,3230 1614,3230 1658,3230 1702,3230 1746,3229 1790,3228 1834,3228 1878,3227 1922,3226 1966,3225 2010,3223 2055,3221"/>
                <TextEquiv>
                    <Unicode>fast grauenhaft unbestimmt=scharfen Ge¬</Unicode>
                </TextEquiv>
            </TextLine>
            <TextLine id="r3l32" custom="readingOrder {index:31;}">
                <Coords points="1166,3285 2066,3281 2051,3237 1449,3234 1355,3264 1165,3237"/>
                <Baseline points="1172,3285 1216,3283 1260,3282 1305,3281 1349,3279 1393,3279 1438,3278 1482,3278 1526,3277 1571,3277 1615,3276 1659,3276 1704,3276 1748,3276 1792,3276 1837,3275 1881,3275 1925,3275 1970,3275 2014,3274 2059,3274"/>
                <TextEquiv>
                    <Unicode>stalten vorüberwehender Erscheinung:</Unicode>
                </TextEquiv>
            </TextLine>
            <TextLine id="r3l33" custom="readingOrder {index:32;}">
                <Coords points="1155,3348 1855,3321 2006,3343 2060,3338 2060,3280 1155,3288"/>
                <Baseline points="1161,3330 1205,3329 1250,3328 1294,3328 1339,3327 1384,3327 1428,3327 1473,3326 1518,3326 1562,3326 1607,3326 1652,3326 1696,3326 1741,3326 1786,3326 1830,3326 1875,3325 1920,3324 1964,3324 2009,3323 2054,3322"/>
                <TextEquiv>
                    <Unicode>Morgengrauen im Traum könnte die Mei¬</Unicode>
                </TextEquiv>
            </TextLine>
            <TextLine id="r3l34" custom="readingOrder {index:33;}">
                <Coords points="1157,3390 1359,3410 1543,3376 1745,3397 1885,3376 1944,3403 2057,3381 2057,3335 1157,3348"/>
                <Baseline points="1163,3380 1207,3379 1251,3379 1296,3378 1340,3378 1385,3377 1429,3377 1473,3377 1518,3377 1562,3376 1607,3376 1651,3376 1695,3376 1740,3376 1784,3376 1829,3375 1873,3375 1917,3375 1962,3374 2006,3374 2051,3373"/>
                <TextEquiv>
                    <Unicode>sterepisode lässiger Bitternis nicht minder</Unicode>
                </TextEquiv>
            </TextLine>
            <TextLine id="r3l35" custom="readingOrder {index:34;}">
                <Coords points="1160,3434 1178,3432 1188,3440 1232,3433 1240,3441 1263,3432 1283,3438 1314,3429 1344,3449 1343,3400 1333,3403 1309,3390 1264,3396 1249,3381 1227,3382 1207,3396 1194,3383 1159,3390"/>
                <Baseline points="1166,3428 1194,3426 1223,3425 1251,3424 1280,3423 1308,3424 1337,3425"/>
                <TextEquiv>
                    <Unicode>heißen.</Unicode>
                </TextEquiv>
            </TextLine>
            <TextLine id="r3l36" custom="readingOrder {index:35;}">
                <Coords points="1238,3492 1923,3512 1969,3475 2066,3497 2066,3424 1902,3457 1803,3425 1583,3458 1419,3414 1238,3448"/>
                <Baseline points="1244,3485 1284,3487 1325,3489 1366,3490 1407,3491 1448,3492 1488,3493 1529,3494 1570,3494 1611,3494 1652,3494 1692,3494 1733,3493 1774,3493 1815,3492 1856,3491 1896,3489 1937,3488 1978,3486 2019,3484 2060,3482"/>
                <TextEquiv>
                    <Unicode>Unheimlich hängt darüber, mit za# #m</Unicode>
                </TextEquiv>
            </TextLine>
            <TextLine id="r3l37" custom="readingOrder {index:36;}">
                <Coords points="1165,3543 2056,3560 2056,3491 1165,3510"/>
                <Baseline points="1171,3540 1214,3539 1258,3540 1302,3540 1346,3541 1390,3542 1434,3543 1478,3544 1522,3545 1566,3546 1610,3546 1653,3547 1697,3547 1741,3547 1785,3546 1829,3546 1873,3544 1917,3542 1961,3540 2005,3536 2049,3532"/>
                <TextEquiv>
                    <Unicode>Pastellstift geführt, Dufi und Nacht eines</Unicode>
                </TextEquiv>
            </TextLine>
            <TextLine id="r3l38" custom="readingOrder {index:37;}">
                <Coords points="1163,3595 2046,3607 2055,3559 1162,3553"/>
                <Baseline points="1169,3595 1215,3594 1261,3594 1307,3594 1354,3594 1400,3594 1446,3595 1492,3595 1539,3596 1585,3596 1631,3596 1677,3596 1724,3596 1770,3595 1816,3594 1862,3593 1909,3591 1955,3589 2001,3585 2048,3582"/>
                <TextEquiv>
                    <Unicode>sinnlos süßen Frühlings, Dichters berau¬</Unicode>
                </TextEquiv>
            </TextLine>
            <TextLine id="r3l39" custom="readingOrder {index:38;}">
                <Coords points="1164,3653 2064,3652 2064,3609 2019,3590 1164,3601"/>
                <Baseline points="1171,3643 1215,3642 1259,3640 1304,3639 1348,3639 1392,3639 1437,3639 1481,3639 1525,3639 1570,3639 1614,3640 1658,3640 1703,3641 1747,3641 1791,3640 1836,3640 1880,3639 1924,3638 1969,3637 2013,3634 2058,3632"/>
                <TextEquiv>
                    <Unicode>schende Laune. Und bleibt wie eine Wolke</Unicode>
                </TextEquiv>
            </TextLine>
            <TextLine id="r3l40" custom="readingOrder {index:39;}">
                <Coords points="1161,3703 1874,3722 1940,3686 2063,3712 2063,3652 1992,3640 1161,3650"/>
                <Baseline points="1168,3690 1212,3689 1256,3688 1301,3687 1345,3687 1390,3687 1434,3687 1478,3688 1523,3688 1567,3689 1612,3689 1656,3690 1700,3690 1745,3690 1789,3690 1834,3690 1878,3689 1922,3688 1967,3686 2011,3684 2056,3682"/>
                <TextEquiv>
                    <Unicode>verhauchender Dämmerung, schwebend über</Unicode>
                </TextEquiv>
            </TextLine>
            <TextLine id="r3l41" custom="readingOrder {index:40;}">
                <Coords points="1166,3749 1239,3759 1268,3740 1380,3742 1453,3767 1498,3740 1542,3756 1584,3752 1584,3719 1437,3707 1413,3690 1348,3710 1317,3690 1253,3710 1231,3693 1166,3699"/>
                <Baseline points="1172,3733 1197,3734 1222,3736 1247,3737 1273,3737 1298,3737 1323,3737 1349,3737 1374,3737 1399,3736 1425,3736 1450,3736 1475,3736 1501,3736 1526,3737 1551,3738 1577,3741"/>
                <TextEquiv>
                    <Unicode>den Schatten ..</Unicode>
                </TextEquiv>
            </TextLine>
            <TextLine id="r3l42" custom="readingOrder {index:41;}">
                <Coords points="1481,3795 1757,3819 1822,3798 2002,3804 2105,3833 2106,3781 2045,3754 1833,3755 1779,3734 1725,3762 1608,3741 1551,3762 1482,3740"/>
                <Baseline points="1488,3790 1518,3791 1549,3792 1579,3793 1610,3794 1641,3795 1671,3795 1702,3796 1732,3796 1763,3797 1794,3797 1824,3798 1855,3798 1885,3799 1916,3799 1947,3800 1977,3801 2008,3802 2038,3802 2069,3803 2100,3805"/>
                <TextEquiv>
                    <Unicode>Ludwig Ullmann. #</Unicode>
                </TextEquiv>
            </TextLine>
            <TextLine id="r3l43" custom="readingOrder {index:42;}">
                <Coords points="1932,4257 1939,4258 1953,4244 1961,4250 1972,4249 1981,4258 2009,4244 2019,4250 2042,4248 2045,4178 2014,4178 2011,4174 2000,4180 1983,4174 1952,4178 1936,4172"/>
                <Baseline points="1939,4242 1971,4243 2003,4242 2035,4248"/>
                <TextEquiv>
                    <Unicode>Wr</Unicode>
                </TextEquiv>
            </TextLine>
            <TextLine id="r3l44" custom="readingOrder {index:43;}">
                <Coords points="1935,4282 1944,4282 1965,4307 1970,4303 1978,4305 1981,4252 1973,4249 1966,4251 1956,4245 1947,4251 1937,4247"/>
                <Baseline points="1941,4276 1973,4278"/>
                <TextEquiv>
                    <Unicode></Unicode>
                </TextEquiv>
            </TextLine>
            <TextEquiv>
                <Unicode>box 6/1

Autper Schnitziers degenstück
 Cn „Leutnauf Gustl“
im Mongen¬
Novelle:
grauen“, #s Fischer=Verlag, Berlin
Und es ist auch der Ton jenes bitter¬
süßlichen Frühwerks. Damals ein Stich
Mn
genießerischer Rovolte, heute in Glanz Er¬
innerung und Blüte eines firnen Früh¬
lings: Vorkriegsbiedermaier. Kaum weni¬
ger fern, als die tragischen weißen Waffen¬
röcke, die in jenem heroisch=schwermütigen
Offiziersdrama ins Dunkel reiten. Eine
Welt, die Erschütterung zaubert aus Vor¬
urteilen. Doch bedürfte es der Vorurteile,
Dogmen, Kommentare nicht. Die Jugend,
die hier grausam jäh endet, zerschellt an
einem Gefühlsirrtum, am Leichtsinn des
Gefühls, nicht der Sitte. An einem fahr¬
lössigen Eroticon, aus dem tückische Schick¬
salsrache Scham und Schmach bannt. Hand
und Sinn des Dichters: Magie des bunten
Augenblicks, die ein verwirrtes Rokoko des
Abenteuers in die Enge eines Kommiß¬
leutnantslebens zaubert, aus der Lächer¬
lichkeit der Begriffe den Sturm der Tat¬
sachen zwingt und die seltsam halbwachen,
fast grauenhaft unbestimmt=scharfen Ge¬
stalten vorüberwehender Erscheinung:
Morgengrauen im Traum könnte die Mei¬
sterepisode lässiger Bitternis nicht minder
heißen.
Unheimlich hängt darüber, mit za# #m
Pastellstift geführt, Dufi und Nacht eines
sinnlos süßen Frühlings, Dichters berau¬
schende Laune. Und bleibt wie eine Wolke
verhauchender Dämmerung, schwebend über
den Schatten ..
Ludwig Ullmann. #
Wr
</Unicode>
            </TextEquiv>
        </TextRegion>
        <TextRegion orientation="0.0" id="r4" custom="readingOrder {index:3;}">
            <Coords points="2271,1206 2271,1360 2293,1360 2293,1206"/>
            <TextLine id="r4l1" custom="readingOrder {index:0;}">
                <Coords points="2264,1305 2274,1308 2281,1318 2291,1313 2298,1316 2305,1278 2299,1277 2295,1271 2277,1283 2268,1282"/>
                <Baseline points="2271,1306 2293,1310"/>
                <TextEquiv>
                    <Unicode></Unicode>
                </TextEquiv>
            </TextLine>
            <TextEquiv>
                <Unicode></Unicode>
            </TextEquiv>
        </TextRegion>
    </Page>
</PcGts>
