3296 4320
178 97 386 197 34
454 103 580 173 pie
669 103 1403 181 im Mordendrauen
1544 105 1910 194 box 6/1
385 122 1396 205 S    e een a. de uen ad geh en de 1en e
846 1610 1896 1751 „Spiel im Morgengrauen.“
1051 1706 1722 1791 Schnitzlers neue Novelle.
1008 1758 1699 1837 Arthur Schnitzler: Spiel i
1754 1793 1981 1853 Morgen¬
1037 1808 1367 1858 rauen. Novelle.
1613 1832 1983 1887 Verlag, Berlin. 159
996 1820 1640 1901 Seiten, gebestet 3.50 Mar
838 1863 1985 1965 Arthur Schnitzler hat schon einmnal, vor etwas mehr als
772 1905 1985 2008 einem Vierteljahrhundert, eine Noyelle aus dem k. u. k. Leut¬
776 1955 1975 2054 nantsmilieu geschrieben: jene aus mehreren Gründen beruhmt
769 1993 1970 2086 gewordene Geschichte vom „Leutnant Gustl“, die in einem
769 2030 1973 2122 glänzend geformten, nur an zwei Stellen von fremden
769 2069 1976 2173 Stimmen entscheidend unterbrochenen Monolog die arme, un¬
756 2117 1961 2197 ordentliche Seele eines jungen Knaben aus dem braven Durch¬
763 2142 1960 2251 schnitt enthüllt, der, von einer Narretei des Schicksals plötzlich
757 2190 1971 2289 an den Rand des Todes geführt, durch eine neue, für einen
764 2232 1968 2324 andern freilich tragische Narretei zum Leben, zu munterem
751 2267 1967 2366 Fortplätschern im gewohnten, opportunen Fahrwasser sich be¬
753 2307 1963 2392 gnadigt fühlt. Er ist ein lieber Kerl, aber im tiefsten Grunde
751 2354 1962 2432 nicht ganz sauber, der Gustl, und er besteht eigentlich die Probe
757 2392 1953 2490 nicht: es hat ihn in aller Stille einer beleidigt, und er hat sich
749 2427 1962 2530 nicht zur Wehr setzen können, hat den Bäckermeister, der ihm
746 2470 1952 2570 an den Säbel gegriffen und ihn einen dummen Bub geheißen
745 2511 1944 2604 hat, nicht zusammengehauen, — er müßte sich nach der Forderung
742 2547 1947 2647 des regierenden Codex erschießen, und wie es sich gehört, nimmt
746 2596 1956 2698 er eine Nacht lang in melancholischer Verdüsterung der Gedanken
743 2622 1952 2733 Abschied vom fragwürdigen Dasein; doch am Morgen, bei der
738 2662 1945 2768 Abschiedsschale Melange mit Haut im Kaffeehaus, erfährt er
737 2708 1943 2818 just noch rechtzeitig, daß den Bäckermeister der Schlag gerührt
727 2747 1942 2856 hat, und beschließt frohlockend, es sei nichts gewesen, er dürfe
736 2786 1944 2892 fröhlich dableiben im Leben, in der Wienerstadt im feschen
721 2817 1942 2938 Kreis der Kameraden und bei der molligen Steffi, die nichts
734 2864 1555 2948 kostet, weil ein anderer der „Offizielle“ ist.
800 2909 1936 3012 Es ist bemerkenswert, daß diese Geschichte, in der der ganze
717 2939 1928 3044 ein wenig frivole, ein wenig „schlampete“ aber immer bezau¬
720 2985 1942 3086 bernde Charme des Wiener Wesens lebendig ist, dem k. u. k.
714 3025 1926 3123 Oberarzt Schnitzler damals den Offizierskragen gekostet hat. Es
720 3066 1930 3165 ist nicht weniger bemerkenswert, daß der Dichter nach gerade
712 3105 1920 3201 fünfundzwanzig Jahren noch einmal auf den „Gustl“ und zwar
706 3154 1922 3236 zunächst auf seine besondere Form, die monologische Psycho¬
712 3188 1920 3289 graphie, zurückgriff um in dem nun tragisch gewandten weib¬
702 3229 1922 3319 lichen Gegenstück „Fräulein Else“ aus der reiferen Lebens= und
707 3265 1922 3339 Seelenperspektive des Sechzigers, eine Meisterleistung zu voll¬
706 3300 1934 3427 bringen. Und es ist endlich bemerkenswert und sicher nicht nur
711 3343 1916 3452 so von ungefähr geschehen. daß auf jenes „Fräulein Else“ jetzt
705 3388 1914 3480 nach kurzer Frist dieses „Spiel im Morgengrauen“ ge¬
703 3420 1904 3525 folgt ist. in dem der Dichter auch ins „Gustl“=Milien und zum
705 3470 1227 3540 „Gustl“=Thema zurückkehrt.
762 3510 1908 3613 Der Leutnant Willi Kasda ist vielleicht von etwas feinerem
685 3541 1908 3655 Korn als der muntere Gustl, ein guter Junge von landläufiger
694 3588 1903 3674 Bravheit, der sich herkömmlich=anstöndig durchgeschlagen hat, so
682 3633 1911 3730 lange sein Dasein von schwereren Proben unbelastet geblieben
688 3674 1912 3772 ist. Aber unversehens gerät er, zuerst nur aus gutmütiger Teil¬
2124 1596 2256 1681 M
2012 1666 2654 1726 nahme für die in Kameraden, in
2007 1701 2669 1770 ein hobe und unterliegt, weil
2005 1749 2659 1813 eigener Brang ockung den Kopf
2006 1787 2670 1851 verwirrt die guselber zu nützen,
2007 1820 2663 1891 weil er, gis dasje Sonnen ist, fort¬
2008 1866 2659 1928 spielt, in einer pi nach den vielen
2005 1915 2666 1974 guten Dingen deite vor der Nase
2002 1946 2653 2008 herumgankeln. gegen den armen
2002 1983 2656 2047 Toren: zörernda bergen, scheitern
1992 2031 2658 2089 an scheinbaren in deren Ver¬
1996 2071 2654 2126 mummung der jen die Rebellion
1986 2107 2657 2170 eines Schwächlitfort, bis alles und
1989 2150 2647 2212 er selber verloretung möglich, und
1985 2188 2647 2247 sie ist sogar schit mitten in dem
1990 2228 2658 2286 zappelnden Umhtand jäh die Er¬
1982 2266 2654 2326 ingerung an einbaetane Herzens¬
1990 2303 2647 2373 schlamperei eine tastische Weise sich
1990 2351 2644 2408 erhöbe und ihnm Grunde seiner
1981 2385 2642 2443 Seele, so sehr erer eine verborgene
1987 2420 2654 2486 und doch unentrüren, die sich über
1975 2463 2638 2529 das trübselige Pverstrickt war, an
1982 2505 2654 2569 sein tiefstes Wes bezahlt werden,
1970 2550 2652 2607 nicht nur die sofern auch verjährte¬
1969 2586 2647 2643 Menschlichkeiten, bezahlt mit einem
1973 2614 2646 2701 Revolverschuß, bezahlt hat, ahnt
1967 2669 2292 2730 keiner von dener
2032 2708 2637 2760 Arthur Sch in dieser schönen,
1968 2740 2643 2813 sicher und schlichtn Prozeß noch ein¬
1956 2789 2645 2852 mat aufgenommteu, anders, härter
1955 2816 2199 2898 entschieden.
2462 2827 2633 2900 I. F.,
