<?xml version="1.0" encoding="UTF-8" standalone="yes"?>
<PcGts xmlns="http://schema.primaresearch.org/PAGE/gts/pagecontent/2013-07-15" xmlns:xsi="http://www.w3.org/2001/XMLSchema-instance" xsi:schemaLocation="http://schema.primaresearch.org/PAGE/gts/pagecontent/2013-07-15 http://schema.primaresearch.org/PAGE/gts/pagecontent/2013-07-15/pagecontent.xsd">
    <Metadata>
        <Creator>prov=University of Rostock/Institute of Mathematics/CITlab/Gundram Leifert/gundram.leifert@uni-rostock.de:name=ONB_Newseye_GT_M1+(htr_id=10810)::::v=2.4.2
prov=University of Rostock/Institute of Mathematics/CITlab/Tobias Gruening/tobias.gruening@uni-rostock.de:name=de.uros.citlab.module.baseline2polygon.B2PSeamMultiOriented:v=2.4.2
prov=University of Rostock/Institute of Mathematics/CITlab/Tobias Gruening/tobias.gruening@uni-rostock.de:name=/mnt/transkribus/LA/DEA/URO/LA_news_onb_att.pb:de.uros.citlab.segmentation.CITlab_LA_ML:v=2.4.2
Transkribus</Creator>
        <Created>2019-10-07T10:23:32.875+02:00</Created>
        <LastChange>2019-10-07T16:52:19.927+02:00</LastChange>
        <TranskribusMetadata docId="223887" pageId="9491243" pageNr="65" tsid="16391798" status="IN_PROGRESS" userId="40391" imgUrl="https://files.transkribus.eu/Get?id=TSHESAUYGPLENWVCNZDTLPAJ&amp;fileType=view" xmlUrl="https://files.transkribus.eu/Get?id=GOYAQCVIGZIAEZYLOZUGNMAM" imageId="6181531"/>
    </Metadata>
    <Page imageFilename="223887_0065.jpeg" imageWidth="3204" imageHeight="4384">
        <ReadingOrder>
            <OrderedGroup id="ro_1711446288853" caption="Regions reading order">
                <RegionRefIndexed index="0" regionRef="r1"/>
                <RegionRefIndexed index="1" regionRef="r2"/>
                <RegionRefIndexed index="2" regionRef="r3"/>
                <RegionRefIndexed index="3" regionRef="r4"/>
            </OrderedGroup>
        </ReadingOrder>
        <TextRegion orientation="0.0" id="r1" custom="readingOrder {index:0;}">
            <Coords points="95,77 95,235 258,235 258,77"/>
            <TextLine id="r1l1" custom="readingOrder {index:0;}">
                <Coords points="88,182 107,179 158,205 180,192 213,188 233,193 265,181 266,153 256,154 237,139 221,141 185,120 165,133 157,125 152,129 135,121 118,128 90,126"/>
                <Baseline points="95,178 122,177 149,177 176,177 203,179 230,182 258,185"/>
                <TextEquiv>
                    <Unicode>34</Unicode>
                </TextEquiv>
            </TextLine>
            <TextEquiv>
                <Unicode>34</Unicode>
            </TextEquiv>
        </TextRegion>
        <TextRegion orientation="0.0" id="r2" custom="readingOrder {index:1;}">
            <Coords points="162,155 162,3604 1340,3604 1340,155"/>
            <TextLine id="r2l1" custom="readingOrder {index:0;}">
                <Coords points="384,186 1298,179 1265,136 384,128"/>
                <Baseline points="392,178 436,177 481,176 526,176 571,176 616,175 661,175 706,176 751,176 796,176 841,176 885,177 930,177 975,178 1020,178 1065,178 1110,179 1155,179 1200,179 1245,179 1290,179"/>
                <TextEquiv>
                    <Unicode>iel im Morgendrauen</Unicode>
                </TextEquiv>
            </TextLine>
            <TextLine id="r2l2" custom="readingOrder {index:1;}">
                <Coords points="261,199 550,232 610,206 1303,211 1303,178 1112,162 473,182 391,179 337,130 261,145"/>
                <Baseline points="269,193 320,195 371,198 422,199 474,200 525,201 576,202 628,202 679,202 730,202 782,202 833,202 884,202 935,202 987,202 1038,202 1089,202 1141,203 1192,203 1243,204 1295,206"/>
                <TextEquiv>
                    <Unicode>S #     e an en de. n I. 40 I. d.   </Unicode>
                </TextEquiv>
            </TextLine>
            <TextLine id="r2l3" custom="readingOrder {index:2;}">
                <Coords points="210,1045 1219,1051 1296,1043 1330,994 210,1011"/>
                <Baseline points="217,1037 272,1037 327,1037 382,1037 438,1037 493,1037 548,1036 604,1036 659,1036 714,1036 770,1036 825,1036 880,1035 935,1035 991,1035 1046,1034 1101,1033 1157,1032 1212,1032 1267,1030 1323,1029"/>
                <TextEquiv>
                    <Unicode></Unicode>
                </TextEquiv>
            </TextLine>
            <TextLine id="r2l4" custom="readingOrder {index:3;}">
                <Coords points="498,1166 558,1186 662,1157 740,1180 861,1159 911,1189 1204,1175 1205,1109 1100,1127 904,1094 849,1119 730,1091 700,1118 499,1116"/>
                <Baseline points="506,1154 540,1154 575,1154 609,1154 644,1154 678,1154 713,1154 747,1154 782,1155 816,1155 851,1155 886,1156 920,1156 955,1157 989,1157 1024,1157 1058,1158 1093,1158 1127,1159 1162,1159 1197,1160"/>
                <TextEquiv>
                    <Unicode>Stterunac.-</Unicode>
                </TextEquiv>
            </TextLine>
            <TextLine id="r2l5" custom="readingOrder {index:4;}">
                <Coords points="694,1285 735,1309 788,1314 837,1294 865,1315 968,1287 1053,1298 1079,1285 1076,1212 973,1232 843,1218 825,1235 774,1221 735,1252 692,1250"/>
                <Baseline points="701,1288 727,1289 753,1289 780,1289 806,1289 833,1288 859,1287 886,1286 912,1285 938,1283 965,1281 991,1279 1018,1278 1044,1276 1071,1275"/>
                <TextEquiv>
                    <Unicode>Aula ∆</Unicode>
                </TextEquiv>
            </TextLine>
            <TextLine id="r2l6" custom="readingOrder {index:5;}">
                <Coords points="490,1353 530,1371 556,1354 583,1369 632,1350 708,1366 861,1361 860,1301 831,1292 788,1313 720,1304 606,1332 575,1317 489,1317"/>
                <Baseline points="497,1351 522,1353 548,1354 573,1355 599,1355 624,1355 650,1355 675,1355 701,1354 726,1354 752,1353 777,1352 803,1351 828,1350 854,1348"/>
                <TextEquiv>
                    <Unicode>Arthur Schnitzler 's</Unicode>
                </TextEquiv>
            </TextLine>
            <TextLine id="r2l7" custom="readingOrder {index:6;}">
                <Coords points="486,1415 732,1404 772,1418 875,1392 875,1380 837,1362 819,1376 760,1362 745,1376 720,1374 697,1360 639,1376 486,1371"/>
                <Baseline points="494,1395 520,1396 547,1397 574,1397 600,1397 627,1398 654,1398 681,1398 707,1397 734,1397 761,1397 787,1396 814,1396 841,1395 868,1395"/>
                <TextEquiv>
                    <Unicode>neinocel, Daybreak</Unicode>
                </TextEquiv>
            </TextLine>
            <TextLine id="r2l8" custom="readingOrder {index:7;}">
                <Coords points="492,1462 667,1448 754,1467 883,1468 882,1421 835,1406 779,1423 680,1406 603,1410 587,1427 537,1409 491,1414"/>
                <Baseline points="499,1444 524,1445 549,1445 574,1445 599,1445 624,1446 649,1446 674,1446 699,1445 724,1445 749,1444 774,1443 799,1443 824,1442 849,1440 875,1439"/>
                <TextEquiv>
                    <Unicode>has just been pub¬</Unicode>
                </TextEquiv>
            </TextLine>
            <TextLine id="r2l9" custom="readingOrder {index:8;}">
                <Coords points="597,1487 607,1485 633,1499 677,1497 701,1519 716,1518 733,1500 742,1504 765,1496 764,1465 739,1467 721,1454 709,1458 691,1448 683,1453 668,1447 650,1461 634,1459 617,1467 596,1463"/>
                <Baseline points="605,1494 630,1491 655,1489 681,1488 706,1487 731,1487 757,1489"/>
                <TextEquiv>
                    <Unicode>lished.</Unicode>
                </TextEquiv>
            </TextLine>
            <TextLine id="r2l10" custom="readingOrder {index:9;}">
                <Coords points="907,1582 939,1566 950,1572 964,1560 994,1578 1039,1547 1081,1579 1100,1578 1113,1566 1126,1570 1125,1512 1109,1519 1079,1514 1057,1526 1048,1518 997,1515 971,1498 961,1504 932,1484 904,1488"/>
                <Baseline points="914,1554 939,1550 965,1547 990,1546 1016,1545 1041,1545 1067,1545 1092,1546 1118,1546"/>
                <TextEquiv>
                    <Unicode>0</Unicode>
                </TextEquiv>
            </TextLine>
            <TextLine id="r2l11" custom="readingOrder {index:10;}">
                <Coords points="1013,1627 1031,1633 1039,1629 1051,1638 1077,1623 1090,1635 1110,1616 1121,1617 1120,1589 1109,1591 1091,1578 1082,1580 1059,1559 1036,1565 1029,1571 1023,1568 1011,1571"/>
                <Baseline points="1021,1621 1051,1622 1082,1621 1113,1617"/>
                <TextEquiv>
                    <Unicode></Unicode>
                </TextEquiv>
            </TextLine>
            <TextLine id="r2l12" custom="readingOrder {index:11;}">
                <Coords points="941,1738 972,1721 1007,1733 1041,1726 1082,1686 1097,1695 1156,1691 1152,1641 1121,1637 1102,1625 1075,1654 1031,1677 984,1683 955,1665 936,1672"/>
                <Baseline points="945,1703 970,1702 996,1701 1021,1698 1047,1695 1072,1692 1098,1690 1123,1690 1149,1692"/>
                <TextEquiv>
                    <Unicode></Unicode>
                </TextEquiv>
            </TextLine>
            <TextLine id="r2l13" custom="readingOrder {index:12;}">
                <Coords points="457,1793 909,1788 908,1736 893,1729 785,1749 728,1733 631,1750 556,1738 540,1753 456,1739"/>
                <Baseline points="464,1785 489,1783 515,1782 541,1781 567,1781 592,1781 618,1781 644,1781 670,1781 695,1781 721,1781 747,1780 773,1780 798,1778 824,1777 850,1775 876,1773 902,1770"/>
                <TextEquiv>
                    <Unicode>HATlife and love are</Unicode>
                </TextEquiv>
            </TextLine>
            <TextLine id="r2l14" custom="readingOrder {index:13;}">
                <Coords points="378,1816 496,1835 761,1817 849,1829 879,1814 879,1800 824,1784 493,1796 379,1754"/>
                <Baseline points="386,1805 411,1808 437,1811 462,1813 488,1816 513,1817 539,1818 565,1819 590,1819 616,1819 641,1819 667,1819 692,1819 718,1818 744,1818 769,1818 795,1818 820,1818 846,1818 872,1818"/>
                <TextEquiv>
                    <Unicode>— G games of chance is the</Unicode>
                </TextEquiv>
            </TextLine>
            <TextLine id="r2l15" custom="readingOrder {index:14;}">
                <Coords points="417,1860 1049,1855 1126,1874 1109,1818 417,1826"/>
                <Baseline points="425,1856 459,1855 494,1855 528,1855 563,1855 598,1856 632,1857 667,1857 702,1858 736,1858 771,1859 806,1860 840,1860 875,1861 910,1861 944,1861 979,1861 1014,1861 1048,1860 1083,1859 1118,1858"/>
                <TextEquiv>
                    <Unicode>central idea of this new novel hr</Unicode>
                </TextEquiv>
            </TextLine>
            <TextLine id="r2l16" custom="readingOrder {index:15;}">
                <Coords points="415,1892 465,1910 487,1896 691,1905 728,1894 756,1907 809,1895 809,1873 769,1860 415,1864"/>
                <Baseline points="423,1895 448,1894 473,1894 498,1893 523,1893 549,1893 574,1893 599,1894 624,1894 649,1894 675,1894 700,1894 725,1893 750,1893 775,1892 801,1891"/>
                <TextEquiv>
                    <Unicode>ARTHUR ScHNITZLER.</Unicode>
                </TextEquiv>
            </TextLine>
            <TextLine id="r2l17" custom="readingOrder {index:16;}">
                <Coords points="452,1924 526,1943 1126,1942 1126,1904 913,1904 868,1884 756,1907 452,1906"/>
                <Baseline points="459,1929 493,1929 528,1930 563,1930 597,1930 632,1930 667,1930 701,1930 736,1930 771,1930 805,1930 840,1930 875,1930 909,1929 944,1929 979,1929 1013,1929 1048,1929 1083,1929 1118,1929"/>
                <TextEquiv>
                    <Unicode>Davbreak is the latest and perhaps</Unicode>
                </TextEquiv>
            </TextLine>
            <TextLine id="r2l18" custom="readingOrder {index:17;}">
                <Coords points="414,1959 608,1983 1119,1975 1119,1944 1068,1936 413,1942"/>
                <Baseline points="421,1966 455,1966 490,1966 524,1966 559,1967 593,1967 628,1967 662,1967 697,1967 731,1968 766,1968 801,1968 835,1968 870,1967 904,1967 939,1966 973,1966 1008,1965 1042,1964 1077,1963 1112,1962"/>
                <TextEquiv>
                    <Unicode>ihe most exeiling novel in the series</Unicode>
                </TextEquiv>
            </TextLine>
            <TextLine id="r2l19" custom="readingOrder {index:18;}">
                <Coords points="422,2002 1125,2002 1125,1978 1059,1970 422,1969"/>
                <Baseline points="429,2005 463,2004 497,2004 532,2003 566,2003 601,2003 635,2003 670,2003 704,2004 739,2004 773,2004 807,2004 842,2004 876,2005 911,2005 945,2005 980,2004 1014,2004 1049,2004 1083,2003 1118,2002"/>
                <TextEquiv>
                    <Unicode>launched several vears ago hv that</Unicode>
                </TextEquiv>
            </TextLine>
            <TextLine id="r2l20" custom="readingOrder {index:19;}">
                <Coords points="438,2047 1070,2040 1070,2018 996,2001 853,2019 774,2001 729,2019 438,2010"/>
                <Baseline points="445,2041 475,2041 506,2040 537,2040 568,2040 599,2040 630,2040 661,2040 692,2040 723,2040 754,2040 784,2040 815,2041 846,2041 877,2041 908,2041 939,2041 970,2040 1001,2040 1032,2040 1063,2039"/>
                <TextEquiv>
                    <Unicode>Popal Hawlessiv cut' Franlein Eise.</Unicode>
                </TextEquiv>
            </TextLine>
            <TextLine id="r2l21" custom="readingOrder {index:20;}">
                <Coords points="471,2086 1097,2094 1131,2081 1132,2036 893,2060 709,2039 593,2059 471,2048"/>
                <Baseline points="478,2076 510,2076 542,2076 574,2077 607,2077 639,2077 671,2077 704,2078 736,2078 768,2078 801,2079 833,2079 865,2079 897,2079 930,2080 962,2080 994,2080 1027,2080 1059,2080 1091,2080 1124,2080"/>
                <TextEquiv>
                    <Unicode>To save a friend from a gambling</Unicode>
                </TextEquiv>
            </TextLine>
            <TextLine id="r2l22" custom="readingOrder {index:21;}">
                <Coords points="422,2124 1126,2124 1126,2095 1054,2080 422,2093"/>
                <Baseline points="429,2114 463,2114 497,2114 532,2114 566,2115 601,2115 635,2115 670,2115 704,2115 739,2115 773,2115 807,2115 842,2115 876,2115 911,2115 945,2115 980,2115 1014,2115 1049,2115 1083,2114 1118,2114"/>
                <TextEquiv>
                    <Unicode>disgrace Lientenant Willi involves him¬</Unicode>
                </TextEquiv>
            </TextLine>
            <TextLine id="r2l23" custom="readingOrder {index:22;}">
                <Coords points="420,2160 1119,2160 1107,2112 1046,2130 420,2130"/>
                <Baseline points="427,2153 461,2153 495,2153 529,2153 563,2153 598,2152 632,2152 666,2151 700,2151 734,2150 769,2150 803,2150 837,2149 871,2149 905,2148 940,2148 974,2148 1008,2148 1042,2148 1076,2148 1111,2148"/>
                <TextEquiv>
                    <Unicode>seif in a debt ten times as great, and</Unicode>
                </TextEquiv>
            </TextLine>
            <TextLine id="r2l24" custom="readingOrder {index:23;}">
                <Coords points="414,2194 1066,2204 1128,2193 1128,2155 413,2167"/>
                <Baseline points="421,2192 456,2192 491,2191 526,2191 561,2190 596,2190 631,2190 666,2189 701,2189 736,2189 771,2189 806,2189 841,2189 876,2189 911,2189 946,2189 981,2190 1016,2190 1051,2191 1086,2191 1121,2192"/>
                <TextEquiv>
                    <Unicode>seeks as a saviour his uncle’s voung</Unicode>
                </TextEquiv>
            </TextLine>
            <TextLine id="r2l25" custom="readingOrder {index:24;}">
                <Coords points="427,2231 1130,2240 1117,2192 427,2196"/>
                <Baseline points="434,2229 468,2229 502,2228 537,2228 571,2227 606,2227 640,2227 674,2227 709,2227 743,2227 778,2227 812,2227 846,2228 881,2228 915,2228 950,2228 984,2228 1018,2228 1053,2228 1087,2228 1122,2228"/>
                <TextEquiv>
                    <Unicode>wife, who had plaved a part in a casnal</Unicode>
                </TextEquiv>
            </TextLine>
            <TextLine id="r2l26" custom="readingOrder {index:25;}">
                <Coords points="412,2274 453,2282 481,2267 540,2272 558,2259 623,2275 752,2270 780,2260 780,2229 756,2240 730,2229 714,2240 690,2230 668,2240 473,2232 412,2251"/>
                <Baseline points="419,2268 444,2266 469,2265 494,2264 520,2262 545,2262 570,2261 596,2261 621,2261 646,2261 671,2261 697,2261 722,2261 747,2260 773,2259"/>
                <TextEquiv>
                    <Unicode>amour ofthe past.</Unicode>
                </TextEquiv>
            </TextLine>
            <TextLine id="r2l27" custom="readingOrder {index:26;}">
                <Coords points="465,2304 1112,2301 1112,2272 1023,2277 942,2246 767,2278 465,2270"/>
                <Baseline points="473,2299 504,2299 536,2300 567,2300 599,2301 631,2301 662,2300 694,2300 725,2300 757,2299 789,2299 820,2298 852,2298 883,2297 915,2297 947,2297 978,2297 1010,2297 1041,2297 1073,2298 1105,2298"/>
                <TextEquiv>
                    <Unicode>With deftness and Schnitzlerian</Unicode>
                </TextEquiv>
            </TextLine>
            <TextLine id="r2l28" custom="readingOrder {index:27;}">
                <Coords points="416,2335 1128,2337 1128,2310 1069,2304 416,2308"/>
                <Baseline points="423,2338 457,2338 492,2338 527,2338 562,2338 597,2339 632,2339 666,2339 701,2339 736,2339 771,2339 806,2339 841,2339 876,2339 910,2339 945,2338 980,2338 1015,2337 1050,2336 1085,2335 1120,2334"/>
                <TextEquiv>
                    <Unicode>nnance the story moves 10 a poignant</Unicode>
                </TextEquiv>
            </TextLine>
            <TextLine id="r2l29" custom="readingOrder {index:28;}">
                <Coords points="424,2386 1012,2380 1012,2352 944,2338 424,2349"/>
                <Baseline points="431,2375 459,2375 488,2374 517,2374 545,2374 574,2374 603,2373 631,2373 660,2373 689,2373 718,2373 746,2373 775,2373 804,2373 832,2373 861,2373 890,2373 918,2373 947,2373 976,2373 1005,2373"/>
                <TextEquiv>
                    <Unicode>elimnax at thie second daybreak.</Unicode>
                </TextEquiv>
            </TextLine>
            <TextLine id="r2l30" custom="readingOrder {index:29;}">
                <Coords points="458,2414 1060,2429 1133,2413 1133,2382 458,2385"/>
                <Baseline points="465,2410 498,2410 531,2410 564,2410 597,2409 630,2409 663,2409 696,2409 729,2409 762,2409 795,2410 828,2410 861,2410 894,2410 927,2411 960,2411 993,2411 1026,2411 1059,2412 1092,2412 1126,2412"/>
                <TextEquiv>
                    <Unicode>Here is a story of Vienna and</Unicode>
                </TextEquiv>
            </TextLine>
            <TextLine id="r2l31" custom="readingOrder {index:30;}">
                <Coords points="436,2474 488,2479 555,2454 660,2479 700,2458 718,2472 746,2462 802,2476 875,2463 875,2411 800,2428 710,2427 684,2410 587,2426 435,2410"/>
                <Baseline points="443,2452 469,2452 496,2451 522,2451 549,2450 575,2450 602,2449 628,2449 655,2449 681,2448 708,2448 734,2448 761,2447 787,2447 814,2446 840,2446 867,2445"/>
                <TextEquiv>
                    <Unicode>SCHNITZLER all compact.</Unicode>
                </TextEquiv>
            </TextLine>
            <TextLine id="r2l32" custom="readingOrder {index:31;}">
                <Coords points="543,2594 620,2605 730,2587 773,2609 923,2585 1000,2600 1000,2550 934,2533 810,2531 770,2548 745,2531 691,2550 635,2532 543,2532"/>
                <Baseline points="551,2584 577,2583 603,2582 629,2581 655,2581 681,2581 707,2581 733,2581 759,2581 785,2581 811,2582 837,2582 863,2583 889,2583 915,2583 941,2583 967,2583 993,2583"/>
                <TextEquiv>
                    <Unicode>Everrichere: 81.50</Unicode>
                </TextEquiv>
            </TextLine>
            <TextLine id="r2l33" custom="readingOrder {index:32;}">
                <Coords points="546,2645 721,2670 795,2645 864,2667 888,2651 995,2652 996,2627 909,2608 885,2617 850,2594 766,2616 660,2622 627,2600 546,2620"/>
                <Baseline points="553,2644 578,2643 604,2643 629,2643 655,2643 680,2643 706,2643 732,2644 757,2644 783,2644 808,2645 834,2645 860,2646 885,2646 911,2646 936,2646 962,2646 988,2646"/>
                <TextEquiv>
                    <Unicode>Simon und Schuster</Unicode>
                </TextEquiv>
            </TextLine>
            <TextLine id="r2l34" custom="readingOrder {index:33;}">
                <Coords points="554,2710 627,2723 744,2701 999,2721 999,2652 967,2675 887,2653 740,2677 674,2658 554,2662"/>
                <Baseline points="562,2701 587,2703 612,2705 637,2705 663,2706 688,2707 713,2707 739,2707 764,2706 789,2706 814,2705 840,2705 865,2705 890,2704 916,2704 941,2704 966,2704 992,2705"/>
                <TextEquiv>
                    <Unicode>37 West 57ih Street</Unicode>
                </TextEquiv>
            </TextLine>
            <TextLine id="r2l35" custom="readingOrder {index:34;}">
                <Coords points="554,2772 822,2780 856,2758 957,2776 1014,2743 1168,2763 1228,2747 1225,2672 1204,2667 1018,2733 860,2706 789,2726 757,2708 704,2735 552,2713"/>
                <Baseline points="561,2758 593,2758 626,2758 659,2758 692,2758 725,2758 758,2758 791,2758 824,2757 857,2757 890,2756 922,2755 955,2754 988,2752 1021,2751 1054,2748 1087,2746 1120,2742 1153,2739 1186,2734 1219,2730"/>
                <TextEquiv>
                    <Unicode>ven vork 610 —4</Unicode>
                </TextEquiv>
            </TextLine>
            <TextLine id="r2l36" custom="readingOrder {index:35;}">
                <Coords points="155,2907 1347,2904 1303,2866 918,2841 155,2879"/>
                <Baseline points="162,2900 220,2901 279,2901 338,2901 397,2901 456,2901 515,2901 574,2900 633,2900 692,2900 751,2900 809,2899 868,2899 927,2899 986,2898 1045,2898 1104,2898 1163,2897 1222,2897 1281,2897 1340,2897"/>
                <TextEquiv>
                    <Unicode>05</Unicode>
                </TextEquiv>
            </TextLine>
            <TextLine id="r2l37" custom="readingOrder {index:36;}">
                <Coords points="383,3352 1169,3372 1171,3315 384,3318"/>
                <Baseline points="390,3345 428,3345 467,3345 505,3345 544,3346 583,3347 621,3348 660,3349 699,3350 737,3351 776,3352 815,3353 853,3355 892,3356 931,3357 969,3358 1008,3359 1047,3360 1085,3361 1124,3361 1163,3362"/>
                <TextEquiv>
                    <Unicode>DAYBREAK, by Arthur Schmitzler (Sinon</Unicode>
                </TextEquiv>
            </TextLine>
            <TextLine id="r2l38" custom="readingOrder {index:37;}">
                <Coords points="426,3396 1154,3413 1166,3371 427,3354"/>
                <Baseline points="434,3379 470,3380 506,3381 542,3382 578,3383 615,3384 651,3386 687,3387 723,3389 759,3390 796,3391 832,3392 868,3393 904,3395 940,3396 977,3396 1013,3397 1049,3397 1085,3398 1121,3398 1158,3398"/>
                <TextEquiv>
                    <Unicode> Schuster). Pre-war Vienna and a</Unicode>
                </TextEquiv>
            </TextLine>
            <TextLine id="r2l39" custom="readingOrder {index:38;}">
                <Coords points="431,3432 567,3418 756,3443 963,3422 996,3446 1129,3446 1156,3442 1157,3409 432,3388"/>
                <Baseline points="438,3417 473,3418 509,3419 544,3421 580,3422 615,3423 651,3424 686,3425 722,3426 757,3427 793,3428 828,3429 864,3429 899,3430 935,3431 970,3432 1006,3432 1041,3433 1077,3433 1112,3434 1148,3434"/>
                <TextEquiv>
                    <Unicode>dung oflicer’s gamble with lise, love.</Unicode>
                </TextEquiv>
            </TextLine>
            <TextLine id="r2l40" custom="readingOrder {index:39;}">
                <Coords points="414,3461 755,3459 826,3499 1029,3475 1162,3490 1163,3440 1116,3436 415,3427"/>
                <Baseline points="422,3453 458,3456 495,3458 532,3460 568,3461 605,3462 642,3464 678,3464 715,3465 752,3466 789,3467 825,3467 862,3468 899,3468 935,3468 972,3469 1009,3469 1045,3470 1082,3470 1119,3471 1156,3472"/>
                <TextEquiv>
                    <Unicode>andthe rest, done with Schnitzler': usual</Unicode>
                </TextEquiv>
            </TextLine>
            <TextLine id="r2l41" custom="readingOrder {index:40;}">
                <Coords points="422,3493 430,3493 458,3517 472,3515 485,3503 497,3508 513,3500 542,3515 569,3509 584,3514 585,3471 560,3470 551,3476 522,3468 510,3455 472,3468 450,3461 441,3470 423,3469"/>
                <Baseline points="430,3491 459,3492 488,3493 518,3493 547,3494 577,3496"/>
                <TextEquiv>
                    <Unicode>finesse.</Unicode>
                </TextEquiv>
            </TextLine>
            <TextLine id="r2l42" custom="readingOrder {index:41;}">
                <Coords points="467,3616 584,3580 663,3594 765,3556 944,3604 1106,3563 1105,3523 1085,3516 907,3547 846,3520 789,3535 706,3513 621,3533 550,3512 466,3539"/>
                <Baseline points="474,3593 505,3587 536,3583 567,3580 598,3578 630,3577 661,3576 692,3576 723,3577 754,3578 786,3579 817,3580 848,3581 879,3581 910,3581 942,3581 973,3581 1004,3579 1035,3576 1066,3572 1098,3567"/>
                <TextEquiv>
                    <Unicode>/7• N Auuhahr</Unicode>
                </TextEquiv>
            </TextLine>
            <TextEquiv>
                <Unicode>iel im Morgendrauen
S #     e an en de. n I. 40 I. d.   

Stterunac.-
Aula ∆
Arthur Schnitzler 's
neinocel, Daybreak
has just been pub¬
lished.
0


HATlife and love are
— G games of chance is the
central idea of this new novel hr
ARTHUR ScHNITZLER.
Davbreak is the latest and perhaps
ihe most exeiling novel in the series
launched several vears ago hv that
Popal Hawlessiv cut' Franlein Eise.
To save a friend from a gambling
disgrace Lientenant Willi involves him¬
seif in a debt ten times as great, and
seeks as a saviour his uncle’s voung
wife, who had plaved a part in a casnal
amour ofthe past.
With deftness and Schnitzlerian
nnance the story moves 10 a poignant
elimnax at thie second daybreak.
Here is a story of Vienna and
SCHNITZLER all compact.
Everrichere: 81.50
Simon und Schuster
37 West 57ih Street
ven vork 610 —4
05
DAYBREAK, by Arthur Schmitzler (Sinon
 Schuster). Pre-war Vienna and a
dung oflicer’s gamble with lise, love.
andthe rest, done with Schnitzler': usual
finesse.
/7• N Auuhahr</Unicode>
            </TextEquiv>
        </TextRegion>
        <TextRegion orientation="0.0" id="r3" custom="readingOrder {index:2;}">
            <Coords points="1439,81 1439,235 1781,235 1781,81"/>
            <TextLine id="r3l1" custom="readingOrder {index:0;}">
                <Coords points="1431,199 1476,203 1517,179 1571,202 1594,190 1660,204 1676,193 1717,201 1735,188 1788,197 1788,123 1697,117 1628,152 1592,132 1507,148 1467,121 1432,120"/>
                <Baseline points="1439,185 1465,183 1491,182 1517,181 1544,181 1570,182 1596,182 1623,183 1649,184 1675,184 1702,184 1728,184 1754,184 1781,182"/>
                <TextEquiv>
                    <Unicode>box 6/1</Unicode>
                </TextEquiv>
            </TextLine>
            <TextEquiv>
                <Unicode>box 6/1</Unicode>
            </TextEquiv>
        </TextRegion>
        <TextRegion orientation="0.0" id="r4" custom="readingOrder {index:3;}">
            <Coords points="2001,135 2001,4084 2749,4084 2749,135"/>
            <TextLine id="r4l1" custom="readingOrder {index:0;}">
                <Coords points="2216,180 2236,185 2263,181 2278,192 2300,192 2324,166 2366,182 2363,118 2306,103 2278,121 2258,111 2235,133 2213,127"/>
                <Baseline points="2222,164 2249,166 2276,166 2303,165 2330,162 2358,158"/>
                <TextEquiv>
                    <Unicode></Unicode>
                </TextEquiv>
            </TextLine>
            <TextLine id="r4l2" custom="readingOrder {index:1;}">
                <Coords points="2191,305 2199,304 2213,310 2239,298 2259,310 2271,310 2267,250 2259,250 2255,254 2250,250 2242,252 2237,249 2220,252 2213,249 2209,252 2199,248 2187,249"/>
                <Baseline points="2198,306 2230,302 2262,302"/>
                <TextEquiv>
                    <Unicode></Unicode>
                </TextEquiv>
            </TextLine>
            <TextLine id="r4l3" custom="readingOrder {index:2;}">
                <Coords points="2353,336 2370,329 2397,336 2417,326 2458,328 2472,340 2492,324 2509,331 2541,323 2535,220 2520,225 2436,180 2404,207 2393,203 2368,226 2346,231"/>
                <Baseline points="2360,331 2389,324 2418,321 2447,320 2476,319 2505,319 2534,317"/>
                <TextEquiv>
                    <Unicode>4</Unicode>
                </TextEquiv>
            </TextLine>
            <TextLine id="r4l4" custom="readingOrder {index:3;}">
                <Coords points="2040,368 2063,367 2070,371 2085,353 2115,374 2133,366 2123,305 2097,309 2089,318 2076,311 2051,338 2035,344"/>
                <Baseline points="2044,354 2070,349 2096,346 2122,340"/>
                <TextEquiv>
                    <Unicode>7</Unicode>
                </TextEquiv>
            </TextLine>
            <TextLine id="r4l5" custom="readingOrder {index:4;}">
                <Coords points="2015,572 2088,548 2327,563 2366,532 2428,571 2508,551 2713,571 2756,548 2757,492 2646,437 2545,485 2463,436 2018,441"/>
                <Baseline points="2023,549 2059,546 2095,545 2131,544 2168,544 2204,544 2240,545 2277,548 2313,549 2349,551 2386,552 2422,554 2458,556 2494,557 2531,558 2567,559 2603,559 2640,557 2676,555 2712,552 2749,548"/>
                <TextEquiv>
                    <Unicode>NEWS O.</Unicode>
                </TextEquiv>
            </TextLine>
            <TextLine id="r4l6" custom="readingOrder {index:5;}">
                <Coords points="2417,675 2429,673 2454,687 2477,686 2486,691 2498,680 2512,690 2520,682 2535,683 2536,634 2508,635 2492,627 2480,633 2474,630 2462,640 2450,635 2446,640 2418,639"/>
                <Baseline points="2425,668 2450,670 2476,669 2501,669 2527,672"/>
                <TextEquiv>
                    <Unicode>Sereeen Aeenten</Unicode>
                </TextEquiv>
            </TextLine>
            <TextLine id="r4l7" custom="readingOrder {index:6;}">
                <Coords points="2300,791 2371,777 2456,798 2530,771 2574,795 2682,778 2745,787 2745,720 2684,725 2597,672 2529,703 2429,673 2301,679"/>
                <Baseline points="2308,774 2333,775 2358,775 2383,775 2409,776 2434,776 2459,776 2485,776 2510,776 2535,775 2560,775 2586,776 2611,776 2636,776 2662,777 2687,777 2712,778 2738,779"/>
                <TextEquiv>
                    <Unicode>The Firs</Unicode>
                </TextEquiv>
            </TextLine>
            <TextLine id="r4l8" custom="readingOrder {index:7;}">
                <Coords points="2506,883 2558,862 2579,871 2590,864 2621,867 2639,881 2667,864 2688,863 2707,875 2743,852 2743,823 2727,826 2702,810 2659,811 2649,800 2636,806 2629,800 2590,814 2559,809 2546,797 2527,808 2508,802"/>
                <Baseline points="2514,857 2541,857 2569,856 2596,856 2624,856 2652,857 2679,858 2707,860 2735,863"/>
                <TextEquiv>
                    <Unicode>2 By Harr,</Unicode>
                </TextEquiv>
            </TextLine>
            <TextLine id="r4l9" custom="readingOrder {index:8;}">
                <Coords points="2057,905 2268,932 2357,912 2502,928 2728,912 2728,889 2588,866 2502,888 2475,863 2292,886 2057,865"/>
                <Baseline points="2064,912 2096,913 2129,914 2162,915 2195,915 2228,915 2260,916 2293,916 2326,916 2359,916 2392,915 2424,915 2457,915 2490,915 2523,915 2555,915 2588,915 2621,915 2654,915 2687,915 2720,916"/>
                <TextEquiv>
                    <Unicode>The question of when to stop at the</Unicode>
                </TextEquiv>
            </TextLine>
            <TextLine id="r4l10" custom="readingOrder {index:9;}">
                <Coords points="2020,953 2155,977 2182,959 2698,969 2735,961 2735,905 2692,926 2020,933"/>
                <Baseline points="2027,959 2062,958 2097,958 2132,957 2167,957 2202,956 2237,956 2272,956 2307,956 2342,955 2377,955 2412,955 2447,955 2482,955 2517,956 2552,956 2587,957 2622,957 2657,958 2692,959 2728,961"/>
                <TextEquiv>
                    <Unicode>gaming tables is best answered by the</Unicode>
                </TextEquiv>
            </TextLine>
            <TextLine id="r4l11" custom="readingOrder {index:10;}">
                <Coords points="2021,1017 2718,1006 2718,974 2648,955 2160,974 2021,956"/>
                <Baseline points="2029,998 2063,998 2097,998 2131,998 2165,999 2199,999 2233,999 2267,999 2301,998 2335,998 2370,998 2404,998 2438,998 2472,998 2506,998 2540,998 2574,997 2608,997 2642,997 2676,997 2711,997"/>
                <TextEquiv>
                    <Unicode>simple advice: Don't start!“ If man¬</Unicode>
                </TextEquiv>
            </TextLine>
            <TextLine id="r4l12" custom="readingOrder {index:11;}">
                <Coords points="2023,1040 2729,1053 2717,1004 2023,1016"/>
                <Baseline points="2030,1037 2064,1039 2099,1040 2133,1041 2168,1042 2203,1042 2237,1042 2272,1042 2306,1042 2341,1042 2376,1042 2410,1041 2445,1041 2479,1041 2514,1041 2549,1041 2583,1041 2618,1041 2652,1041 2687,1042 2722,1043"/>
                <TextEquiv>
                    <Unicode>kind followed that advice, there would</Unicode>
                </TextEquiv>
            </TextLine>
            <TextLine id="r4l13" custom="readingOrder {index:12;}">
                <Coords points="2027,1090 2736,1097 2726,1051 2027,1043"/>
                <Baseline points="2034,1079 2068,1079 2103,1079 2138,1079 2173,1080 2207,1080 2242,1081 2277,1082 2312,1082 2346,1083 2381,1083 2416,1084 2451,1085 2485,1085 2520,1086 2555,1086 2590,1086 2624,1086 2659,1085 2694,1085 2729,1084"/>
                <TextEquiv>
                    <Unicode>be no psychological exhlbits for the</Unicode>
                </TextEquiv>
            </TextLine>
            <TextLine id="r4l14" custom="readingOrder {index:13;}">
                <Coords points="2019,1136 2733,1144 2733,1096 2708,1091 2020,1089"/>
                <Baseline points="2027,1124 2061,1124 2096,1124 2131,1124 2166,1125 2201,1125 2236,1125 2271,1126 2306,1126 2341,1127 2376,1127 2410,1127 2445,1127 2480,1128 2515,1128 2550,1127 2585,1127 2620,1127 2655,1126 2690,1125 2725,1123"/>
                <TextEquiv>
                    <Unicode>novelist who wants to tell you how a</Unicode>
                </TextEquiv>
            </TextLine>
            <TextLine id="r4l15" custom="readingOrder {index:14;}">
                <Coords points="2025,1191 2198,1165 2318,1185 2351,1165 2476,1190 2525,1171 2525,1134 2386,1129 2352,1146 2115,1129 2025,1144"/>
                <Baseline points="2033,1170 2058,1168 2083,1167 2109,1166 2134,1165 2160,1165 2185,1165 2211,1165 2236,1166 2262,1166 2287,1167 2313,1167 2338,1168 2364,1168 2389,1169 2415,1169 2440,1168 2466,1168 2491,1167 2517,1166"/>
                <TextEquiv>
                    <Unicode>gambler conducts himself.</Unicode>
                </TextEquiv>
            </TextLine>
            <TextLine id="r4l16" custom="readingOrder {index:15;}">
                <Coords points="2052,1227 2728,1218 2728,1184 2601,1185 2570,1162 2476,1188 2351,1165 2318,1185 2052,1179"/>
                <Baseline points="2059,1207 2092,1208 2125,1209 2158,1210 2191,1210 2224,1211 2257,1211 2290,1212 2323,1212 2356,1212 2390,1212 2423,1212 2456,1212 2489,1212 2522,1212 2555,1211 2588,1211 2621,1211 2654,1210 2687,1210 2721,1209"/>
                <TextEquiv>
                    <Unicode>Arthur Schnitzler, whose keen ob¬</Unicode>
                </TextEquiv>
            </TextLine>
            <TextLine id="r4l17" custom="readingOrder {index:16;}">
                <Coords points="2022,1249 2103,1271 2215,1253 2617,1273 2729,1248 2729,1216 2022,1218"/>
                <Baseline points="2029,1252 2063,1252 2098,1253 2132,1253 2167,1253 2202,1254 2236,1254 2271,1255 2305,1255 2340,1256 2375,1256 2409,1256 2444,1256 2478,1256 2513,1256 2548,1256 2582,1255 2617,1255 2651,1254 2686,1253 2721,1251"/>
                <TextEquiv>
                    <Unicode>servation of human alfairs is second</Unicode>
                </TextEquiv>
            </TextLine>
            <TextLine id="r4l18" custom="readingOrder {index:17;}">
                <Coords points="2018,1298 2101,1313 2169,1289 2427,1318 2513,1286 2714,1302 2714,1267 2681,1258 2018,1262"/>
                <Baseline points="2025,1296 2059,1298 2093,1298 2127,1299 2161,1299 2195,1299 2229,1299 2263,1299 2297,1298 2331,1298 2366,1297 2400,1297 2434,1296 2468,1296 2502,1295 2536,1295 2570,1294 2604,1294 2638,1294 2672,1294 2707,1294"/>
                <TextEquiv>
                    <Unicode>nature to him, tries it in Daybreak,“</Unicode>
                </TextEquiv>
            </TextLine>
            <TextLine id="r4l19" custom="readingOrder {index:18;}">
                <Coords points="2024,1340 2566,1355 2733,1342 2733,1309 2518,1291 2428,1319 2272,1299 2024,1313"/>
                <Baseline points="2032,1335 2066,1336 2101,1338 2136,1338 2170,1339 2205,1339 2240,1340 2274,1340 2309,1340 2344,1340 2379,1340 2413,1340 2448,1339 2483,1339 2517,1339 2552,1339 2587,1338 2621,1338 2656,1338 2691,1338 2726,1338"/>
                <TextEquiv>
                    <Unicode>a norel of distllusion. His character,</Unicode>
                </TextEquiv>
            </TextLine>
            <TextLine id="r4l20" custom="readingOrder {index:19;}">
                <Coords points="2012,1383 2413,1403 2558,1383 2624,1404 2655,1382 2715,1394 2735,1358 2670,1339 2625,1357 2012,1349"/>
                <Baseline points="2020,1375 2055,1377 2090,1378 2126,1380 2161,1380 2196,1381 2232,1382 2267,1382 2302,1382 2338,1382 2373,1382 2408,1382 2444,1382 2479,1382 2514,1382 2550,1382 2585,1382 2620,1382 2656,1382 2691,1382 2727,1382"/>
                <TextEquiv>
                    <Unicode>Wilhens. a Lleutenant in the Austrian</Unicode>
                </TextEquiv>
            </TextLine>
            <TextLine id="r4l21" custom="readingOrder {index:20;}">
                <Coords points="2014,1412 2247,1438 2740,1424 2728,1384 2014,1397"/>
                <Baseline points="2021,1422 2056,1422 2092,1423 2127,1423 2163,1424 2199,1424 2234,1424 2270,1424 2305,1424 2341,1424 2377,1424 2412,1424 2448,1423 2483,1423 2519,1423 2555,1423 2590,1423 2626,1423 2661,1424 2697,1424 2733,1424"/>
                <TextEquiv>
                    <Unicode>Army, passes through the struggle that</Unicode>
                </TextEquiv>
            </TextLine>
            <TextLine id="r4l22" custom="readingOrder {index:21;}">
                <Coords points="2023,1464 2082,1484 2150,1462 2238,1483 2735,1479 2735,1426 2023,1425"/>
                <Baseline points="2030,1465 2064,1466 2099,1466 2134,1467 2169,1467 2204,1467 2239,1468 2274,1468 2309,1468 2344,1469 2379,1469 2413,1469 2448,1469 2483,1469 2518,1469 2553,1469 2588,1469 2623,1469 2658,1468 2693,1467 2728,1467"/>
                <TextEquiv>
                    <Unicode>comes to most people who put their</Unicode>
                </TextEquiv>
            </TextLine>
            <TextLine id="r4l23" custom="readingOrder {index:22;}">
                <Coords points="2012,1507 2089,1512 2105,1527 2160,1505 2201,1521 2462,1524 2462,1471 2398,1484 2353,1471 2242,1484 2012,1476"/>
                <Baseline points="2019,1510 2044,1509 2070,1509 2095,1509 2121,1508 2147,1508 2172,1508 2198,1509 2224,1509 2249,1509 2275,1509 2301,1509 2326,1509 2352,1509 2378,1509 2403,1509 2429,1509 2455,1509"/>
                <TextEquiv>
                    <Unicode>money on a sure thing.</Unicode>
                </TextEquiv>
            </TextLine>
            <TextLine id="r4l24" custom="readingOrder {index:23;}">
                <Coords points="2041,1541 2098,1564 2239,1545 2347,1563 2382,1543 2538,1569 2734,1544 2734,1513 2704,1504 2647,1527 2605,1507 2041,1516"/>
                <Baseline points="2049,1552 2082,1552 2116,1552 2150,1552 2184,1552 2218,1552 2252,1552 2286,1552 2320,1552 2354,1552 2388,1551 2421,1551 2455,1550 2489,1550 2523,1549 2557,1549 2591,1548 2625,1547 2659,1546 2693,1546 2727,1544"/>
                <TextEquiv>
                    <Unicode>In order to win the slight sum of</Unicode>
                </TextEquiv>
            </TextLine>
            <TextLine id="r4l25" custom="readingOrder {index:24;}">
                <Coords points="2015,1596 2706,1600 2734,1595 2734,1564 2015,1567"/>
                <Baseline points="2022,1598 2057,1597 2092,1597 2127,1597 2163,1597 2198,1597 2233,1596 2268,1596 2304,1596 2339,1596 2374,1595 2409,1595 2445,1595 2480,1594 2515,1594 2550,1593 2586,1593 2621,1592 2656,1592 2691,1591 2727,1591"/>
                <TextEquiv>
                    <Unicode>1.000 gulden, which an intimate friend</Unicode>
                </TextEquiv>
            </TextLine>
            <TextLine id="r4l26" custom="readingOrder {index:25;}">
                <Coords points="2014,1629 2083,1654 2145,1630 2217,1654 2356,1633 2729,1642 2729,1618 2633,1593 2538,1612 2014,1607"/>
                <Baseline points="2021,1639 2056,1638 2091,1638 2126,1638 2161,1638 2196,1638 2231,1638 2266,1638 2301,1638 2336,1638 2371,1638 2406,1638 2441,1637 2476,1637 2511,1637 2546,1637 2581,1636 2616,1636 2651,1635 2686,1635 2722,1634"/>
                <TextEquiv>
                    <Unicode>needs in order to cover up a defalca¬</Unicode>
                </TextEquiv>
            </TextLine>
            <TextLine id="r4l27" custom="readingOrder {index:26;}">
                <Coords points="2017,1667 2104,1691 2729,1693 2729,1640 2017,1653"/>
                <Baseline points="2025,1677 2059,1678 2094,1679 2129,1680 2164,1680 2199,1680 2234,1681 2268,1681 2303,1681 2338,1681 2373,1681 2408,1680 2443,1680 2478,1679 2512,1679 2547,1679 2582,1678 2617,1678 2652,1677 2687,1677 2722,1676"/>
                <TextEquiv>
                    <Unicode>tion. Wilhelm finds luck with him and</Unicode>
                </TextEquiv>
            </TextLine>
            <TextLine id="r4l28" custom="readingOrder {index:27;}">
                <Coords points="2024,1719 2195,1735 2293,1715 2346,1739 2378,1715 2449,1738 2636,1717 2735,1746 2735,1691 2662,1678 2024,1691"/>
                <Baseline points="2032,1720 2066,1720 2101,1721 2136,1722 2171,1722 2205,1723 2240,1723 2275,1723 2310,1723 2344,1723 2379,1723 2414,1723 2449,1723 2483,1722 2518,1722 2553,1721 2588,1720 2622,1720 2657,1719 2692,1718 2727,1717"/>
                <TextEquiv>
                    <Unicode>wins beyond his expectations. He</Unicode>
                </TextEquiv>
            </TextLine>
            <TextLine id="r4l29" custom="readingOrder {index:28;}">
                <Coords points="2021,1759 2512,1780 2736,1753 2668,1724 2021,1722"/>
                <Baseline points="2028,1762 2063,1762 2098,1762 2133,1762 2168,1762 2203,1763 2238,1763 2273,1763 2308,1764 2343,1764 2378,1764 2413,1764 2448,1764 2483,1763 2518,1763 2553,1762 2588,1761 2623,1760 2658,1758 2693,1757 2729,1754"/>
                <TextEquiv>
                    <Unicode>leaves the tables, returns; he Is in¬</Unicode>
                </TextEquiv>
            </TextLine>
            <TextLine id="r4l30" custom="readingOrder {index:29;}">
                <Coords points="2021,1793 2132,1822 2724,1800 2724,1781 2634,1761 2515,1783 2261,1779 2226,1758 2021,1771"/>
                <Baseline points="2028,1804 2062,1803 2096,1803 2131,1803 2165,1803 2200,1803 2234,1803 2269,1804 2303,1804 2338,1804 2372,1805 2406,1805 2441,1805 2475,1804 2510,1804 2544,1803 2579,1803 2613,1801 2648,1800 2682,1798 2717,1795"/>
                <TextEquiv>
                    <Unicode>terrupted, but goes back: fate inter¬</Unicode>
                </TextEquiv>
            </TextLine>
            <TextLine id="r4l31" custom="readingOrder {index:30;}">
                <Coords points="2024,1838 2736,1861 2722,1798 2656,1819 2024,1815"/>
                <Baseline points="2031,1844 2065,1845 2100,1845 2135,1845 2170,1846 2205,1846 2240,1846 2274,1846 2309,1846 2344,1846 2379,1846 2414,1846 2449,1845 2484,1845 2518,1845 2553,1845 2588,1844 2623,1844 2658,1843 2693,1843 2728,1842"/>
                <TextEquiv>
                    <Unicode>venes in tire form of a train that he</Unicode>
                </TextEquiv>
            </TextLine>
            <TextLine id="r4l32" custom="readingOrder {index:31;}">
                <Coords points="2017,1910 2132,1887 2253,1907 2527,1888 2739,1916 2739,1855 2017,1854"/>
                <Baseline points="2024,1886 2059,1887 2094,1887 2130,1887 2165,1887 2201,1888 2236,1888 2271,1888 2307,1888 2342,1888 2378,1888 2413,1888 2448,1888 2484,1888 2519,1888 2555,1887 2590,1887 2625,1887 2661,1887 2696,1886 2732,1886"/>
                <TextEquiv>
                    <Unicode>must take; he misses it by a minute.</Unicode>
                </TextEquiv>
            </TextLine>
            <TextLine id="r4l33" custom="readingOrder {index:32;}">
                <Coords points="2045,1977 2737,1983 2736,1940 2603,1904 2565,1939 2489,1945 2368,1948 2332,1923 2265,1944 2149,1907 2045,1944"/>
                <Baseline points="2053,1971 2086,1972 2120,1973 2154,1973 2188,1974 2222,1974 2255,1974 2289,1974 2323,1973 2357,1973 2391,1972 2424,1972 2458,1971 2492,1971 2526,1970 2559,1969 2593,1969 2627,1968 2661,1968 2695,1968 2729,1967"/>
                <TextEquiv>
                    <Unicode>And then, returning to the tables</Unicode>
                </TextEquiv>
            </TextLine>
            <TextLine id="r4l34" custom="readingOrder {index:33;}">
                <Coords points="2014,2012 2133,2031 2726,2016 2726,1982 2683,1974 2581,1973 2539,1998 2502,1975 2014,1986"/>
                <Baseline points="2021,2016 2055,2016 2090,2016 2125,2016 2160,2015 2195,2015 2230,2015 2265,2015 2300,2015 2335,2015 2370,2015 2404,2015 2439,2014 2474,2014 2509,2014 2544,2014 2579,2014 2614,2013 2649,2013 2684,2013 2719,2012"/>
                <TextEquiv>
                    <Unicode>once more, he begins to lose, and loses</Unicode>
                </TextEquiv>
            </TextLine>
            <TextLine id="r4l35" custom="readingOrder {index:34;}">
                <Coords points="2015,2046 2106,2073 2537,2050 2699,2071 2725,2018 2015,2028"/>
                <Baseline points="2022,2060 2056,2060 2091,2059 2126,2059 2161,2059 2196,2059 2230,2059 2265,2059 2300,2058 2335,2058 2370,2058 2404,2058 2439,2058 2474,2058 2509,2058 2544,2058 2578,2057 2613,2057 2648,2056 2683,2055 2718,2054"/>
                <TextEquiv>
                    <Unicode>untll the 1.000-gulden note which he</Unicode>
                </TextEquiv>
            </TextLine>
            <TextLine id="r4l36" custom="readingOrder {index:35;}">
                <Coords points="2009,2107 2712,2111 2722,2060 2216,2075 2147,2055 2009,2075"/>
                <Baseline points="2017,2102 2051,2102 2086,2102 2121,2102 2156,2102 2191,2101 2226,2101 2261,2101 2296,2100 2331,2100 2366,2100 2400,2099 2435,2099 2470,2099 2505,2098 2540,2098 2575,2097 2610,2097 2645,2096 2680,2095 2715,2095"/>
                <TextEquiv>
                    <Unicode>had reserved for his friend is also gone:</Unicode>
                </TextEquiv>
            </TextLine>
            <TextLine id="r4l37" custom="readingOrder {index:36;}">
                <Coords points="2016,2140 2706,2154 2734,2113 2016,2116"/>
                <Baseline points="2023,2145 2058,2145 2093,2145 2128,2146 2163,2146 2199,2146 2234,2145 2269,2145 2304,2145 2339,2145 2375,2145 2410,2144 2445,2144 2480,2143 2515,2143 2551,2142 2586,2142 2621,2141 2656,2140 2691,2140 2727,2139"/>
                <TextEquiv>
                    <Unicode>with his last few gulden he begins to</Unicode>
                </TextEquiv>
            </TextLine>
            <TextLine id="r4l38" custom="readingOrder {index:37;}">
                <Coords points="2018,2192 2636,2204 2730,2189 2730,2159 2261,2142 2018,2161"/>
                <Baseline points="2026,2186 2060,2186 2095,2186 2130,2186 2165,2186 2200,2187 2235,2187 2269,2187 2304,2188 2339,2188 2374,2188 2409,2188 2444,2188 2479,2188 2513,2187 2548,2186 2583,2186 2618,2185 2653,2183 2688,2181 2723,2179"/>
                <TextEquiv>
                    <Unicode>win again. Finally. playing desperute¬</Unicode>
                </TextEquiv>
            </TextLine>
            <TextLine id="r4l39" custom="readingOrder {index:38;}">
                <Coords points="2009,2238 2712,2244 2726,2188 2009,2193"/>
                <Baseline points="2016,2228 2051,2227 2086,2227 2121,2227 2156,2227 2191,2228 2226,2228 2262,2228 2297,2228 2332,2228 2367,2228 2402,2228 2437,2228 2472,2228 2508,2228 2543,2228 2578,2227 2613,2227 2648,2226 2683,2225 2719,2224"/>
                <TextEquiv>
                    <Unicode>ly, be loses heavily, and at the end</Unicode>
                </TextEquiv>
            </TextLine>
            <TextLine id="r4l40" custom="readingOrder {index:39;}">
                <Coords points="2012,2267 2101,2278 2126,2258 2182,2290 2316,2292 2394,2267 2562,2288 2725,2266 2725,2241 2609,2227 2012,2239"/>
                <Baseline points="2019,2273 2055,2272 2092,2272 2129,2272 2166,2271 2202,2271 2239,2270 2276,2270 2313,2270 2350,2269 2386,2269 2423,2269 2460,2269 2497,2268 2534,2268 2570,2268 2607,2268 2644,2268 2681,2268 2718,2268"/>
                <TextEquiv>
                    <Unicode>owes 11.000 gulden, and not only his</Unicode>
                </TextEquiv>
            </TextLine>
            <TextLine id="r4l41" custom="readingOrder {index:40;}">
                <Coords points="2012,2319 2731,2313 2731,2282 2688,2269 2317,2292 2012,2277"/>
                <Baseline points="2019,2317 2054,2316 2089,2314 2124,2314 2159,2313 2195,2313 2230,2313 2265,2313 2300,2313 2335,2313 2371,2313 2406,2314 2441,2314 2476,2314 2511,2314 2547,2315 2582,2314 2617,2314 2652,2314 2687,2313 2723,2311"/>
                <TextEquiv>
                    <Unicode>friend’s disgrace but his own dishonor</Unicode>
                </TextEquiv>
            </TextLine>
            <TextLine id="r4l42" custom="readingOrder {index:41;}">
                <Coords points="2014,2363 2121,2348 2221,2368 2406,2363 2464,2347 2464,2322 2013,2319"/>
                <Baseline points="2021,2354 2046,2354 2072,2354 2097,2354 2123,2354 2149,2354 2174,2354 2200,2354 2226,2354 2251,2354 2277,2354 2303,2353 2328,2353 2354,2353 2380,2352 2405,2352 2431,2351 2457,2350"/>
                <TextEquiv>
                    <Unicode>stare him in the face.</Unicode>
                </TextEquiv>
            </TextLine>
            <TextLine id="r4l43" custom="readingOrder {index:42;}">
                <Coords points="2040,2397 2731,2414 2731,2367 2610,2345 2486,2368 2040,2359"/>
                <Baseline points="2047,2395 2080,2395 2114,2395 2148,2395 2182,2395 2216,2395 2249,2395 2283,2395 2317,2395 2351,2394 2385,2394 2418,2394 2452,2394 2486,2394 2520,2394 2553,2394 2587,2394 2621,2394 2655,2393 2689,2393 2723,2393"/>
                <TextEquiv>
                    <Unicode>Schnitzler is primarily a dramatist.</Unicode>
                </TextEquiv>
            </TextLine>
            <TextLine id="r4l44" custom="readingOrder {index:43;}">
                <Coords points="2006,2439 2728,2449 2728,2414 2690,2405 2006,2408"/>
                <Baseline points="2014,2442 2049,2441 2084,2440 2120,2440 2155,2440 2190,2440 2226,2440 2261,2440 2296,2440 2332,2440 2367,2440 2402,2440 2438,2440 2473,2440 2508,2439 2544,2439 2579,2439 2614,2439 2650,2438 2685,2438 2721,2437"/>
                <TextEquiv>
                    <Unicode>and a most accomplished one, and in</Unicode>
                </TextEquiv>
            </TextLine>
            <TextLine id="r4l45" custom="readingOrder {index:44;}">
                <Coords points="2010,2481 2722,2482 2722,2451 2638,2438 2010,2452"/>
                <Baseline points="2017,2482 2051,2482 2086,2481 2121,2481 2156,2481 2191,2481 2226,2481 2261,2481 2296,2481 2331,2481 2366,2481 2400,2481 2435,2481 2470,2481 2505,2481 2540,2481 2575,2480 2610,2479 2645,2478 2680,2477 2715,2475"/>
                <TextEquiv>
                    <Unicode>these studies of human psychology and</Unicode>
                </TextEquiv>
            </TextLine>
            <TextLine id="r4l46" custom="readingOrder {index:45;}">
                <Coords points="2004,2526 2398,2542 2639,2523 2688,2542 2723,2538 2723,2478 2627,2498 2518,2479 2004,2494"/>
                <Baseline points="2011,2527 2046,2526 2081,2526 2116,2525 2151,2525 2187,2525 2222,2525 2257,2525 2292,2525 2327,2525 2363,2525 2398,2525 2433,2525 2468,2525 2503,2524 2539,2524 2574,2523 2609,2523 2644,2521 2679,2520 2715,2518"/>
                <TextEquiv>
                    <Unicode>conduct he never forgets the dramatie</Unicode>
                </TextEquiv>
            </TextLine>
            <TextLine id="r4l47" custom="readingOrder {index:46;}">
                <Coords points="2010,2572 2060,2586 2209,2554 2266,2580 2722,2571 2721,2534 2531,2524 2010,2543"/>
                <Baseline points="2017,2571 2051,2570 2086,2570 2121,2570 2156,2569 2191,2569 2226,2569 2261,2568 2296,2568 2331,2568 2366,2568 2400,2567 2435,2567 2470,2566 2505,2566 2540,2566 2575,2565 2610,2565 2645,2564 2680,2564 2715,2563"/>
                <TextEquiv>
                    <Unicode>situation. With the next step in the</Unicode>
                </TextEquiv>
            </TextLine>
            <TextLine id="r4l48" custom="readingOrder {index:47;}">
                <Coords points="2014,2625 2723,2619 2722,2569 2014,2584"/>
                <Baseline points="2021,2611 2055,2612 2090,2612 2125,2612 2159,2612 2194,2612 2229,2612 2263,2612 2298,2612 2333,2611 2368,2611 2402,2611 2437,2610 2472,2609 2506,2609 2541,2608 2576,2608 2610,2608 2645,2607 2680,2607 2715,2607"/>
                <TextEquiv>
                    <Unicode>tale we may querrel—it seems unreal.</Unicode>
                </TextEquiv>
            </TextLine>
            <TextLine id="r4l49" custom="readingOrder {index:48;}">
                <Coords points="2008,2663 2549,2672 2660,2647 2690,2667 2724,2656 2724,2627 2581,2607 2007,2622"/>
                <Baseline points="2015,2654 2050,2655 2085,2655 2120,2656 2155,2656 2190,2656 2225,2656 2260,2656 2295,2656 2330,2655 2366,2655 2401,2654 2436,2654 2471,2654 2506,2653 2541,2653 2576,2653 2611,2652 2646,2652 2681,2651 2717,2651"/>
                <TextEquiv>
                    <Unicode>nocording to Eugene O’Neill, but it 1s</Unicode>
                </TextEquiv>
            </TextLine>
            <TextLine id="r4l50" custom="readingOrder {index:49;}">
                <Coords points="2010,2701 2721,2704 2721,2660 2010,2666"/>
                <Baseline points="2017,2700 2051,2699 2086,2699 2121,2698 2156,2698 2191,2697 2226,2697 2260,2697 2295,2697 2330,2697 2365,2697 2400,2697 2435,2697 2470,2697 2504,2697 2539,2697 2574,2697 2609,2697 2644,2696 2679,2695 2714,2694"/>
                <TextEquiv>
                    <Unicode>pat. according to the tactics of Ana¬</Unicode>
                </TextEquiv>
            </TextLine>
            <TextLine id="r4l51" custom="readingOrder {index:50;}">
                <Coords points="2011,2740 2148,2759 2405,2734 2683,2745 2726,2739 2726,2698 2011,2709"/>
                <Baseline points="2018,2740 2053,2740 2088,2740 2123,2740 2158,2740 2193,2740 2228,2740 2263,2740 2298,2740 2333,2740 2368,2740 2403,2740 2438,2739 2473,2739 2508,2739 2543,2739 2578,2739 2613,2738 2648,2738 2683,2738 2719,2737"/>
                <TextEquiv>
                    <Unicode>col“ and “Reigen,“ For when Lleut.</Unicode>
                </TextEquiv>
            </TextLine>
            <TextLine id="r4l52" custom="readingOrder {index:51;}">
                <Coords points="2006,2771 2102,2801 2647,2776 2718,2793 2718,2741 2006,2760"/>
                <Baseline points="2014,2786 2048,2785 2083,2784 2118,2784 2153,2783 2188,2782 2223,2782 2257,2782 2292,2782 2327,2782 2362,2782 2397,2782 2432,2782 2467,2782 2501,2782 2536,2782 2571,2781 2606,2781 2641,2781 2676,2780 2711,2779"/>
                <TextEquiv>
                    <Unicode>Wilhelm ppeals to his rich uncle fer</Unicode>
                </TextEquiv>
            </TextLine>
            <TextLine id="r4l53" custom="readingOrder {index:52;}">
                <Coords points="2014,2814 2067,2842 2308,2817 2356,2840 2590,2817 2726,2842 2725,2792 2539,2778 2404,2800 2013,2792"/>
                <Baseline points="2021,2826 2055,2826 2090,2826 2125,2826 2160,2825 2195,2825 2230,2825 2264,2825 2299,2825 2334,2824 2369,2824 2404,2824 2439,2823 2474,2823 2508,2822 2543,2822 2578,2821 2613,2821 2648,2820 2683,2819 2718,2818"/>
                <TextEquiv>
                    <Unicode>the mone) ne learns that his uncle</Unicode>
                </TextEquiv>
            </TextLine>
            <TextLine id="r4l54" custom="readingOrder {index:53;}">
                <Coords points="2007,2873 2403,2886 2555,2860 2646,2884 2717,2874 2717,2838 2435,2819 2363,2841 2006,2842"/>
                <Baseline points="2014,2870 2048,2869 2083,2869 2118,2868 2153,2868 2188,2867 2222,2867 2257,2866 2292,2865 2327,2865 2362,2865 2396,2864 2431,2864 2466,2864 2501,2864 2536,2864 2570,2864 2605,2864 2640,2864 2675,2864 2710,2865"/>
                <TextEquiv>
                    <Unicode>has turned his fortung over to che lady</Unicode>
                </TextEquiv>
            </TextLine>
            <TextLine id="r4l55" custom="readingOrder {index:54;}">
                <Coords points="2010,2916 2717,2928 2717,2887 2618,2869 2565,2887 2010,2871"/>
                <Baseline points="2017,2909 2051,2909 2086,2909 2120,2909 2155,2909 2190,2910 2224,2910 2259,2910 2294,2910 2328,2910 2363,2910 2398,2910 2432,2910 2467,2910 2502,2910 2536,2909 2571,2909 2606,2908 2640,2907 2675,2906 2710,2904"/>
                <TextEquiv>
                    <Unicode>he has just married, and this Indy hap¬</Unicode>
                </TextEquiv>
            </TextLine>
            <TextLine id="r4l56" custom="readingOrder {index:55;}">
                <Coords points="2009,2955 2278,2973 2717,2942 2716,2917 2622,2910 2398,2929 2009,2916"/>
                <Baseline points="2017,2953 2051,2952 2086,2952 2120,2951 2155,2951 2190,2951 2224,2951 2259,2951 2293,2950 2328,2950 2363,2950 2397,2950 2432,2950 2466,2950 2501,2950 2536,2950 2570,2950 2605,2950 2639,2949 2674,2949 2709,2949"/>
                <TextEquiv>
                    <Unicode>pens to be a light-hearted lass of in¬</Unicode>
                </TextEquiv>
            </TextLine>
            <TextLine id="r4l57" custom="readingOrder {index:56;}">
                <Coords points="2011,2997 2116,3017 2231,2996 2719,2996 2719,2974 2660,2954 2011,2959"/>
                <Baseline points="2019,2992 2053,2992 2088,2993 2122,2993 2157,2993 2192,2994 2226,2994 2261,2993 2296,2993 2330,2993 2365,2993 2400,2992 2434,2992 2469,2992 2504,2991 2538,2991 2573,2991 2608,2991 2642,2990 2677,2990 2712,2990"/>
                <TextEquiv>
                    <Unicode>different repute with whom Wilhelm</Unicode>
                </TextEquiv>
            </TextLine>
            <TextLine id="r4l58" custom="readingOrder {index:57;}">
                <Coords points="2012,3052 2699,3059 2730,3054 2730,2992 2012,2999"/>
                <Baseline points="2019,3036 2054,3036 2089,3035 2124,3034 2159,3034 2194,3033 2229,3033 2265,3033 2300,3033 2335,3033 2370,3034 2405,3034 2440,3034 2475,3034 2511,3035 2546,3035 2581,3036 2616,3036 2651,3036 2686,3036 2722,3037"/>
                <TextEquiv>
                    <Unicode>was at one time on fairly intlmate</Unicode>
                </TextEquiv>
            </TextLine>
            <TextLine id="r4l59" custom="readingOrder {index:58;}">
                <Coords points="2012,3100 2028,3095 2040,3102 2053,3096 2060,3101 2084,3091 2094,3098 2113,3094 2130,3104 2152,3103 2151,3047 2139,3052 2127,3045 2114,3052 2095,3045 2074,3052 2027,3044 2011,3047"/>
                <Baseline points="2019,3075 2044,3076 2069,3075 2094,3074 2119,3074 2144,3074"/>
                <TextEquiv>
                    <Unicode>terms.</Unicode>
                </TextEquiv>
            </TextLine>
            <TextLine id="r4l60" custom="readingOrder {index:59;}">
                <Coords points="2036,3177 2723,3151 2723,3128 2653,3109 2572,3125 2545,3104 2488,3121 2417,3102 2305,3111 2273,3138 2036,3102"/>
                <Baseline points="2044,3160 2077,3160 2111,3159 2144,3159 2178,3159 2211,3158 2245,3158 2278,3158 2312,3158 2345,3157 2379,3157 2413,3157 2446,3157 2480,3157 2513,3156 2547,3156 2580,3155 2614,3155 2647,3154 2681,3154 2715,3153"/>
                <TextEquiv>
                    <Unicode>Should one disparage a lady just be¬</Unicode>
                </TextEquiv>
            </TextLine>
            <TextLine id="r4l61" custom="readingOrder {index:60;}">
                <Coords points="2007,3226 2036,3205 2141,3197 2200,3219 2316,3194 2429,3223 2458,3202 2675,3215 2723,3163 2007,3183"/>
                <Baseline points="2015,3207 2050,3206 2085,3204 2120,3203 2155,3202 2190,3202 2225,3201 2260,3201 2295,3201 2330,3201 2365,3201 2400,3201 2435,3201 2470,3201 2505,3201 2540,3201 2575,3200 2610,3198 2645,3197 2680,3195 2715,3193"/>
                <TextEquiv>
                    <Unicode>rause she once Ilved a bit lightly?</Unicode>
                </TextEquiv>
            </TextLine>
            <TextLine id="r4l62" custom="readingOrder {index:61;}">
                <Coords points="2016,3246 2105,3265 2175,3242 2482,3260 2719,3244 2719,3218 2574,3203 2016,3217"/>
                <Baseline points="2023,3246 2057,3245 2091,3245 2126,3244 2160,3244 2195,3244 2229,3244 2263,3244 2298,3244 2332,3244 2367,3244 2401,3244 2435,3244 2470,3244 2504,3243 2539,3243 2573,3242 2607,3241 2642,3239 2676,3238 2711,3235"/>
                <TextEquiv>
                    <Unicode>Indeed no: In fact, Wilhelm takes</Unicode>
                </TextEquiv>
            </TextLine>
            <TextLine id="r4l63" custom="readingOrder {index:62;}">
                <Coords points="2009,3298 2717,3298 2716,3243 2581,3261 2227,3245 2009,3271"/>
                <Baseline points="2017,3289 2051,3288 2086,3287 2120,3286 2155,3286 2190,3286 2224,3286 2259,3286 2293,3286 2328,3286 2363,3287 2397,3287 2432,3287 2466,3287 2501,3287 2536,3286 2570,3286 2605,3285 2639,3284 2674,3283 2709,3281"/>
                <TextEquiv>
                    <Unicode>pains to tell his uncle that such girls</Unicode>
                </TextEquiv>
            </TextLine>
            <TextLine id="r4l64" custom="readingOrder {index:63;}">
                <Coords points="2011,3331 2714,3339 2714,3297 2682,3294 2011,3299"/>
                <Baseline points="2018,3330 2052,3329 2086,3329 2121,3328 2155,3328 2190,3328 2224,3328 2259,3328 2293,3328 2328,3328 2362,3329 2396,3329 2431,3329 2465,3329 2500,3329 2534,3329 2569,3329 2603,3329 2638,3329 2672,3329 2707,3329"/>
                <TextEquiv>
                    <Unicode>may#ke good wives, no doubt do,</Unicode>
                </TextEquiv>
            </TextLine>
            <TextLine id="r4l65" custom="readingOrder {index:64;}">
                <Coords points="2005,3363 2127,3387 2280,3368 2345,3392 2392,3367 2712,3385 2698,3333 2005,3328"/>
                <Baseline points="2013,3366 2047,3368 2082,3369 2116,3370 2151,3370 2186,3371 2220,3371 2255,3371 2289,3371 2324,3371 2359,3371 2393,3371 2428,3371 2462,3371 2497,3370 2532,3370 2566,3370 2601,3370 2635,3370 2670,3370 2705,3370"/>
                <TextEquiv>
                    <Unicode>Lwhercas girls with excellent reputa¬</Unicode>
                </TextEquiv>
            </TextLine>
            <TextLine id="r4l66" custom="readingOrder {index:65;}">
                <Coords points="2000,3412 2717,3428 2716,3384 2653,3371 2145,3388 2000,3364"/>
                <Baseline points="2007,3408 2042,3411 2077,3412 2112,3413 2147,3413 2182,3414 2217,3414 2252,3414 2287,3414 2322,3414 2358,3413 2393,3413 2428,3412 2463,3412 2498,3411 2533,3410 2568,3410 2603,3410 2638,3409 2673,3409 2709,3410"/>
                <TextEquiv>
                    <Unicode>tions and coming from good families</Unicode>
                </TextEquiv>
            </TextLine>
            <TextLine id="r4l67" custom="readingOrder {index:66;}">
                <Coords points="1995,3454 2716,3467 2716,3430 2598,3415 2103,3429 1995,3409"/>
                <Baseline points="2003,3452 2038,3452 2073,3453 2108,3453 2144,3453 2179,3453 2214,3454 2249,3454 2285,3454 2320,3454 2355,3455 2390,3455 2426,3455 2461,3455 2496,3455 2531,3455 2567,3454 2602,3454 2637,3453 2672,3453 2708,3452"/>
                <TextEquiv>
                    <Unicode>often gave their husbands terrible sur¬</Unicode>
                </TextEquiv>
            </TextLine>
            <TextLine id="r4l68" custom="readingOrder {index:67;}">
                <Coords points="2000,3494 2575,3513 2718,3492 2699,3465 2622,3451 2590,3471 2000,3454"/>
                <Baseline points="2008,3496 2043,3495 2078,3494 2113,3493 2148,3493 2183,3493 2218,3493 2254,3493 2289,3493 2324,3494 2359,3494 2394,3494 2429,3494 2464,3495 2500,3495 2535,3495 2570,3494 2605,3494 2640,3493 2675,3492 2711,3491"/>
                <TextEquiv>
                    <Unicode>prises.“ Wilhelm pretended not to re¬</Unicode>
                </TextEquiv>
            </TextLine>
            <TextLine id="r4l69" custom="readingOrder {index:68;}">
                <Coords points="2002,3535 2074,3556 2253,3535 2674,3553 2723,3534 2723,3493 2520,3518 2167,3488 2002,3503"/>
                <Baseline points="2009,3536 2044,3536 2079,3536 2114,3536 2150,3536 2185,3536 2220,3536 2256,3536 2291,3536 2326,3536 2362,3537 2397,3537 2432,3537 2467,3537 2503,3537 2538,3537 2573,3537 2609,3537 2644,3536 2679,3535 2715,3535"/>
                <TextEquiv>
                    <Unicode>member the lady very well, but after</Unicode>
                </TextEquiv>
            </TextLine>
            <TextLine id="r4l70" custom="readingOrder {index:69;}">
                <Coords points="1994,3582 2572,3601 2723,3583 2723,3537 2075,3555 1994,3533"/>
                <Baseline points="2001,3577 2036,3577 2072,3577 2108,3577 2144,3577 2179,3577 2215,3578 2251,3578 2287,3578 2322,3578 2358,3578 2394,3578 2430,3578 2465,3578 2501,3578 2537,3578 2573,3577 2608,3577 2644,3577 2680,3576 2716,3576"/>
                <TextEquiv>
                    <Unicode>he left his uncle it occurred to him to</Unicode>
                </TextEquiv>
            </TextLine>
            <TextLine id="r4l71" custom="readingOrder {index:70;}">
                <Coords points="1998,3635 2106,3613 2731,3638 2731,3605 2659,3583 2572,3601 1999,3584"/>
                <Baseline points="2006,3619 2041,3619 2077,3619 2113,3619 2149,3619 2185,3620 2221,3620 2257,3620 2293,3621 2329,3621 2365,3622 2400,3622 2436,3623 2472,3623 2508,3624 2544,3624 2580,3624 2616,3624 2652,3624 2688,3624 2724,3624"/>
                <TextEquiv>
                    <Unicode>leok her up. for she was, efter all. the</Unicode>
                </TextEquiv>
            </TextLine>
            <TextLine id="r4l72" custom="readingOrder {index:71;}">
                <Coords points="1998,3656 2094,3677 2192,3658 2371,3680 2649,3670 2649,3636 2196,3635 2106,3614 1998,3637"/>
                <Baseline points="2006,3659 2037,3660 2069,3660 2101,3661 2133,3661 2165,3662 2196,3662 2228,3662 2260,3662 2292,3663 2324,3663 2355,3663 2387,3663 2419,3663 2451,3663 2483,3663 2514,3663 2546,3663 2578,3663 2610,3663 2642,3662"/>
                <TextEquiv>
                    <Unicode>custodi#1 of bis uncle's fortune.</Unicode>
                </TextEquiv>
            </TextLine>
            <TextLine id="r4l73" custom="readingOrder {index:72;}">
                <Coords points="2020,3691 2088,3718 2713,3713 2703,3654 2576,3683 2020,3672"/>
                <Baseline points="2028,3701 2061,3702 2095,3703 2129,3704 2163,3704 2197,3704 2231,3704 2265,3704 2299,3704 2333,3704 2367,3704 2400,3704 2434,3704 2468,3703 2502,3703 2536,3704 2570,3704 2604,3704 2638,3705 2672,3706 2706,3707"/>
                <TextEquiv>
                    <Unicode>To unveli the tale still farther would</Unicode>
                </TextEquiv>
            </TextLine>
            <TextLine id="r4l74" custom="readingOrder {index:73;}">
                <Coords points="1999,3753 2695,3759 2718,3755 2719,3717 2271,3728 2222,3705 2000,3704"/>
                <Baseline points="2006,3741 2041,3743 2076,3744 2111,3745 2147,3746 2182,3747 2217,3747 2252,3748 2288,3748 2323,3748 2358,3749 2393,3749 2429,3749 2464,3749 2499,3749 2534,3749 2570,3749 2605,3749 2640,3749 2675,3750 2711,3750"/>
                <TextEquiv>
                    <Unicode>be unjurt to an author who depends</Unicode>
                </TextEquiv>
            </TextLine>
            <TextLine id="r4l75" custom="readingOrder {index:74;}">
                <Coords points="2001,3796 2718,3793 2704,3753 2180,3765 2002,3740"/>
                <Baseline points="2008,3784 2043,3785 2078,3785 2113,3786 2148,3787 2183,3787 2218,3788 2253,3788 2288,3789 2323,3789 2359,3789 2394,3789 2429,3789 2464,3789 2499,3789 2534,3789 2569,3789 2604,3789 2639,3789 2674,3789 2710,3788"/>
                <TextEquiv>
                    <Unicode>80 much on a startling denonement to</Unicode>
                </TextEquiv>
            </TextLine>
            <TextLine id="r4l76" custom="readingOrder {index:75;}">
                <Coords points="1999,3834 2619,3851 2718,3840 2719,3793 1999,3793"/>
                <Baseline points="2006,3825 2041,3825 2076,3826 2111,3826 2147,3827 2182,3827 2217,3828 2252,3828 2288,3829 2323,3830 2358,3831 2393,3831 2429,3832 2464,3832 2499,3832 2534,3832 2570,3832 2605,3832 2640,3831 2675,3831 2711,3830"/>
                <TextEquiv>
                    <Unicode>make his polnt. He does it with his</Unicode>
                </TextEquiv>
            </TextLine>
            <TextLine id="r4l77" custom="readingOrder {index:76;}">
                <Coords points="2003,3875 2708,3873 2691,3839 2135,3826 2004,3845"/>
                <Baseline points="2011,3868 2045,3868 2079,3868 2114,3868 2148,3868 2183,3868 2217,3869 2252,3870 2286,3870 2321,3871 2355,3872 2389,3872 2424,3873 2458,3874 2493,3874 2527,3874 2562,3875 2596,3875 2631,3874 2665,3874 2700,3873"/>
                <TextEquiv>
                    <Unicode>usual deftness. The tale is not as art¬</Unicode>
                </TextEquiv>
            </TextLine>
            <TextLine id="r4l78" custom="readingOrder {index:77;}">
                <Coords points="1995,3898 2080,3928 2707,3924 2708,3868 2415,3890 1996,3866"/>
                <Baseline points="2003,3910 2037,3908 2072,3908 2107,3907 2142,3907 2177,3908 2211,3908 2246,3909 2281,3910 2316,3911 2351,3913 2385,3913 2420,3915 2455,3916 2490,3916 2525,3917 2559,3917 2594,3917 2629,3917 2664,3916 2699,3915"/>
                <TextEquiv>
                    <Unicode>less as Fraulein Else,“ nor so tense, bu</Unicode>
                </TextEquiv>
            </TextLine>
            <TextLine id="r4l79" custom="readingOrder {index:78;}">
                <Coords points="1996,3968 2221,3977 2404,3952 2469,3976 2629,3977 2705,3963 2705,3928 1996,3929"/>
                <Baseline points="2004,3956 2038,3954 2073,3954 2108,3953 2142,3952 2177,3952 2212,3952 2246,3953 2281,3953 2316,3954 2351,3955 2385,3955 2420,3956 2455,3957 2489,3958 2524,3958 2559,3959 2593,3960 2628,3960 2663,3961 2698,3961"/>
                <TextEquiv>
                    <Unicode>Schnitzler packs into 200 slight page</Unicode>
                </TextEquiv>
            </TextLine>
            <TextLine id="r4l80" custom="readingOrder {index:79;}">
                <Coords points="1998,3991 2108,3994 2177,4027 2578,4025 2709,4011 2710,3986 2401,3953 2238,3975 1998,3966"/>
                <Baseline points="2005,3993 2039,3992 2074,3992 2109,3992 2144,3992 2179,3993 2214,3993 2248,3994 2283,3995 2318,3996 2353,3997 2388,3998 2423,3999 2458,4000 2492,4001 2527,4002 2562,4002 2597,4002 2632,4002 2667,4002 2702,4001"/>
                <TextEquiv>
                    <Unicode>what few novellsts achieve In 400. I'n</Unicode>
                </TextEquiv>
            </TextLine>
            <TextLine id="r4l81" custom="readingOrder {index:80;}">
                <Coords points="1999,4038 2026,4052 2081,4048 2101,4055 2137,4046 2147,4053 2157,4047 2170,4052 2181,4051 2182,4022 2163,4013 2124,4010 2108,3994 2080,4000 2025,3992 2000,3996"/>
                <Baseline points="2006,4034 2034,4036 2062,4037 2090,4040 2118,4041 2146,4041 2174,4039"/>
                <TextEquiv>
                    <Unicode>tor Him.</Unicode>
                </TextEquiv>
            </TextLine>
            <TextLine id="r4l82" custom="readingOrder {index:81;}">
                <Coords points="2186,4047 2312,4064 2352,4047 2548,4051 2676,4074 2713,4057 2714,4019 2186,4013"/>
                <Baseline points="2194,4034 2219,4034 2245,4035 2270,4036 2296,4037 2322,4037 2347,4038 2373,4039 2398,4039 2424,4040 2450,4040 2475,4041 2501,4041 2526,4042 2552,4042 2578,4042 2603,4042 2629,4042 2654,4042 2680,4042 2706,4042"/>
                <TextEquiv>
                    <Unicode>So are his publishers, Simor</Unicode>
                </TextEquiv>
            </TextLine>
            <TextLine id="r4l83" custom="readingOrder {index:82;}">
                <Coords points="2002,4091 2032,4082 2049,4087 2061,4078 2117,4095 2130,4089 2179,4097 2200,4087 2228,4096 2228,4044 2159,4057 2141,4046 2098,4056 2078,4047 2056,4054 2003,4048"/>
                <Baseline points="2010,4073 2036,4072 2062,4071 2088,4072 2115,4072 2141,4073 2167,4074 2193,4074 2220,4073"/>
                <TextEquiv>
                    <Unicode>&amp; Schüster</Unicode>
                </TextEquiv>
            </TextLine>
            <TextEquiv>
                <Unicode>

4
7
NEWS O.
Sereeen Aeenten
The Firs
2 By Harr,
The question of when to stop at the
gaming tables is best answered by the
simple advice: Don't start!“ If man¬
kind followed that advice, there would
be no psychological exhlbits for the
novelist who wants to tell you how a
gambler conducts himself.
Arthur Schnitzler, whose keen ob¬
servation of human alfairs is second
nature to him, tries it in Daybreak,“
a norel of distllusion. His character,
Wilhens. a Lleutenant in the Austrian
Army, passes through the struggle that
comes to most people who put their
money on a sure thing.
In order to win the slight sum of
1.000 gulden, which an intimate friend
needs in order to cover up a defalca¬
tion. Wilhelm finds luck with him and
wins beyond his expectations. He
leaves the tables, returns; he Is in¬
terrupted, but goes back: fate inter¬
venes in tire form of a train that he
must take; he misses it by a minute.
And then, returning to the tables
once more, he begins to lose, and loses
untll the 1.000-gulden note which he
had reserved for his friend is also gone:
with his last few gulden he begins to
win again. Finally. playing desperute¬
ly, be loses heavily, and at the end
owes 11.000 gulden, and not only his
friend’s disgrace but his own dishonor
stare him in the face.
Schnitzler is primarily a dramatist.
and a most accomplished one, and in
these studies of human psychology and
conduct he never forgets the dramatie
situation. With the next step in the
tale we may querrel—it seems unreal.
nocording to Eugene O’Neill, but it 1s
pat. according to the tactics of Ana¬
col“ and “Reigen,“ For when Lleut.
Wilhelm ppeals to his rich uncle fer
the mone) ne learns that his uncle
has turned his fortung over to che lady
he has just married, and this Indy hap¬
pens to be a light-hearted lass of in¬
different repute with whom Wilhelm
was at one time on fairly intlmate
terms.
Should one disparage a lady just be¬
rause she once Ilved a bit lightly?
Indeed no: In fact, Wilhelm takes
pains to tell his uncle that such girls
may#ke good wives, no doubt do,
Lwhercas girls with excellent reputa¬
tions and coming from good families
often gave their husbands terrible sur¬
prises.“ Wilhelm pretended not to re¬
member the lady very well, but after
he left his uncle it occurred to him to
leok her up. for she was, efter all. the
custodi#1 of bis uncle's fortune.
To unveli the tale still farther would
be unjurt to an author who depends
80 much on a startling denonement to
make his polnt. He does it with his
usual deftness. The tale is not as art¬
less as Fraulein Else,“ nor so tense, bu
Schnitzler packs into 200 slight page
what few novellsts achieve In 400. I'n
tor Him.
So are his publishers, Simor
&amp; Schüster</Unicode>
            </TextEquiv>
        </TextRegion>
    </Page>
</PcGts>
