3436 4256
388 112 1100 161 sistence when he first encounters
396 133 1097 195 the pretty Laura. His antics are
390 179 1096 243 probably more suited to comic opera
391 218 1102 279 than to a drama, but they are never¬
389 260 1099 323 theless agreeably amusing. And
385 296 1100 361 when Kasda takes Laura to a place
390 341 1096 400 where they imbibe wine, there is
380 354 1091 442 excellent acting by both Mr. Novarro
386 422 1100 485 and Miss Chandler, the latter being
183 411 374 499 's novel.
392 464 1087 513 exceptionally impressive when Laura
186 486 365 530 have los
398 501 1084 553 is experiencing the first effects of
195 519 373 579 value and
392 544 862 598 a glass or two of wine.
175 566 378 623 npicture
413 577 1088 641 There are some happenings in this
185 605 365 657 vertheless
379 629 1093 679 film that are more than slightly
179 644 372 699 out a neat
398 670 1089 728 vague, owing to the fear of the cen¬
177 686 375 745 hent, with
394 704 1083 761 sorial frown, but the idea is there,
177 728 370 778 ances by
384 748 1078 811 and one appreciates what is meant.
184 770 387 825 ovarro, C.
411 785 1091 849 General von Hartz believes that he
184 806 375 862 Hersholt.
385 819 1091 890 has captured his scapegoat nephew
182 852 370 907 film, hav¬
385 869 1093 931 for the daughter of the élite when
189 892 364 943 ques Fey¬
376 903 1091 966 Kasda is almost ready to put a bullet
195 929 363 993 ditector,
382 942 1095 1000 through his brain because he owes an
178 949 368 1030 #e  pass¬
380 997 1081 1062 objectionable fellow, named Schnabel,
194 1018 362 1070 of it. His
382 1036 1092 1101 14,000 gulden. The General hands
186 1044 1087 1130 ious care Kasda the 14,000 gulden to pay the
186 1103 1090 1176 hation, at-debt, saying that if it happened to
181 1142 1083 1233 make al- be 15,000 he could not have given
169 1172 369 1238 hile. He
383 1203 1095 1266 it to him. Then the old man makes
173 1220 366 1282 ty, never
380 1244 1079 1304 a point of Kasda’s marriage to the
183 1263 357 1321 here there
377 1284 1083 1345 desired young woman, but Kasda is
175 1299 367 1367 nteresting
382 1319 1079 1390 so determined that his uncle picks
359 1358 1083 1430 rup the money and puts it back in his
179 1353 1083 1467 ith whatwallet. A few minutes later the
328 1447 365 1504 72
362 1456 1079 1510 emissaries of the officers' mess, who
373 1492 1079 1550 wish to know whether Kasda’s debt
366 1525 1076 1592 to Schnabel has been satisfied, ap¬
370 1578 1076 1626 pear at the door and the good Gen¬
355 1615 1078 1673 eral takes out the money again, puts
350 1644 1073 1713 it in an envelope and has it trans¬
360 1691 1024 1754 mitted to the unworrhy creditor.
382 1748 1079 1799 Kasda realizes that he loves Laura,
354 1781 1072 1845 despite the fact that she has dis¬
352 1827 1073 1889 graced herself with Schnabel. There
355 1852 1079 1915 is no way to make her his wife so
349 1908 1068 1959 long as he is an officer of the Em¬
357 1954 1079 2019 peror’s guards. Therefore he decides
350 1975 1072 2047 to divorce himself from the gilded
351 2023 1080 2089 misery and lock for happiness as a
361 2071 1076 2128 private citizen and Laura’s husband.
379 2104 1083 2171 Jean Hersholt distinguises himself
343 2148 1074 2210 as Schnabel, who delights in play¬
338 2190 1081 2249 ing roulette. There are some clever
338 2238 1059 2289 #sceiies at a gambling table and Mr.
336 2258 1060 2328 Hersholt makes the maost of them.
354 2312 1065 2378 Schnabel loses at first to Kasda, but
339 2360 1064 2408 when the latter’s run of luck is
336 2410 1053 2459 spent, the ignoble Schnabel offers to
338 2448 1061 2502 let him have any money he wishes.
336 2477 1070 2545 And thus Kasda finally leaves, owing
333 2525 816 2599 Schnabel 14,000 gulden.
808 2874 1254 2967 „OBSERVER
724 2948 828 3037 Wi
857 3026 988 3095 eleg
647 3061 982 3153 BOHIESLEE
440 3344 1438 3420 Schnitzlers „Spiel im Morgengrauen“ auf der Bühnett
522 3413 1398 3476 Aus London wird gemeldet: Besonderes Ill¬
446 3464 1411 3514 teresse bringt man der bevorstehenden Aufführung
445 3504 1406 3544 der dramatisierten Schnitzler=Novelle Spiel im
446 3528 1405 3593 Morgengrauen“ entgegen. Fenia Lowinsky hat die
443 3580 1414 3626 Novelle für die englische Bühne bearbeitet. Die
451 3627 1410 3675 Uraufführung wird wahrscheinlich gleichzeitig in
458 3650 1414 3710 London und New York stattfinden. Ein deutscher
454 3699 1424 3754 Autor ist mit der Uebertragung für die deutsch¬
442 3724 980 3812 sprachige Bühne beschäftigt.
1780 147 2795 217 Spiel im Morgengrauen
1583 141 1758 244 34
1763 190 2790 261 S. E  GAA
2114 559 2513 696 ner Tenwoal Wien
1870 618 2124 743 Nones Wit
2548 663 2618 728 O
1954 719 2447 842 1. 90v. 1934
1628 838 2791 957 Schnitzlers „Spiel im Morgengrauen“
1977 937 2472 1041 auf der Bühne.
1711 1026 2841 1091 Aus London wird uns gemeldet: Besonderes Interesse
1603 1092 2849 1146 bringt man der bevorstehenden Aufführung der dramatisierten
1618 1128 2854 1187 Schnitzler=Novelle „Spiel im Morgengrauen“ entgegen.
1607 1173 2848 1248 Fenia Lowinsky hat die Novelle für die englische Bühne be¬
1621 1218 2854 1282 arbeitet. Die Uraufführung wird wahrscheinlich gleichzeitig in
1622 1273 2857 1333 London und New=York stattfinden. Ein deutscher Autor is mit
1616 1316 2745 1403 der Uebertragung für die deutschsprachige Bühne beschä
1910 1758 2025 1824 —
2232 1759 2721 1900 Wiener Taargal, Wien
2076 1808 2222 1873 Moner
1921 1816 2025 1877 2
1902 1859 2022 1947 0
2265 1860 2699 1967 4. JAN. 935
1902 1925 2036 1993 □5
1948 1976 2773 2075 Eine Rothschild=Operette.
1863 2046 2909 2128 Dramatisierte Schnitzler=Novelle.
1874 2118 2972 2176 In nächster Zeit wird in London die von Franz Mario
1768 2153 2977 2236 verfaßte Operette „Die Rothschilds“ zur englischen Ur
1776 2227 2985 2274 aufführung kommen. Die Operette, deren Musik von L. Lajta
1773 2246 2988 2327 stammt, wird in London in großem Stile herausgebracht werder
1772 2299 2997 2362 und man erwartet sich von dieser Bühnenbearbeitung der
1780 2356 2994 2418 romantischen Liebesepisode im Hause der fünf Frankfurter der
1773 2393 2989 2464 Erfolg, den der kürzlich hier Rekordeinnahmen buchende Roth¬
1773 2447 2995 2518 schild=Film erzielt hat. Ursprünglich wollte man den berühmten
1784 2497 3004 2580 Filmschauspieler Ramon Novarro für die Darstellung der männ¬
1780 2548 3005 2619 lichen Hauptrolle gewinnen. Die Gagenforderungen des
1773 2600 3005 2666 Künstlers, der zweitausend Pfund pro Woche verlangte, waren
1781 2636 3002 2711 aber unerfüllbar, weshalb man jetzt in Wien und Budapest nach
1779 2692 2424 2781 einem geeigneten Darsteller sucht.
1892 2711 3005 2814 Eine andere englische Uraufführung, der man hier mit
1781 2773 3012 2847 großem Interesse entgegensieht, ist Fenja Lowinskys Bearbeitung
1767 2820 3014 2900 der Schnitzler=Novelle „Spiel im Morgengrauen“. Die
1793 2875 3008 2956 dramatisierte Novelle wird zuerst in englischer Sprache auf¬
1795 2921 3000 3006 geführt werden. Später soll ein Wiener Dramatiker eine Ueber¬
1795 2988 3012 3052 tragung ins Deutsche vornehmen, für die sich bereits eine Reihe
1794 3045 2424 3109 von Wiener Theatern interessiert.
2048 3362 2814 3450 Die Fledernaus, Vien,
2098 3426 2473 3518 20.4. 1935
2053 3484 3005 3619 Nissen Sie schon, Seiis
2095 3589 2954 3667 daß Xenia Lowinsky (London)
2033 3643 2957 3731 Schnitzlers Meisternovelle „Spiel im
2029 3689 2949 3779 Morgergrauen“ unter dem Titel
2035 3750 2937 3844 „Love Or Money“ dramatisiert hat?
2936 148 3298 233 box 6/1
