3204 4384
101 80 1317 175 aum gunder: (nstet. Ader wogner, der versweselte lertanernd,
97 157 1325 218 pricht von einem alten Onkel. Das ist Willi unangenehm. Er hat den
88 206 1318 269 onkel seit Jahren nicht mehr gesehen. Er verfällt auf eine andere
86 257 1326 308 jdee. Wie wäre es, wenn er seine hundert Gulden für den
97 299 1319 350 kameraden am Kartentisch riskieren würde? Eine Lösung, so leichtsinnig
84 347 1325 407 ind spannend wie dieser ganze Sonntag! Bogner ist es zufrieden
84 399 1324 451 und Willi erscheint nachmittags in einem Badener Kaffeehaus,
76 445 1318 495 vo ein exotischer „Konsul“ Schnabel die Bank hält, ein Herr,
73 487 1331 532 vor dessen Vergangenheit die Offiziere krampfhaft die Augen
73 540 1328 608 schließen, um seinen Reichtum dann besser sehen zu können. Ein
82 583 1325 644 anderer, mit geringerer Nervenkraft als Schnitzler ausgestaiteter
81 644 1318 698 Dichter hätte Willi nun gewinnen lassen oder aber verlieren,
90 680 1318 740 jedensolls hätte er sich kaum auf dermaßen raffinierte Phasen ein¬
71 720 1316 795 gelassen, auf stundenlange Spielpaufen, in denen Willi mit zwei¬
76 784 1324 841 tausend, dann mit fünftausend Gulden in der Tasche promeniert
67 821 1311 892 und erkennt, daß des Kameraden Sache längst die eigene wurde.
75 875 1326 922 Aber geradt in diesem Uebergang vom fremden zum eigenen
74 930 1318 987 Schicksal liegt mitreißende Kunst. So erklärt es sich, daß Willi,
65 966 1312 1035 als ihm der Zug nach Wien vor der Nose fortgefahren ist, zuw dritten¬
74 1021 1298 1074 mal an den Spieltisch zurückkehrt und immer mehr der eigentliche Gegne
62 1065 1286 1121 des Konsuls wird. Erfaßt ihn der Spieltaumel? Eigentlich nich
66 1116 1275 1179 Ec kommt bei diesem jungen Offizier nicht zum Spiel um d
73 1163 1263 1217 Spielens willen, zu jener Wollust, die den Zahlen mysti
71 1203 1232 1267 innewohnt, oder zum Amoklauf gegen das Schickt und
70 1256 1242 1319 Spielpech. Willi bleibt der kleine Offizier mit dem bescheide
52 1300 1225 1385 Monatswechsel und zum Großteil praktische Motive bewegen
66 1363 1256 1431 ba## verkiert, weiter zu spielen. Der Konsul leiht ihm jew
62 1418 1249 1481 din Einsatz. „Und wieder wanderten die zweilausend hinüber
60 1460 1256 1521 und gleich wieder zurück. Es war zum Lachen. Hin und h
54 1519 1286 1566 Her und hin.“ Dann erhebt sich der Konsul und Leutnant Wi
58 1573 685 1626 hat elftausend Gulden verloren.
171 1584 1290 1662 Und wieder ein Einfall, wie ihn nur Schnitzler habe
59 1644 1309 1722 kann. Konsul Schnabel bringt Willi in seinem Wugen nach Wier
51 1721 1316 1771 zurück. Er erklärt sich sofort bereit, die Frist um einige Stunden
45 1759 1312 1820 zu verlängern. Aber man wittert einen Hinterhalt. Und nun ein
44 1802 1311 1867 Kabinettstück vor dem Spiegel der Seele: wie Leutnant Willi zu
55 1854 1311 1904 Komproniissen mit seiner Ehre gelangt, da er den Konsul, der sich
50 1901 1314 1971 plötzlich dem Offiziersstande gegenüber eine sehr freie Sprache
66 1948 1314 2019 erkaubt, bei uter Laune halten will. Immer persönlicher wird
51 1982 1322 2060 das Erlebnis, immer mehr erkennt der jung Offizier das „tua
53 2046 1313 2105 res agikor“ und das Zusammengehörigkeitsgefühl mit dem Stande
55 2091 1316 2154 tritt immer stärker zurück. „Aber was ging ihn denn das alles
50 2141 1320 2199 an? Um ihn handelte es sich, um ihn selbst, um seine eigene
51 2185 223 2262 Esche
881 2190 1312 2252 um sein Leben!“
300 2188 767 2257 um seine Karriere
65 2244 1323 2299 Erst vor dem Tor der Alserkaserne findet Willi
63 2275 1323 2341 den Mut, den Konsul um einen Zahlungsaufschub von
53 2327 1320 2396 vierzehn Tagen zu bitten. Schnabel schürtelt bloß den Kopf. Zweisellos
50 2390 1305 2446 liegt dem reichen Manue nichts an den lumpigen paar Tausendern
54 2431 1323 2501 Will er sich rächen für erlittene Demütigungen? Es bleibt
58 2466 1312 2560 dahingestellt. Wichtig ist: Schnabel lehnt ab. Die Würsel sind
55 2515 254 2605 gefallen!
166 2547 1324 2645 Von nun ab ist Unordnung in Willi. Gegen den Tod zu
55 2617 1317 2702 flirgen die Stunden rascher, schneller die Gedanken, die Reflext.
58 2673 1334 2724 Willi schläft ein bißchen, dann wacht er auf, meldet sich matod
56 2714 1330 2770 und selbstverständlich ist sein erster Weg nun doch zum Onkel.
53 2767 1322 2821 Wie anderd abet verläuft diese Unterredung, als man glauben
60 2813 1315 2876 kollte. Das ist ein merkwürdiger alter Herr, der Onkel Wilram.
49 2874 1320 2927 Zwar sagt er gleich, daß er das Geld nicht habe, aber es klingt
54 2913 1310 2984 fordiniert, so daß auch der verzweifelte Willi aufhorcht und
51 2963 154 3026 zu
151 2969 1302 3024 philosophischem Gespräch geneigt wird. Was ge¬
53 3010 1312 3074 schieht? Onkel Wilram enthüllt eine eigenartige Ehe¬
60 3057 1316 3119 tragödie. Man erfährt von einer Frau, die er über
59 3117 1306 3163 alles liebt, die er geheiratet hat, trotzdem sie eine Dirne, war und
47 3166 1318 3209 die nun sein Geld verwalter. Er erhält eine Leibrente, mit jener
62 3191 1319 3252 Pünktlichkeit, mit der Leopoldine allen ihren Pflichten mit Aus¬
60 3244 992 3295 nahme der ehelichen, ihm gegenüber nachkommt.
167 3281 1301 3346 Wie sonderbar ist das doch, knapp vor Torschluß so eis
54 3346 1284 3411 wunderlich=ergreifende Geschichte! Einem schwächeren Erzähler w
57 3386 1283 3463 Schnitzler würde das den Faden mittendurch geschnitten habe
52 3441 1279 3496 Hier ergibt sich das Gegenteil. — Willi erinnert sich an eine leid
55 3499 1280 3552 sinnige Nacht, deren Heldin eben jene Leopoldine war, die spätt
59 3534 1292 3587 Gattin seines Onkels. Sie wird ihm das Geld nicht abschlage
54 3587 1295 3646 Er wird vorgelassen, erkannt. Man nennt sich „Du“, aber di
55 3631 1304 3683 Eefolg ist fraglich. Sie will sich mit ihrem Advokatei
57 3679 1303 3736 beraten und wird am Abend Bescheid sagen lassen.
56 3733 1312 3798 Willi schläft, Willi wartet. Am Abend kommt Leopoldine selbst.
57 3766 1303 3836 Aber sie spricht nicht vom Geld. Willi läßt ein Souper kommen ...
62 3820 1310 3885 „Nach dem zweiten Glas schien Leopoldine ein wenig schläfrig zu
62 3870 1313 3920 werden. Sie lehnte sich in die Ecke des Diwans zurück, und als
61 3923 1311 3981 Willi sich über ihre Stirn beugte, ihre Augen, ihre Lippen, ihren
55 3966 1308 4023 Hals küßte, flüsterte sie hingegeben, schon wie aus einem Traum,
54 4016 1306 4074 seinen Namen.“ Am Morgen hat sie die Geldaffäre noch immer
60 4067 1305 4115 nicht erwehnt. Erst in der Tür erinnert sie sich scheinbar und
60 4105 1318 4154 wirst Willi einen Tausender hin, als Lohn für die Nacht. Und
1586 56 1681 151 W
1823 173 2568 244 im Mordendrauen
1352 174 2581 284 34. Spiel 1
2693 159 3072 269 box 6/1
