3204 4384
657 123 1260 198 Morgengrauen
334 127 413 195 1
485 127 650 197 im
251 130 292 192 8
1412 124 1771 210 box 6/1
58 122 1264 224 34. J
1077 922 1170 1015 2
1164 925 1833 1033 Aeda
842 1022 2145 1083 aber ist die gleichzeitige Aufnahme der Studie Pfau's über Tilliers
843 1096 2140 1137 Leben, ein ergreifendes Lebensbild eines Philosophen, der nie eine
840 1125 2143 1174 philosophische Zeile geschrieben hat. dessen ganzes Leben aber
855 1163 2148 1224 das eines Weisen war, und dessen „Onkel Benjamin“ von dieser
852 1203 1649 1265 Weisheit bis zum Überströmen erfüllt ist.
1973 1200 2120 1267 F. M.
749 1313 2165 1407 Artur Schnitzler: Spiel im Morgengrauen. Novelle. Berlin
851 1377 1162 1461 (S. Fischer).
950 1432 2150 1500 Wohl selten ist sich ein Autor in seiner psychologischen Art so
852 1485 2151 1534 treu geblieben wie Arthur Schnitzler, so jung in würdevollem Alter,
855 1524 2147 1573 so frisch, um nicht zu sagen naiv, und herzhaft einer von Grund
855 1558 2148 1607 auf veränderten Zeit gegenüber, so wenig grüblerisch und vergrämt
845 1607 2152 1646 durch ganz fremdgeartete seelische Einstellungen. Auch die neue
851 1634 2149 1685 Novelle Schnitzlers könnte ebensogut vor dreißig Jahren geschrie¬
850 1673 2152 1733 ben sein, in dem schönen, alten, nun aber verschwundenen Wien,
853 1715 2151 1756 in dem sie spielt. Die längst demolierte Alserkaserne, das Badener
845 1757 2145 1813 Sonntagstreiben, der längst ausgelöschte Typ des k. u. k. Leut¬
842 1801 2166 1836 nants mit seiner ebenso leichtsinnigen als formstrengen Lebens¬
841 1840 2139 1889 philosophie, mit seinen liebenswürdigen Manieren und dem klein¬
848 1863 2150 1924 winzigen Hirn, die süßen Mäderln und ihre mitunter recht bitteren
848 1910 2143 1961 Möglichkeiten, das ist die Welt, in der sich Schnitzlers Jugend¬
845 1952 2149 1989 dichtungen abspielten und in die uns auch seine neueste Dich¬
852 1991 2150 2032 tung zurückführt. Diese von einer Doublésonne umleuchtete, in
844 2029 2153 2074 ihrer inneren Unechtheit und Bösartig dit durch einen Schuß im
850 2062 2143 2112 Morgengrauen wie durch ein Blitzlicht bloßgestellte Welt läßt
850 2102 2153 2158 Schnitzler mit solcher Meisterschaft noch einmal vor unserem
847 2155 2149 2200 Auge erstehen, daß wir eine ganze Zeitlang wie von einem
847 2180 2145 2235 Zauber geblendet, ihrem Bann aufs Neue erliegen; wenn aber
853 2227 2145 2276 dann das Spiel zu Unde geht und in seine wohlverdiente Tragik
849 2263 2154 2319 ausläuft, dann sind wir eigentlich froh, daß alles vorüber ist und
844 2299 2147 2350 daß dieses unecht gemütliche Wien und diese unechten Ehren¬
845 2338 2147 2379 männer in Uniform und Zivil und diese unecht süßen Mädel, und
846 2377 2151 2409 alles, was drum und dran hing endgültig erledigt sind. Auch
856 2413 2142 2464 Schnitzler hat noch einmal von dieser Zeit und diesem Wien seiner
844 2459 2144 2503 Jugend geträumt, vielleicht zum letztenmal, um sie dann für
847 2489 2138 2547 immer durch Selbstmord enden zu lassen. Das ist wohl die
852 2524 2147 2582 stärkste Veränderung, die vom Dichter des Leutnant Gustel zu
845 2573 2148 2606 dem des Leutnant Willi Kazda führt; aber nach der Art künst¬
847 2603 2147 2672 lerischen Erlebens ist der neueste Schnitzler immer wieder der
847 2647 1892 2706 alte Schnitzler, das will sagen der junge Schnitzler.
2057 2657 2093 2702 —
1206 2761 1692 2836 NEUE BUCHER.
843 2814 2158 2895 E. I. GUMBEI, Vom Rußland der Gegenwart. Berlin (E. Laub) 1927.
845 2875 2152 2954 Bruno SPRINGER, Die Seele der Völkischen. Berlin-Nikolassee
753 2908 1394 2979 (Verlag der Neuen Generation).
844 2961 2139 3019 Alfred STERN, Abriß einer Geschichte der demokratischen Ideen
755 2998 2159 3068 in den letzten vier Jahrhunderten. Zürich und Leipzig (Orell Füssli) 1927.
847 3057 2149 3125 Harald WEBER, Die Weltdeuter des Ostens. Braunschweig, Berlin,
751 3101 1476 3152 Hamburg (Georg Westermann) 1927.
849 3128 2147 3204 Dr. Friedr. K. FEIGEL, Tod und Unsterblichkeit im Geistesleben
747 3180 1949 3236 der Menschheit. Drei Vorträge. Essen (G. D. Baedecker) 1926.
842 3228 2148 3293 Rudolf LOCHNER, Deskriptive Pädagogik. Umrisse einer Dar¬
747 3276 2150 3334 stellung der Tatsachen und Gesetze der Erziehung vom soziologischen
752 3324 1729 3383 Standpunkt. Reichenberg (Gebrüder Stiepel) 1927.
