<?xml version="1.0" encoding="UTF-8" standalone="yes"?>
<PcGts xmlns="http://schema.primaresearch.org/PAGE/gts/pagecontent/2013-07-15" xmlns:xsi="http://www.w3.org/2001/XMLSchema-instance" xsi:schemaLocation="http://schema.primaresearch.org/PAGE/gts/pagecontent/2013-07-15 http://schema.primaresearch.org/PAGE/gts/pagecontent/2013-07-15/pagecontent.xsd">
    <Metadata>
        <Creator>prov=University of Rostock/Institute of Mathematics/CITlab/Gundram Leifert/gundram.leifert@uni-rostock.de:name=ONB_Newseye_GT_M1+(htr_id=10810)::::v=2.4.2
prov=University of Rostock/Institute of Mathematics/CITlab/Tobias Gruening/tobias.gruening@uni-rostock.de:name=de.uros.citlab.module.baseline2polygon.B2PSeamMultiOriented:v=2.4.2
prov=University of Rostock/Institute of Mathematics/CITlab/Tobias Gruening/tobias.gruening@uni-rostock.de:name=/mnt/transkribus/LA/DEA/URO/LA_news_onb_att.pb:de.uros.citlab.segmentation.CITlab_LA_ML:v=2.4.2
Transkribus</Creator>
        <Created>2019-10-07T10:23:29.451+02:00</Created>
        <LastChange>2019-10-07T16:43:03.683+02:00</LastChange>
        <TranskribusMetadata docId="223887" pageId="9491187" pageNr="53" tsid="16391322" status="IN_PROGRESS" userId="40391" imgUrl="https://files.transkribus.eu/Get?id=HGPRNZWTTLGDXWJSAXDWLWUT&amp;fileType=view" xmlUrl="https://files.transkribus.eu/Get?id=XEHWMZFWEMYYYRJGTTBBFXAN" imageId="6181475"/>
    </Metadata>
    <Page imageFilename="223887_0053.jpeg" imageWidth="3204" imageHeight="4384">
        <ReadingOrder>
            <OrderedGroup id="ro_1711446280030" caption="Regions reading order">
                <RegionRefIndexed index="0" regionRef="r1"/>
                <RegionRefIndexed index="1" regionRef="r2"/>
                <RegionRefIndexed index="2" regionRef="r3"/>
                <RegionRefIndexed index="3" regionRef="r4"/>
                <RegionRefIndexed index="4" regionRef="r5"/>
            </OrderedGroup>
        </ReadingOrder>
        <TextRegion orientation="0.0" id="r1" custom="readingOrder {index:0;}">
            <Coords points="32,154 32,216 1229,216 1229,154"/>
            <TextLine id="r1l1" custom="readingOrder {index:0;}">
                <Coords points="630,184 780,191 810,168 933,188 957,168 1002,188 1234,187 1233,140 1194,128 1087,141 961,123 796,146 733,142 699,116 630,139"/>
                <Baseline points="637,177 666,178 695,178 725,178 754,178 784,178 813,177 843,177 872,177 902,176 931,176 960,175 990,175 1019,174 1049,174 1078,174 1108,174 1137,174 1167,175 1196,176 1226,177"/>
                <TextEquiv>
                    <Unicode>Mordendrauen</Unicode>
                </TextEquiv>
            </TextLine>
            <TextLine id="r1l2" custom="readingOrder {index:1;}">
                <Coords points="496,188 514,186 541,194 557,189 581,194 610,187 634,190 634,142 606,145 586,130 567,137 544,120 505,146 496,146"/>
                <Baseline points="503,179 533,178 564,179 595,180 626,178"/>
                <TextEquiv>
                    <Unicode>im</Unicode>
                </TextEquiv>
            </TextLine>
            <TextLine id="r1l3" custom="readingOrder {index:2;}">
                <Coords points="24,205 1236,208 1236,178 1067,156 523,187 441,122 194,166 25,142"/>
                <Baseline points="32,180 91,188 151,193 211,197 271,201 331,203 391,205 450,206 510,206 570,206 630,205 690,204 750,203 810,202 869,201 929,199 989,199 1049,198 1109,199 1169,199 1229,201"/>
                <TextEquiv>
                    <Unicode>34. Spiel  #  </Unicode>
                </TextEquiv>
            </TextLine>
            <TextEquiv>
                <Unicode>Mordendrauen
im
34. Spiel  #  </Unicode>
            </TextEquiv>
        </TextRegion>
        <TextRegion orientation="0.0" id="r2" custom="readingOrder {index:1;}">
            <Coords points="1385,71 1385,225 1743,225 1743,71"/>
            <TextLine id="r2l1" custom="readingOrder {index:0;}">
                <Coords points="1378,179 1495,202 1559,178 1586,191 1639,179 1680,191 1751,174 1751,126 1722,115 1685,112 1653,130 1622,116 1582,139 1502,140 1378,115"/>
                <Baseline points="1385,174 1410,174 1436,174 1461,174 1487,174 1512,174 1538,175 1564,175 1589,175 1615,175 1640,175 1666,175 1691,174 1717,173 1743,171"/>
                <TextEquiv>
                    <Unicode>box 6/1</Unicode>
                </TextEquiv>
            </TextLine>
            <TextEquiv>
                <Unicode>box 6/1</Unicode>
            </TextEquiv>
        </TextRegion>
        <TextRegion orientation="0.0" id="r3" custom="readingOrder {index:2;}">
            <Coords points="1777,1345 1777,4027 1948,4027 1948,1345"/>
            <TextLine id="r3l1" custom="readingOrder {index:0;}">
                <Coords points="1880,1386 1892,1385 1900,1388 1912,1376 1918,1375 1925,1380 1931,1373 1950,1373 1949,1337 1940,1336 1927,1342 1921,1336 1915,1338 1905,1334 1898,1340 1894,1337 1888,1344 1879,1344"/>
                <Baseline points="1887,1367 1915,1365 1943,1365"/>
                <TextEquiv>
                    <Unicode>ir.</Unicode>
                </TextEquiv>
            </TextLine>
            <TextLine id="r3l2" custom="readingOrder {index:1;}">
                <Coords points="1922,1678 1928,1679 1931,1681 1932,1680 1950,1681 1956,1649 1948,1648 1935,1636 1929,1636"/>
                <Baseline points="1930,1675 1944,1677"/>
                <TextEquiv>
                    <Unicode></Unicode>
                </TextEquiv>
            </TextLine>
            <TextLine id="r3l3" custom="readingOrder {index:2;}">
                <Coords points="1873,1740 1887,1739 1899,1728 1908,1731 1917,1727 1926,1731 1932,1725 1942,1724 1942,1679 1932,1682 1929,1680 1909,1694 1887,1686 1873,1688"/>
                <Baseline points="1881,1715 1908,1713 1935,1715"/>
                <TextEquiv>
                    <Unicode>of</Unicode>
                </TextEquiv>
            </TextLine>
            <TextLine id="r3l4" custom="readingOrder {index:3;}">
                <Coords points="1863,1800 1877,1802 1882,1808 1899,1807 1905,1801 1912,1806 1923,1803 1932,1805 1938,1801 1948,1803 1949,1779 1937,1780 1918,1766 1905,1765 1900,1768 1890,1759 1879,1765 1864,1761"/>
                <Baseline points="1871,1796 1906,1793 1941,1798"/>
                <TextEquiv>
                    <Unicode>Ml-</Unicode>
                </TextEquiv>
            </TextLine>
            <TextLine id="r3l5" custom="readingOrder {index:4;}">
                <Coords points="1861,1830 1874,1830 1882,1840 1900,1838 1909,1847 1912,1844 1918,1848 1921,1845 1927,1847 1936,1842 1943,1846 1953,1845 1955,1820 1939,1818 1907,1801 1899,1807 1891,1807 1877,1818 1862,1815"/>
                <Baseline points="1868,1831 1893,1833 1919,1836 1945,1838"/>
                <TextEquiv>
                    <Unicode>er,</Unicode>
                </TextEquiv>
            </TextLine>
            <TextLine id="r3l6" custom="readingOrder {index:5;}">
                <Coords points="1853,1881 1870,1883 1883,1878 1894,1881 1912,1877 1932,1891 1938,1889 1952,1894 1954,1841 1941,1845 1931,1843 1920,1851 1905,1849 1900,1842 1886,1837 1868,1843 1861,1836 1855,1836"/>
                <Baseline points="1861,1872 1889,1871 1917,1873 1945,1874"/>
                <TextEquiv>
                    <Unicode>he</Unicode>
                </TextEquiv>
            </TextLine>
            <TextLine id="r3l7" custom="readingOrder {index:6;}">
                <Coords points="1846,1911 1855,1911 1871,1922 1888,1921 1897,1930 1901,1927 1910,1929 1925,1921 1951,1923 1951,1892 1939,1895 1926,1884 1916,1884 1904,1877 1896,1882 1887,1877 1869,1884 1859,1879 1847,1882"/>
                <Baseline points="1853,1914 1883,1914 1913,1916 1944,1915"/>
                <TextEquiv>
                    <Unicode>3is</Unicode>
                </TextEquiv>
            </TextLine>
            <TextLine id="r3l8" custom="readingOrder {index:7;}">
                <Coords points="1855,2001 1865,2004 1885,1998 1896,2008 1906,2001 1915,2004 1929,1994 1941,1992 1946,1940 1918,1935 1904,1941 1895,1936 1880,1942 1868,1933 1861,1933"/>
                <Baseline points="1863,1988 1898,1991 1933,1994"/>
                <TextEquiv>
                    <Unicode>Nr.</Unicode>
                </TextEquiv>
            </TextLine>
            <TextLine id="r3l9" custom="readingOrder {index:8;}">
                <Coords points="1847,2072 1856,2072 1867,2064 1880,2075 1895,2072 1911,2079 1929,2072 1949,2079 1951,2033 1937,2034 1933,2029 1922,2039 1915,2037 1904,2046 1894,2036 1885,2035 1877,2042 1871,2041 1857,2054 1848,2054"/>
                <Baseline points="1854,2067 1883,2068 1912,2069 1942,2071"/>
                <TextEquiv>
                    <Unicode>for</Unicode>
                </TextEquiv>
            </TextLine>
            <TextLine id="r3l10" custom="readingOrder {index:9;}">
                <Coords points="1844,2097 1853,2097 1868,2111 1872,2109 1877,2114 1890,2111 1902,2117 1908,2111 1923,2118 1940,2115 1940,2087 1925,2085 1914,2076 1908,2079 1887,2073 1863,2084 1844,2081"/>
                <Baseline points="1852,2108 1878,2106 1905,2106 1932,2108"/>
                <TextEquiv>
                    <Unicode>73;</Unicode>
                </TextEquiv>
            </TextLine>
            <TextLine id="r3l11" custom="readingOrder {index:10;}">
                <Coords points="1842,2147 1854,2144 1870,2155 1884,2156 1888,2152 1947,2153 1947,2107 1939,2107 1924,2119 1906,2111 1900,2116 1887,2111 1878,2114 1872,2108 1861,2116 1851,2107 1842,2107"/>
                <Baseline points="1850,2147 1880,2146 1910,2146 1940,2147"/>
                <TextEquiv>
                    <Unicode>bir</Unicode>
                </TextEquiv>
            </TextLine>
            <TextLine id="r3l12" custom="readingOrder {index:11;}">
                <Coords points="1847,2195 1857,2195 1862,2190 1871,2195 1881,2190 1895,2192 1899,2189 1914,2194 1926,2192 1932,2197 1947,2194 1947,2163 1938,2161 1934,2164 1919,2158 1908,2164 1892,2152 1870,2156 1862,2148 1847,2148"/>
                <Baseline points="1854,2185 1882,2186 1911,2185 1940,2187"/>
                <TextEquiv>
                    <Unicode>the</Unicode>
                </TextEquiv>
            </TextLine>
            <TextLine id="r3l13" custom="readingOrder {index:12;}">
                <Coords points="1849,2247 1864,2244 1878,2232 1883,2237 1890,2231 1908,2230 1928,2233 1943,2247 1952,2247 1953,2196 1940,2193 1932,2197 1923,2191 1914,2194 1890,2190 1871,2195 1850,2187"/>
                <Baseline points="1856,2225 1885,2223 1915,2224 1945,2226"/>
                <TextEquiv>
                    <Unicode>vall</Unicode>
                </TextEquiv>
            </TextLine>
            <TextLine id="r3l14" custom="readingOrder {index:13;}">
                <Coords points="1843,2274 1855,2275 1869,2263 1885,2277 1912,2279 1929,2270 1951,2269 1952,2251 1944,2251 1925,2235 1913,2238 1907,2232 1895,2230 1875,2233 1859,2246 1844,2248"/>
                <Baseline points="1851,2265 1882,2263 1913,2264 1944,2266"/>
                <TextEquiv>
                    <Unicode>the</Unicode>
                </TextEquiv>
            </TextLine>
            <TextLine id="r3l15" custom="readingOrder {index:14;}">
                <Coords points="1849,2311 1867,2306 1881,2313 1889,2306 1899,2311 1910,2307 1917,2313 1933,2303 1943,2306 1942,2273 1927,2272 1923,2277 1918,2274 1905,2280 1899,2275 1896,2278 1881,2275 1856,2290 1848,2290"/>
                <Baseline points="1857,2305 1883,2303 1909,2302 1936,2302"/>
                <TextEquiv>
                    <Unicode>rue</Unicode>
                </TextEquiv>
            </TextLine>
            <TextLine id="r3l16" custom="readingOrder {index:15;}">
                <Coords points="1845,2350 1857,2350 1867,2360 1873,2354 1881,2357 1890,2353 1896,2357 1909,2353 1917,2359 1929,2356 1950,2359 1950,2309 1942,2309 1930,2317 1924,2311 1909,2308 1900,2311 1873,2308 1861,2318 1845,2318"/>
                <Baseline points="1852,2344 1882,2342 1912,2342 1942,2344"/>
                <TextEquiv>
                    <Unicode>the</Unicode>
                </TextEquiv>
            </TextLine>
            <TextLine id="r3l17" custom="readingOrder {index:16;}">
                <Coords points="1909,2392 1919,2391 1928,2386 1934,2388 1937,2385 1953,2382 1951,2352 1933,2352 1924,2359 1906,2357"/>
                <Baseline points="1915,2381 1945,2379"/>
                <TextEquiv>
                    <Unicode>S</Unicode>
                </TextEquiv>
            </TextLine>
            <TextLine id="r3l18" custom="readingOrder {index:17;}">
                <Coords points="1840,2477 1853,2475 1864,2486 1870,2483 1873,2486 1883,2478 1895,2486 1922,2484 1934,2493 1947,2490 1947,2440 1932,2437 1904,2442 1899,2438 1887,2447 1871,2441 1866,2445 1853,2441 1839,2444"/>
                <Baseline points="1847,2475 1878,2473 1909,2473 1940,2474"/>
                <TextEquiv>
                    <Unicode>zed</Unicode>
                </TextEquiv>
            </TextLine>
            <TextLine id="r3l19" custom="readingOrder {index:18;}">
                <Coords points="1834,2525 1858,2516 1891,2518 1897,2523 1912,2516 1925,2519 1935,2509 1946,2512 1945,2491 1929,2490 1918,2483 1911,2489 1903,2483 1891,2490 1876,2487 1856,2500 1833,2504"/>
                <Baseline points="1841,2515 1873,2512 1906,2512 1939,2511"/>
                <TextEquiv>
                    <Unicode>out</Unicode>
                </TextEquiv>
            </TextLine>
            <TextLine id="r3l20" custom="readingOrder {index:19;}">
                <Coords points="1841,2555 1858,2555 1873,2564 1891,2560 1906,2564 1915,2560 1927,2562 1931,2557 1948,2562 1948,2514 1933,2511 1918,2523 1912,2517 1900,2523 1891,2518 1868,2516 1865,2519 1858,2516 1852,2521 1841,2519"/>
                <Baseline points="1849,2551 1879,2552 1909,2551 1940,2552"/>
                <TextEquiv>
                    <Unicode>hat</Unicode>
                </TextEquiv>
            </TextLine>
            <TextLine id="r3l21" custom="readingOrder {index:20;}">
                <Coords points="1827,2599 1839,2604 1849,2600 1855,2605 1872,2594 1885,2602 1906,2597 1915,2606 1921,2601 1933,2607 1948,2604 1948,2562 1931,2558 1909,2564 1903,2558 1900,2561 1892,2557 1877,2566 1870,2561 1846,2574 1839,2571 1827,2575"/>
                <Baseline points="1835,2593 1861,2592 1888,2591 1914,2592 1941,2591"/>
                <TextEquiv>
                    <Unicode>reat</Unicode>
                </TextEquiv>
            </TextLine>
            <TextLine id="r3l22" custom="readingOrder {index:21;}">
                <Coords points="1836,2633 1860,2631 1874,2638 1887,2634 1896,2642 1908,2642 1915,2648 1930,2639 1947,2638 1948,2607 1936,2608 1922,2602 1915,2605 1906,2598 1901,2601 1897,2598 1883,2606 1873,2595 1868,2595 1859,2604 1853,2602 1849,2607 1837,2608"/>
                <Baseline points="1844,2631 1875,2629 1907,2630 1939,2632"/>
                <TextEquiv>
                    <Unicode>has</Unicode>
                </TextEquiv>
            </TextLine>
            <TextLine id="r3l23" custom="readingOrder {index:22;}">
                <Coords points="1816,2792 1837,2790 1843,2785 1847,2790 1885,2794 1895,2790 1920,2805 1946,2798 1945,2756 1932,2759 1923,2749 1906,2763 1885,2758 1849,2765 1838,2764 1830,2755 1818,2757"/>
                <Baseline points="1824,2785 1852,2783 1881,2784 1910,2787 1939,2790"/>
                <TextEquiv>
                    <Unicode>hong</Unicode>
                </TextEquiv>
            </TextLine>
            <TextLine id="r3l24" custom="readingOrder {index:23;}">
                <Coords points="1812,2838 1831,2845 1843,2837 1870,2842 1884,2833 1900,2842 1936,2821 1948,2823 1948,2791 1929,2794 1917,2802 1894,2790 1885,2794 1869,2789 1848,2791 1841,2786 1821,2800 1812,2800"/>
                <Baseline points="1819,2825 1849,2823 1879,2824 1909,2825 1940,2824"/>
                <TextEquiv>
                    <Unicode>ligh¬</Unicode>
                </TextEquiv>
            </TextLine>
            <TextLine id="r3l25" custom="readingOrder {index:24;}">
                <Coords points="1809,2872 1824,2869 1842,2878 1872,2869 1896,2872 1907,2867 1914,2872 1941,2872 1941,2837 1920,2842 1908,2836 1893,2842 1883,2832 1874,2838 1844,2838 1818,2853 1809,2853"/>
                <Baseline points="1817,2866 1846,2864 1875,2863 1904,2864 1934,2865"/>
                <TextEquiv>
                    <Unicode>yden</Unicode>
                </TextEquiv>
            </TextLine>
            <TextLine id="r3l26" custom="readingOrder {index:25;}">
                <Coords points="1813,2904 1822,2903 1837,2911 1849,2909 1858,2915 1865,2909 1876,2909 1882,2915 1906,2909 1949,2916 1949,2871 1876,2869 1850,2881 1813,2879"/>
                <Baseline points="1820,2904 1850,2902 1880,2903 1910,2904 1941,2903"/>
                <TextEquiv>
                    <Unicode>nt of</Unicode>
                </TextEquiv>
            </TextLine>
            <TextLine id="r3l27" custom="readingOrder {index:26;}">
                <Coords points="1816,2946 1830,2949 1834,2945 1857,2952 1867,2946 1885,2952 1897,2947 1923,2958 1944,2960 1943,2915 1927,2913 1916,2922 1904,2922 1892,2911 1880,2914 1865,2910 1857,2915 1847,2907 1836,2910 1826,2903 1816,2903"/>
                <Baseline points="1824,2941 1852,2943 1880,2943 1908,2942 1936,2941"/>
                <TextEquiv>
                    <Unicode>fthe</Unicode>
                </TextEquiv>
            </TextLine>
            <TextLine id="r3l28" custom="readingOrder {index:27;}">
                <Coords points="1809,2989 1836,3001 1860,2984 1869,2993 1889,2994 1899,3000 1920,2987 1928,2989 1936,2981 1944,2981 1944,2960 1897,2947 1887,2952 1873,2946 1861,2951 1831,2950 1822,2943 1809,2947"/>
                <Baseline points="1817,2983 1846,2982 1876,2980 1906,2980 1936,2982"/>
                <TextEquiv>
                    <Unicode>ation</Unicode>
                </TextEquiv>
            </TextLine>
            <TextLine id="r3l29" custom="readingOrder {index:28;}">
                <Coords points="1799,3021 1815,3018 1829,3031 1838,3024 1872,3027 1876,3032 1886,3025 1900,3031 1919,3024 1929,3033 1944,3029 1945,2981 1898,3000 1866,2990 1844,2998 1821,2980 1800,2982"/>
                <Baseline points="1807,3020 1833,3019 1859,3020 1885,3021 1911,3022 1937,3022"/>
                <TextEquiv>
                    <Unicode>etual</Unicode>
                </TextEquiv>
            </TextLine>
            <TextLine id="r3l30" custom="readingOrder {index:29;}">
                <Coords points="1798,3055 1856,3066 1861,3071 1874,3062 1880,3067 1907,3065 1917,3075 1927,3069 1941,3075 1943,3038 1921,3028 1903,3031 1886,3025 1876,3031 1871,3026 1844,3025 1825,3031 1799,3027"/>
                <Baseline points="1806,3059 1831,3058 1857,3058 1882,3060 1908,3061 1934,3063"/>
                <TextEquiv>
                    <Unicode>th M.</Unicode>
                </TextEquiv>
            </TextLine>
            <TextLine id="r3l31" custom="readingOrder {index:30;}">
                <Coords points="1801,3094 1815,3092 1858,3118 1865,3112 1880,3117 1892,3111 1920,3127 1947,3118 1948,3088 1927,3088 1904,3065 1877,3078 1859,3067 1836,3075 1802,3076"/>
                <Baseline points="1808,3101 1834,3100 1860,3100 1887,3101 1913,3103 1940,3103"/>
                <TextEquiv>
                    <Unicode>#elich,</Unicode>
                </TextEquiv>
            </TextLine>
            <TextLine id="r3l32" custom="readingOrder {index:31;}">
                <Coords points="1798,3130 1816,3133 1843,3153 1853,3146 1867,3153 1880,3143 1897,3150 1931,3145 1931,3125 1921,3128 1895,3112 1889,3110 1880,3117 1873,3111 1852,3116 1844,3108 1828,3104 1818,3093 1798,3097"/>
                <Baseline points="1805,3143 1834,3140 1864,3140 1893,3141 1923,3143"/>
                <TextEquiv>
                    <Unicode>18011.</Unicode>
                </TextEquiv>
            </TextLine>
            <TextLine id="r3l33" custom="readingOrder {index:32;}">
                <Coords points="1801,3201 1818,3205 1825,3200 1845,3207 1862,3199 1875,3207 1886,3201 1893,3206 1952,3202 1952,3160 1918,3167 1911,3160 1897,3158 1893,3163 1873,3150 1864,3153 1852,3147 1813,3163 1801,3161"/>
                <Baseline points="1808,3193 1835,3194 1862,3193 1889,3193 1916,3194 1944,3197"/>
                <TextEquiv>
                    <Unicode>ghton</Unicode>
                </TextEquiv>
            </TextLine>
            <TextLine id="r3l34" custom="readingOrder {index:33;}">
                <Coords points="1801,3242 1849,3236 1864,3241 1880,3237 1946,3239 1947,3209 1892,3203 1884,3210 1868,3199 1845,3208 1835,3200 1809,3217 1801,3217"/>
                <Baseline points="1808,3231 1834,3232 1860,3233 1886,3233 1912,3234 1938,3235"/>
                <TextEquiv>
                    <Unicode>Adam</Unicode>
                </TextEquiv>
            </TextLine>
            <TextLine id="r3l35" custom="readingOrder {index:34;}">
                <Coords points="1806,3273 1839,3278 1893,3275 1911,3283 1932,3278 1956,3281 1957,3245 1941,3238 1918,3243 1907,3238 1891,3247 1883,3237 1863,3241 1854,3236 1836,3249 1808,3243"/>
                <Baseline points="1814,3269 1840,3268 1867,3269 1894,3271 1921,3272 1948,3273"/>
                <TextEquiv>
                    <Unicode>Which</Unicode>
                </TextEquiv>
            </TextLine>
            <TextLine id="r3l36" custom="readingOrder {index:35;}">
                <Coords points="1836,3321 1845,3323 1854,3316 1864,3324 1869,3321 1879,3325 1900,3315 1913,3320 1927,3318 1931,3314 1939,3315 1941,3294 1921,3287 1918,3289 1905,3278 1893,3275 1875,3275 1872,3278 1865,3274 1841,3276"/>
                <Baseline points="1845,3302 1873,3306 1902,3308 1931,3312"/>
                <TextEquiv>
                    <Unicode>·The</Unicode>
                </TextEquiv>
            </TextLine>
            <TextLine id="r3l37" custom="readingOrder {index:36;}">
                <Coords points="1797,3342 1843,3357 1888,3349 1905,3360 1942,3359 1943,3318 1901,3315 1880,3325 1863,3324 1856,3317 1847,3321 1835,3312 1798,3318"/>
                <Baseline points="1805,3348 1831,3347 1857,3347 1883,3348 1909,3349 1935,3350"/>
                <TextEquiv>
                    <Unicode>ht of</Unicode>
                </TextEquiv>
            </TextLine>
            <TextLine id="r3l38" custom="readingOrder {index:37;}">
                <Coords points="1795,3405 1821,3404 1830,3396 1848,3394 1863,3401 1868,3396 1887,3398 1896,3406 1923,3406 1938,3395 1950,3397 1951,3368 1937,3368 1921,3357 1900,3361 1875,3352 1852,3359 1840,3354 1797,3356"/>
                <Baseline points="1803,3389 1830,3387 1858,3387 1886,3388 1914,3390 1942,3390"/>
                <TextEquiv>
                    <Unicode>rship,</Unicode>
                </TextEquiv>
            </TextLine>
            <TextLine id="r3l39" custom="readingOrder {index:38;}">
                <Coords points="1795,3427 1803,3427 1817,3441 1828,3434 1871,3437 1879,3431 1918,3444 1930,3436 1946,3441 1947,3393 1909,3406 1879,3397 1846,3401 1840,3396 1828,3405 1810,3400 1795,3408"/>
                <Baseline points="1803,3429 1830,3426 1857,3426 1884,3427 1911,3428 1939,3429"/>
                <TextEquiv>
                    <Unicode>tary</Unicode>
                </TextEquiv>
            </TextLine>
            <TextLine id="r3l40" custom="readingOrder {index:39;}">
                <Coords points="1840,3522 1866,3527 1891,3510 1902,3510 1918,3522 1927,3516 1945,3515 1945,3470 1936,3470 1927,3477 1917,3473 1902,3483 1875,3476 1857,3489 1840,3492"/>
                <Baseline points="1848,3505 1878,3506 1908,3506 1938,3505"/>
                <TextEquiv>
                    <Unicode>and</Unicode>
                </TextEquiv>
            </TextLine>
            <TextLine id="r3l41" custom="readingOrder {index:40;}">
                <Coords points="1842,3561 1865,3560 1879,3549 1894,3553 1915,3549 1936,3555 1935,3517 1913,3521 1893,3510 1890,3513 1885,3511 1866,3526 1841,3522"/>
                <Baseline points="1849,3545 1875,3543 1902,3541 1929,3543"/>
                <TextEquiv>
                    <Unicode>the</Unicode>
                </TextEquiv>
            </TextLine>
            <TextLine id="r3l42" custom="readingOrder {index:41;}">
                <Coords points="1791,3596 1867,3587 1891,3587 1906,3597 1918,3591 1936,3593 1937,3546 1922,3552 1911,3549 1898,3561 1872,3554 1853,3561 1831,3549 1818,3558 1792,3545"/>
                <Baseline points="1799,3587 1824,3583 1850,3582 1876,3583 1902,3585 1928,3588"/>
                <TextEquiv>
                    <Unicode>theu,?</Unicode>
                </TextEquiv>
            </TextLine>
            <TextLine id="r3l43" custom="readingOrder {index:42;}">
                <Coords points="1823,3636 1833,3638 1843,3633 1851,3638 1879,3627 1898,3630 1905,3637 1927,3633 1946,3636 1951,3587 1939,3586 1927,3596 1908,3597 1895,3588 1827,3588"/>
                <Baseline points="1833,3610 1859,3617 1886,3619 1912,3619 1939,3623"/>
                <TextEquiv>
                    <Unicode>* The</Unicode>
                </TextEquiv>
            </TextLine>
            <TextLine id="r3l44" custom="readingOrder {index:43;}">
                <Coords points="1785,3673 1794,3675 1806,3667 1826,3671 1838,3665 1851,3671 1884,3665 1899,3668 1915,3654 1935,3654 1935,3636 1911,3639 1899,3630 1873,3627 1861,3638 1845,3634 1822,3640 1813,3637 1801,3649 1785,3648"/>
                <Baseline points="1793,3665 1820,3662 1847,3661 1874,3661 1901,3662 1928,3662"/>
                <TextEquiv>
                    <Unicode>nself</Unicode>
                </TextEquiv>
            </TextLine>
            <TextLine id="r3l45" custom="readingOrder {index:44;}">
                <Coords points="1784,3705 1805,3707 1809,3712 1839,3706 1859,3712 1878,3705 1899,3713 1931,3703 1930,3671 1917,3672 1911,3666 1851,3671 1837,3665 1815,3671 1806,3667 1798,3675 1784,3673"/>
                <Baseline points="1791,3705 1817,3702 1843,3701 1870,3701 1896,3702 1923,3703"/>
                <TextEquiv>
                    <Unicode>spels,?</Unicode>
                </TextEquiv>
            </TextLine>
            <TextLine id="r3l46" custom="readingOrder {index:45;}">
                <Coords points="1790,3729 1801,3730 1828,3750 1843,3742 1894,3756 1904,3749 1913,3752 1933,3741 1942,3742 1942,3707 1927,3704 1898,3713 1880,3708 1873,3716 1852,3707 1831,3711 1815,3706 1806,3712 1791,3708"/>
                <Baseline points="1798,3740 1825,3738 1852,3738 1879,3738 1906,3739 1934,3740"/>
                <TextEquiv>
                    <Unicode>Testa¬</Unicode>
                </TextEquiv>
            </TextLine>
            <TextLine id="r3l47" custom="readingOrder {index:46;}">
                <Coords points="1790,3780 1814,3779 1818,3784 1832,3780 1842,3788 1862,3782 1887,3794 1907,3784 1934,3799 1948,3794 1950,3767 1943,3767 1931,3754 1915,3751 1897,3756 1864,3754 1857,3746 1839,3743 1830,3750 1815,3743 1809,3749 1792,3749"/>
                <Baseline points="1798,3775 1826,3776 1855,3777 1883,3778 1912,3781 1941,3786"/>
                <TextEquiv>
                    <Unicode>ollege,</Unicode>
                </TextEquiv>
            </TextLine>
            <TextLine id="r3l48" custom="readingOrder {index:47;}">
                <Coords points="1787,3817 1799,3816 1821,3829 1835,3823 1862,3824 1868,3818 1873,3825 1902,3821 1912,3829 1944,3833 1945,3794 1930,3797 1915,3792 1900,3799 1859,3781 1843,3794 1788,3793"/>
                <Baseline points="1794,3813 1822,3816 1850,3818 1879,3819 1907,3819 1936,3818"/>
                <TextEquiv>
                    <Unicode>on, a</Unicode>
                </TextEquiv>
            </TextLine>
            <TextLine id="r3l49" custom="readingOrder {index:48;}">
                <Coords points="1774,3856 1798,3854 1809,3863 1834,3860 1840,3867 1864,3870 1879,3866 1889,3871 1904,3863 1937,3872 1951,3866 1952,3830 1928,3833 1898,3821 1866,3821 1835,3823 1824,3833 1798,3815 1789,3822 1775,3820"/>
                <Baseline points="1782,3853 1809,3853 1836,3853 1863,3853 1890,3854 1917,3855 1944,3857"/>
                <TextEquiv>
                    <Unicode>ie Rev.</Unicode>
                </TextEquiv>
            </TextLine>
            <TextLine id="r3l50" custom="readingOrder {index:49;}">
                <Coords points="1779,3890 1793,3890 1827,3910 1845,3900 1866,3900 1876,3908 1891,3899 1920,3901 1933,3893 1947,3894 1946,3870 1935,3872 1919,3864 1899,3871 1882,3863 1868,3872 1848,3872 1816,3859 1808,3863 1798,3854 1780,3855"/>
                <Baseline points="1786,3891 1811,3891 1837,3891 1862,3891 1888,3892 1913,3893 1939,3894"/>
                <TextEquiv>
                    <Unicode>d next</Unicode>
                </TextEquiv>
            </TextLine>
            <TextLine id="r3l51" custom="readingOrder {index:50;}">
                <Coords points="1812,3938 1831,3933 1852,3942 1858,3937 1875,3940 1884,3936 1899,3942 1921,3938 1947,3942 1946,3894 1932,3893 1925,3901 1904,3898 1897,3905 1883,3909 1870,3905 1865,3910 1846,3898 1822,3912 1811,3911"/>
                <Baseline points="1820,3934 1849,3932 1879,3931 1909,3931 1939,3931"/>
                <TextEquiv>
                    <Unicode>Lord</Unicode>
                </TextEquiv>
            </TextLine>
            <TextLine id="r3l52" custom="readingOrder {index:51;}">
                <Coords points="1778,3982 1826,3977 1841,3987 1856,3977 1866,3983 1895,3978 1917,3987 1937,3973 1949,3977 1949,3943 1916,3938 1880,3942 1868,3935 1849,3946 1828,3933 1795,3946 1778,3938"/>
                <Baseline points="1785,3970 1811,3970 1837,3970 1863,3970 1889,3971 1915,3972 1941,3972"/>
                <TextEquiv>
                    <Unicode>eligions</Unicode>
                </TextEquiv>
            </TextLine>
            <TextLine id="r3l53" custom="readingOrder {index:52;}">
                <Coords points="1770,4016 1816,4023 1830,4019 1870,4042 1890,4037 1905,4042 1917,4034 1940,4032 1942,3985 1903,3987 1881,3979 1851,3979 1837,3988 1826,3977 1813,3982 1808,3976 1797,3983 1771,3982"/>
                <Baseline points="1777,4012 1803,4010 1829,4011 1855,4013 1881,4015 1907,4017 1933,4016"/>
                <TextEquiv>
                    <Unicode>indsay,</Unicode>
                </TextEquiv>
            </TextLine>
            <TextEquiv>
                <Unicode>ir.

of
Ml-
er,
he
3is
Nr.
for
73;
bir
the
vall
the
rue
the
S
zed
out
hat
reat
has
hong
ligh¬
yden
nt of
fthe
ation
etual
th M.
#elich,
18011.
ghton
Adam
Which
·The
ht of
rship,
tary
and
the
theu,?
* The
nself
spels,?
Testa¬
ollege,
on, a
ie Rev.
d next
Lord
eligions
indsay,</Unicode>
            </TextEquiv>
        </TextRegion>
        <TextRegion orientation="0.0" id="r4" custom="readingOrder {index:3;}">
            <Coords points="1861,103 1861,680 1962,680 1962,103"/>
            <TextLine id="r4l1" custom="readingOrder {index:0;}">
                <Coords points="1875,135 1884,135 1894,142 1900,142 1905,139 1909,141 1915,135 1930,135 1935,130 1941,135 1953,127 1960,127 1960,93 1953,93 1947,99 1933,93 1923,96 1912,93 1875,96"/>
                <Baseline points="1882,123 1917,123 1952,123"/>
                <TextEquiv>
                    <Unicode>15.</Unicode>
                </TextEquiv>
            </TextLine>
            <TextLine id="r4l2" custom="readingOrder {index:1;}">
                <Coords points="1853,167 1870,164 1895,173 1921,168 1927,174 1942,173 1951,181 1964,180 1965,124 1955,125 1940,136 1934,131 1901,142 1869,128 1854,131"/>
                <Baseline points="1861,164 1893,163 1925,164 1957,166"/>
                <TextEquiv>
                    <Unicode>1-917</Unicode>
                </TextEquiv>
            </TextLine>
            <TextLine id="r4l3" custom="readingOrder {index:2;}">
                <Coords points="1857,210 1883,207 1891,215 1900,217 1908,208 1929,213 1938,205 1965,204 1964,179 1948,181 1938,174 1931,179 1920,169 1899,172 1893,167 1880,175 1874,173 1867,180 1856,177"/>
                <Baseline points="1865,203 1895,202 1926,199 1957,201"/>
                <TextEquiv>
                    <Unicode>cha¬</Unicode>
                </TextEquiv>
            </TextLine>
            <TextLine id="r4l4" custom="readingOrder {index:3;}">
                <Coords points="1935,293 1942,294 1944,298 1948,297 1949,299 1960,301 1970,246 1963,245 1961,241 1959,243 1957,242 1954,237 1945,235"/>
                <Baseline points="1944,280 1956,282"/>
                <TextEquiv>
                    <Unicode>1</Unicode>
                </TextEquiv>
            </TextLine>
            <TextLine id="r4l5" custom="readingOrder {index:4;}">
                <Coords points="1856,323 1873,328 1897,328 1906,336 1921,325 1955,329 1954,296 1944,296 1923,288 1902,294 1891,284 1882,286 1876,282 1855,285"/>
                <Baseline points="1864,324 1892,323 1920,322 1948,322"/>
                <TextEquiv>
                    <Unicode>ents</Unicode>
                </TextEquiv>
            </TextLine>
            <TextLine id="r4l6" custom="readingOrder {index:5;}">
                <Coords points="1861,392 1871,392 1876,397 1882,395 1903,410 1929,401 1946,404 1951,399 1961,402 1963,373 1954,374 1944,364 1924,371 1920,367 1909,370 1898,363 1871,377 1862,377"/>
                <Baseline points="1868,393 1896,395 1925,397 1954,399"/>
                <TextEquiv>
                    <Unicode>Ho11</Unicode>
                </TextEquiv>
            </TextLine>
            <TextLine id="r4l7" custom="readingOrder {index:6;}">
                <Coords points="1859,441 1873,441 1878,446 1888,439 1895,443 1901,440 1908,446 1921,442 1931,451 1966,455 1969,421 1956,414 1949,418 1928,410 1922,414 1910,413 1896,402 1863,395"/>
                <Baseline points="1868,433 1898,435 1929,438 1960,441"/>
                <TextEquiv>
                    <Unicode>ing</Unicode>
                </TextEquiv>
            </TextLine>
            <TextLine id="r4l8" custom="readingOrder {index:7;}">
                <Coords points="1861,478 1871,477 1881,484 1891,482 1896,486 1906,478 1921,479 1941,487 1967,477 1968,453 1951,456 1938,449 1929,451 1920,441 1910,447 1893,439 1880,446 1862,441"/>
                <Baseline points="1868,473 1898,471 1929,473 1960,475"/>
                <TextEquiv>
                    <Unicode>t 18</Unicode>
                </TextEquiv>
            </TextLine>
            <TextLine id="r4l9" custom="readingOrder {index:8;}">
                <Coords points="1857,512 1879,509 1894,522 1908,516 1934,528 1955,514 1965,514 1969,480 1941,486 1926,482 1918,486 1907,477 1897,485 1861,477"/>
                <Baseline points="1866,507 1896,509 1927,512 1958,515"/>
                <TextEquiv>
                    <Unicode>Frul.</Unicode>
                </TextEquiv>
            </TextLine>
            <TextLine id="r4l10" custom="readingOrder {index:9;}">
                <Coords points="1859,548 1873,545 1899,560 1909,561 1917,555 1930,565 1950,559 1969,562 1971,523 1962,523 1952,515 1933,529 1926,522 1916,522 1906,512 1885,527 1860,527"/>
                <Baseline points="1866,551 1898,553 1930,555 1962,555"/>
                <TextEquiv>
                    <Unicode>the</Unicode>
                </TextEquiv>
            </TextLine>
            <TextLine id="r4l11" custom="readingOrder {index:10;}">
                <Coords points="1863,683 1878,680 1885,686 1896,687 1900,683 1915,683 1921,678 1932,685 1939,677 1950,683 1963,682 1963,649 1954,647 1950,650 1941,644 1935,647 1915,637 1900,642 1882,639 1878,635 1863,635"/>
                <Baseline points="1870,669 1898,667 1926,669 1955,668"/>
                <TextEquiv>
                    <Unicode>SOr</Unicode>
                </TextEquiv>
            </TextLine>
            <TextEquiv>
                <Unicode>15.
1-917
cha¬
1
ents
Ho11
ing
t 18
Frul.
the
SOr</Unicode>
            </TextEquiv>
        </TextRegion>
        <TextRegion orientation="0.0" id="r5" custom="readingOrder {index:4;}">
            <Coords points="1933,84 1933,4075 2877,4075 2877,84"/>
            <TextLine id="r5l1" custom="readingOrder {index:0;}">
                <Coords points="2454,115 2483,111 2502,125 2547,115 2560,128 2595,113 2822,129 2823,67 2757,82 2455,78"/>
                <Baseline points="2462,104 2487,106 2512,108 2537,109 2562,110 2588,110 2613,110 2638,111 2663,111 2688,111 2714,111 2739,112 2764,113 2789,113 2815,115"/>
                <TextEquiv>
                    <Unicode>  een</Unicode>
                </TextEquiv>
            </TextLine>
            <TextLine id="r5l2" custom="readingOrder {index:1;}">
                <Coords points="1990,148 2713,172 2876,165 2877,119 1990,119"/>
                <Baseline points="1998,143 2041,143 2085,143 2128,144 2172,144 2215,145 2259,146 2302,147 2346,147 2389,148 2433,149 2477,150 2520,151 2564,152 2607,152 2651,153 2694,153 2738,153 2781,153 2825,152 2869,152"/>
                <TextEquiv>
                    <Unicode>appeat lo her. Her manner is hand and busi¬</Unicode>
                </TextEquiv>
            </TextLine>
            <TextLine id="r5l3" custom="readingOrder {index:2;}">
                <Coords points="1994,179 2006,178 2027,193 2061,183 2096,184 2113,195 2140,189 2154,197 2167,186 2184,193 2184,154 2101,145 2080,157 2033,157 2015,148 1994,154"/>
                <Baseline points="2001,183 2026,181 2051,180 2076,180 2101,181 2126,182 2151,183 2176,184"/>
                <TextEquiv>
                    <Unicode>nesslike.</Unicode>
                </TextEquiv>
            </TextLine>
            <TextLine id="r5l4" custom="readingOrder {index:3;}">
                <Coords points="2214,181 2871,200 2871,169 2827,162 2214,154"/>
                <Baseline points="2221,184 2253,185 2285,186 2317,187 2349,187 2381,188 2413,188 2446,189 2478,189 2510,190 2542,190 2574,190 2606,191 2638,191 2671,192 2703,192 2735,193 2767,193 2799,194 2831,195 2864,195"/>
                <TextEquiv>
                    <Unicode>Still. she accepts a desperntel</Unicode>
                </TextEquiv>
            </TextLine>
            <TextLine id="r5l5" custom="readingOrder {index:4;}">
                <Coords points="1996,224 2878,239 2878,199 1996,189"/>
                <Baseline points="2004,220 2047,221 2090,221 2133,222 2177,223 2220,223 2263,224 2307,225 2350,225 2393,226 2437,227 2480,228 2523,228 2566,229 2610,230 2653,231 2696,231 2740,232 2783,232 2826,233 2870,233"/>
                <TextEquiv>
                    <Unicode>proffered invitation to dinner and lenves on</Unicode>
                </TextEquiv>
            </TextLine>
            <TextLine id="r5l6" custom="readingOrder {index:5;}">
                <Coords points="1990,263 2878,278 2878,239 2808,233 1990,223"/>
                <Baseline points="1998,256 2041,258 2085,260 2128,261 2172,263 2216,264 2259,265 2303,265 2347,266 2390,266 2434,267 2478,267 2521,268 2565,268 2609,268 2652,268 2696,269 2740,269 2783,269 2827,270 2871,270"/>
                <TextEquiv>
                    <Unicode>the table, as“ paginent for the entertain¬</Unicode>
                </TextEquiv>
            </TextLine>
            <TextLine id="r5l7" custom="readingOrder {index:6;}">
                <Coords points="1998,299 2810,323 2871,306 2872,279 1999,271"/>
                <Baseline points="2006,297 2048,297 2091,298 2134,299 2177,300 2220,301 2263,302 2306,303 2349,303 2392,304 2435,305 2477,306 2520,306 2563,307 2606,307 2649,308 2692,308 2735,308 2778,308 2821,307 2864,307"/>
                <TextEquiv>
                    <Unicode>mnent.a stimn just enongh to save the other</Unicode>
                </TextEquiv>
            </TextLine>
            <TextLine id="r5l8" custom="readingOrder {index:7;}">
                <Coords points="1992,342 2767,366 2875,344 2876,308 1992,306"/>
                <Baseline points="2000,333 2043,334 2086,335 2130,335 2173,336 2217,338 2260,339 2303,340 2347,341 2390,342 2434,343 2477,344 2520,345 2564,346 2607,346 2651,347 2694,347 2737,347 2781,347 2824,347 2868,346"/>
                <TextEquiv>
                    <Unicode>ollicer. The woung lientenant shoots himself</Unicode>
                </TextEquiv>
            </TextLine>
            <TextLine id="r5l9" custom="readingOrder {index:8;}">
                <Coords points="1993,376 2878,397 2878,359 2845,352 1993,343"/>
                <Baseline points="2000,373 2043,374 2087,375 2130,376 2174,376 2217,377 2261,378 2304,379 2348,380 2391,381 2435,382 2478,383 2522,384 2565,385 2609,385 2652,386 2696,386 2739,387 2783,387 2826,387 2870,387"/>
                <TextEquiv>
                    <Unicode>lud is soune dend by bis unele, whio had</Unicode>
                </TextEquiv>
            </TextLine>
            <TextLine id="r5l10" custom="readingOrder {index:9;}">
                <Coords points="1996,425 2879,419 2837,392 1997,377"/>
                <Baseline points="2004,413 2047,413 2090,413 2134,414 2177,415 2220,415 2264,416 2307,417 2350,418 2394,418 2437,419 2480,420 2524,421 2567,422 2610,423 2654,423 2697,424 2740,425 2784,426 2827,426 2871,427"/>
                <TextEquiv>
                    <Unicode>Droughit tie necessarge stun from mis wise. Tle</Unicode>
                </TextEquiv>
            </TextLine>
            <TextLine id="r5l11" custom="readingOrder {index:10;}">
                <Coords points="1997,455 2877,474 2877,442 2807,426 1997,425"/>
                <Baseline points="2004,451 2047,451 2090,451 2133,451 2177,452 2220,453 2263,453 2307,455 2350,455 2393,456 2437,457 2480,458 2523,459 2566,460 2610,461 2653,461 2696,462 2740,462 2783,462 2826,462 2870,461"/>
                <TextEquiv>
                    <Unicode>storg is inclodrama, inferior in depth and in¬</Unicode>
                </TextEquiv>
            </TextLine>
            <TextLine id="r5l12" custom="readingOrder {index:11;}">
                <Coords points="1990,486 2837,514 2876,506 2877,473 1991,453"/>
                <Baseline points="1997,488 2040,488 2084,489 2127,489 2171,490 2215,491 2258,492 2302,493 2345,494 2389,495 2433,497 2476,498 2520,499 2563,500 2607,501 2651,501 2694,502 2738,502 2781,502 2825,502 2869,501"/>
                <TextEquiv>
                    <Unicode>telligenee to both the stories alrendy men¬</Unicode>
                </TextEquiv>
            </TextLine>
            <TextLine id="r5l13" custom="readingOrder {index:12;}">
                <Coords points="1988,536 2628,538 2708,565 2878,537 2878,504 1989,499"/>
                <Baseline points="1996,531 2039,531 2083,531 2127,531 2171,532 2214,532 2258,533 2302,533 2346,534 2389,535 2433,536 2477,537 2521,537 2564,538 2608,539 2652,540 2696,540 2739,541 2783,541 2827,542 2871,542"/>
                <TextEquiv>
                    <Unicode>tioned, but planned and built up with achmir¬</Unicode>
                </TextEquiv>
            </TextLine>
            <TextLine id="r5l14" custom="readingOrder {index:13;}">
                <Coords points="1992,569 2006,568 2019,580 2033,572 2116,588 2139,580 2164,588 2187,572 2200,577 2220,570 2221,546 2185,547 2173,534 2132,542 2116,535 2090,544 2072,543 2062,532 2050,539 1993,535"/>
                <Baseline points="2000,565 2026,566 2053,566 2079,566 2106,567 2132,568 2159,568 2185,569 2212,571"/>
                <TextEquiv>
                    <Unicode>able skill.</Unicode>
                </TextEquiv>
            </TextLine>
            <TextLine id="r5l15" custom="readingOrder {index:14;}">
                <Coords points="2018,622 2884,634 2731,573 2667,601 2552,581 2413,604 2340,574 2019,578"/>
                <Baseline points="2026,617 2068,619 2111,622 2153,623 2196,625 2238,627 2281,628 2323,629 2366,629 2408,630 2451,630 2493,631 2536,631 2578,632 2621,632 2663,633 2706,634 2748,635 2791,636 2833,637 2876,639"/>
                <TextEquiv>
                    <Unicode>Heinrich Mann’s novel is also melodramatie.</Unicode>
                </TextEquiv>
            </TextLine>
            <TextLine id="r5l16" custom="readingOrder {index:15;}">
                <Coords points="1982,669 2857,694 2873,640 1982,634"/>
                <Baseline points="1989,661 2032,661 2076,662 2120,662 2164,662 2208,663 2251,664 2295,665 2339,666 2383,667 2427,668 2470,669 2514,670 2558,671 2602,672 2646,673 2689,674 2733,675 2777,675 2821,676 2865,676"/>
                <TextEquiv>
                    <Unicode>not only in matter but in stvle; it is far from</Unicode>
                </TextEquiv>
            </TextLine>
            <TextLine id="r5l17" custom="readingOrder {index:16;}">
                <Coords points="1978,695 2661,729 2847,719 2876,688 1979,670"/>
                <Baseline points="1986,703 2030,703 2074,703 2118,703 2162,704 2206,705 2250,706 2294,706 2338,708 2382,709 2426,710 2470,711 2514,712 2558,712 2602,713 2646,713 2690,714 2734,714 2778,713 2822,713 2867,712"/>
                <TextEquiv>
                    <Unicode>giving the illusion of complete reality. Felicie</Unicode>
                </TextEquiv>
            </TextLine>
            <TextLine id="r5l18" custom="readingOrder {index:17;}">
                <Coords points="1981,743 2878,751 2878,721 2817,715 1981,716"/>
                <Baseline points="1988,739 2032,740 2076,741 2120,742 2164,744 2208,745 2252,746 2296,747 2340,749 2384,750 2429,751 2473,752 2517,753 2561,753 2605,754 2649,754 2693,754 2737,754 2781,753 2825,752 2870,751"/>
                <TextEquiv>
                    <Unicode>is the“ Mutter Marie'' ofthe title. As a poor</Unicode>
                </TextEquiv>
            </TextLine>
            <TextLine id="r5l19" custom="readingOrder {index:18;}">
                <Coords points="1978,787 2848,799 2884,792 2885,761 1979,741"/>
                <Baseline points="1986,778 2030,779 2075,779 2119,780 2164,781 2208,781 2253,782 2297,783 2342,784 2386,785 2431,785 2476,786 2520,787 2565,788 2609,788 2654,789 2698,789 2743,790 2787,790 2832,791 2877,791"/>
                <TextEquiv>
                    <Unicode>servant-girl she has an illegitimate Giid,</Unicode>
                </TextEquiv>
            </TextLine>
            <TextLine id="r5l20" custom="readingOrder {index:19;}">
                <Coords points="1990,812 2830,841 2879,826 2880,797 1990,794"/>
                <Baseline points="1997,818 2040,818 2084,818 2128,818 2171,818 2215,819 2259,819 2302,820 2346,821 2390,821 2434,822 2477,823 2521,823 2565,824 2608,825 2652,826 2696,826 2739,827 2783,827 2827,828 2871,828"/>
                <TextEquiv>
                    <Unicode>whiomt she tnkes to tlie river-bank hut has not</Unicode>
                </TextEquiv>
            </TextLine>
            <TextLine id="r5l21" custom="readingOrder {index:20;}">
                <Coords points="1988,861 2822,873 2879,856 2880,829 1989,819"/>
                <Baseline points="1995,853 2038,853 2082,853 2126,854 2170,854 2214,855 2257,856 2301,857 2345,858 2389,859 2433,860 2476,861 2520,862 2564,863 2608,864 2652,865 2695,865 2739,866 2783,866 2827,866 2871,866"/>
                <TextEquiv>
                    <Unicode>che heart to drewn. Thie baby is taken into</Unicode>
                </TextEquiv>
            </TextLine>
            <TextLine id="r5l22" custom="readingOrder {index:21;}">
                <Coords points="1978,894 2743,918 2852,911 2870,881 2383,852 1979,872"/>
                <Baseline points="1986,891 2029,892 2073,892 2117,893 2161,894 2204,894 2248,895 2292,896 2336,897 2379,898 2423,899 2467,900 2511,901 2554,902 2598,903 2642,903 2686,904 2729,905 2773,905 2817,906 2861,906"/>
                <TextEquiv>
                    <Unicode>the honse of the childless General von Lambart</Unicode>
                </TextEquiv>
            </TextLine>
            <TextLine id="r5l23" custom="readingOrder {index:22;}">
                <Coords points="1984,942 2383,937 2488,964 2520,939 2787,960 2874,935 2782,906 1985,898"/>
                <Baseline points="1992,931 2035,931 2079,931 2123,932 2167,933 2210,933 2254,934 2298,935 2342,936 2385,937 2429,938 2473,939 2517,940 2560,941 2604,941 2648,942 2692,943 2735,943 2779,944 2823,944 2867,944"/>
                <TextEquiv>
                    <Unicode>and his wife, and brought up as their own. The</Unicode>
                </TextEquiv>
            </TextLine>
            <TextLine id="r5l24" custom="readingOrder {index:23;}">
                <Coords points="1974,989 2809,1003 2872,994 2873,960 1975,938"/>
                <Baseline points="1982,969 2026,970 2070,970 2114,971 2158,972 2202,973 2246,974 2291,975 2335,976 2379,977 2423,978 2467,979 2511,980 2555,980 2600,981 2644,982 2688,983 2732,984 2776,985 2820,985 2865,986"/>
                <TextEquiv>
                    <Unicode>mother. in thie meantume, marries a rich old</Unicode>
                </TextEquiv>
            </TextLine>
            <TextLine id="r5l25" custom="readingOrder {index:24;}">
                <Coords points="1977,1012 2734,1037 2876,1015 2777,985 1978,976"/>
                <Baseline points="1984,1007 2028,1008 2072,1009 2116,1010 2160,1011 2205,1012 2249,1013 2293,1014 2337,1015 2381,1016 2426,1017 2470,1018 2514,1019 2558,1020 2602,1021 2647,1021 2691,1022 2735,1023 2779,1024 2823,1024 2868,1025"/>
                <TextEquiv>
                    <Unicode>man, inherits his wealth, and then feels a</Unicode>
                </TextEquiv>
            </TextLine>
            <TextLine id="r5l26" custom="readingOrder {index:25;}">
                <Coords points="1978,1057 2857,1067 2857,1032 2805,1024 1978,1016"/>
                <Baseline points="1986,1046 2029,1047 2072,1048 2115,1049 2158,1050 2201,1051 2244,1052 2288,1053 2331,1054 2374,1055 2417,1056 2460,1057 2503,1058 2546,1058 2590,1059 2633,1059 2676,1059 2719,1059 2762,1059 2805,1059 2849,1058"/>
                <TextEquiv>
                    <Unicode>longing for her child. At length she t#ace¬</Unicode>
                </TextEquiv>
            </TextLine>
            <TextLine id="r5l27" custom="readingOrder {index:26;}">
                <Coords points="1976,1092 2874,1092 2874,1063 2723,1056 1976,1058"/>
                <Baseline points="1983,1088 2027,1088 2071,1088 2115,1089 2159,1089 2203,1090 2247,1090 2292,1091 2336,1092 2380,1092 2424,1093 2468,1094 2512,1094 2556,1095 2601,1095 2645,1095 2689,1095 2733,1095 2777,1095 2821,1094 2866,1093"/>
                <TextEquiv>
                    <Unicode>Run and finds him abont to marry a poverty¬</Unicode>
                </TextEquiv>
            </TextLine>
            <TextLine id="r5l28" custom="readingOrder {index:27;}">
                <Coords points="1989,1124 2824,1149 2869,1139 2870,1094 1989,1096"/>
                <Baseline points="1996,1127 2039,1127 2082,1127 2125,1128 2169,1128 2212,1129 2255,1130 2299,1130 2342,1131 2385,1131 2429,1132 2472,1133 2515,1133 2558,1134 2602,1135 2645,1135 2688,1135 2732,1135 2775,1136 2818,1135 2862,1135"/>
                <TextEquiv>
                    <Unicode>stricken princess, it a shameless old profiteer,</Unicode>
                </TextEquiv>
            </TextLine>
            <TextLine id="r5l29" custom="readingOrder {index:28;}">
                <Coords points="1982,1173 2882,1173 2869,1131 2765,1152 1982,1135"/>
                <Baseline points="1990,1167 2034,1167 2078,1168 2122,1168 2166,1169 2211,1169 2255,1169 2299,1170 2343,1170 2387,1171 2432,1171 2476,1172 2520,1172 2564,1173 2608,1174 2653,1174 2697,1175 2741,1176 2785,1178 2829,1179 2874,1180"/>
                <TextEquiv>
                    <Unicode>in whose clutches the General has come can be</Unicode>
                </TextEquiv>
            </TextLine>
            <TextLine id="r5l30" custom="readingOrder {index:29;}">
                <Coords points="1974,1194 2874,1216 2862,1171 1974,1167"/>
                <Baseline points="1981,1204 2025,1204 2069,1204 2113,1205 2158,1205 2202,1205 2246,1206 2290,1206 2335,1207 2379,1208 2423,1208 2467,1209 2512,1209 2556,1210 2600,1210 2644,1211 2689,1211 2733,1211 2777,1211 2821,1211 2866,1211"/>
                <TextEquiv>
                    <Unicode>forred to keep his hands öff Her. THO TeS 01</Unicode>
                </TextEquiv>
            </TextLine>
            <TextLine id="r5l31" custom="readingOrder {index:30;}">
                <Coords points="1987,1254 2866,1246 2856,1213 1987,1200"/>
                <Baseline points="1994,1242 2037,1242 2080,1243 2123,1243 2167,1244 2210,1244 2253,1244 2296,1244 2340,1245 2383,1245 2426,1245 2469,1245 2513,1245 2556,1246 2599,1246 2642,1246 2686,1246 2729,1247 2772,1247 2815,1248 2859,1248"/>
                <TextEquiv>
                    <Unicode>chie storg is concerned with how Felicie con¬</Unicode>
                </TextEquiv>
            </TextLine>
            <TextLine id="r5l32" custom="readingOrder {index:31;}">
                <Coords points="1985,1283 2750,1303 2863,1289 2863,1246 1985,1255"/>
                <Baseline points="1992,1279 2035,1279 2078,1280 2121,1280 2164,1281 2208,1282 2251,1282 2294,1283 2337,1283 2380,1284 2424,1285 2467,1285 2510,1286 2553,1286 2596,1286 2640,1286 2683,1287 2726,1287 2769,1286 2812,1286 2856,1286"/>
                <TextEquiv>
                    <Unicode>quers her love for her son and her jealousy of</Unicode>
                </TextEquiv>
            </TextLine>
            <TextLine id="r5l33" custom="readingOrder {index:32;}">
                <Coords points="1979,1321 2825,1338 2861,1328 2861,1289 1979,1300"/>
                <Baseline points="1986,1318 2029,1318 2072,1319 2116,1320 2159,1320 2202,1321 2246,1321 2289,1322 2332,1322 2376,1323 2419,1323 2462,1323 2506,1324 2549,1324 2592,1325 2636,1325 2679,1325 2722,1326 2766,1327 2809,1327 2853,1328"/>
                <TextEquiv>
                    <Unicode>che princess, and cooperates in deceiving the</Unicode>
                </TextEquiv>
            </TextLine>
            <TextLine id="r5l34" custom="readingOrder {index:33;}">
                <Coords points="1978,1352 2856,1369 2856,1342 2696,1327 1978,1338"/>
                <Baseline points="1986,1357 2029,1358 2072,1358 2115,1359 2158,1359 2201,1360 2244,1360 2287,1361 2330,1362 2373,1362 2417,1363 2460,1363 2503,1364 2546,1364 2589,1365 2632,1365 2675,1365 2718,1366 2761,1366 2804,1366 2848,1365"/>
                <TextEquiv>
                    <Unicode>villamous profiteer, and in saving from finan¬</Unicode>
                </TextEquiv>
            </TextLine>
            <TextLine id="r5l35" custom="readingOrder {index:34;}">
                <Coords points="1976,1397 2862,1416 2862,1373 2798,1366 1976,1361"/>
                <Baseline points="1983,1396 2026,1396 2070,1397 2113,1398 2157,1399 2200,1399 2244,1400 2287,1401 2331,1401 2374,1402 2418,1402 2462,1402 2505,1403 2549,1403 2592,1403 2636,1403 2679,1403 2723,1403 2766,1403 2810,1403 2854,1402"/>
                <TextEquiv>
                    <Unicode>cial mmin the General who had stolen her child.</Unicode>
                </TextEquiv>
            </TextLine>
            <TextLine id="r5l36" custom="readingOrder {index:35;}">
                <Coords points="1977,1431 2865,1460 2865,1420 2759,1405 1977,1404"/>
                <Baseline points="1984,1434 2027,1435 2071,1437 2115,1438 2158,1439 2202,1439 2246,1440 2289,1440 2333,1441 2377,1441 2421,1441 2464,1442 2508,1442 2552,1442 2595,1442 2639,1442 2683,1443 2726,1443 2770,1443 2814,1444 2858,1445"/>
                <TextEquiv>
                    <Unicode>Tlis is a frank piece of melodrama, even down</Unicode>
                </TextEquiv>
            </TextLine>
            <TextLine id="r5l37" custom="readingOrder {index:36;}">
                <Coords points="1974,1488 2859,1487 2859,1456 2738,1441 1974,1441"/>
                <Baseline points="1982,1473 2025,1474 2068,1475 2112,1476 2155,1477 2199,1477 2242,1477 2286,1478 2329,1478 2373,1478 2416,1478 2459,1478 2503,1478 2546,1478 2590,1479 2633,1479 2677,1479 2720,1480 2764,1481 2807,1482 2851,1483"/>
                <TextEquiv>
                    <Unicode>to the long but, we fear, incredible scene in the</Unicode>
                </TextEquiv>
            </TextLine>
            <TextLine id="r5l38" custom="readingOrder {index:37;}">
                <Coords points="1972,1505 2866,1531 2862,1483 1972,1483"/>
                <Baseline points="1980,1513 2026,1513 2072,1513 2118,1513 2165,1513 2211,1513 2257,1513 2303,1514 2350,1514 2396,1515 2442,1515 2488,1516 2535,1516 2581,1517 2627,1517 2673,1518 2720,1519 2766,1519 2812,1520 2859,1520"/>
                <TextEquiv>
                    <Unicode>confessional, ihere Felicie makes the great</Unicode>
                </TextEquiv>
            </TextLine>
            <TextLine id="r5l39" custom="readingOrder {index:38;}">
                <Coords points="1970,1553 2865,1573 2866,1531 1970,1520"/>
                <Baseline points="1978,1550 2022,1550 2066,1551 2110,1551 2154,1552 2198,1552 2242,1552 2286,1553 2330,1553 2374,1554 2418,1554 2462,1555 2506,1555 2550,1555 2594,1556 2638,1557 2682,1557 2726,1557 2770,1558 2814,1558 2858,1559"/>
                <TextEquiv>
                    <Unicode>rennneiation. The novel is saved from com¬</Unicode>
                </TextEquiv>
            </TextLine>
            <TextLine id="r5l40" custom="readingOrder {index:39;}">
                <Coords points="1970,1598 2875,1606 2875,1573 2808,1563 1970,1566"/>
                <Baseline points="1977,1590 2021,1589 2066,1589 2110,1589 2155,1590 2199,1590 2244,1591 2288,1592 2333,1593 2377,1593 2422,1594 2466,1595 2511,1596 2555,1597 2600,1597 2644,1598 2689,1598 2733,1599 2778,1599 2822,1598 2867,1598"/>
                <TextEquiv>
                    <Unicode>plete banalitz be thie pieture it gives of the</Unicode>
                </TextEquiv>
            </TextLine>
            <TextLine id="r5l41" custom="readingOrder {index:40;}">
                <Coords points="1971,1633 2865,1637 2865,1610 2675,1597 1971,1612"/>
                <Baseline points="1979,1628 2022,1628 2066,1628 2110,1628 2154,1628 2198,1629 2242,1630 2286,1631 2330,1631 2374,1632 2418,1633 2461,1634 2505,1635 2549,1636 2593,1637 2637,1637 2681,1638 2725,1638 2769,1639 2813,1639 2857,1638"/>
                <TextEquiv>
                    <Unicode>General’s household and the charming young</Unicode>
                </TextEquiv>
            </TextLine>
            <TextLine id="r5l42" custom="readingOrder {index:41;}">
                <Coords points="1974,1684 2370,1665 2772,1696 2872,1666 2872,1634 1975,1645"/>
                <Baseline points="1982,1668 2026,1668 2070,1668 2114,1668 2158,1669 2202,1669 2246,1670 2290,1671 2334,1672 2378,1673 2423,1674 2467,1675 2511,1676 2555,1677 2599,1678 2643,1679 2687,1679 2731,1679 2775,1680 2819,1679 2864,1679"/>
                <TextEquiv>
                    <Unicode>princess, aristocracy reduced to beggary after</Unicode>
                </TextEquiv>
            </TextLine>
            <TextLine id="r5l43" custom="readingOrder {index:42;}">
                <Coords points="1976,1712 1988,1711 2007,1726 2019,1717 2034,1726 2058,1721 2073,1710 2079,1717 2090,1711 2098,1718 2125,1716 2163,1727 2173,1725 2174,1689 2147,1692 2128,1675 2063,1685 2051,1674 2038,1679 2018,1671 2009,1680 1976,1682"/>
                <Baseline points="1984,1705 2010,1704 2036,1704 2062,1704 2088,1705 2114,1705 2140,1706 2166,1707"/>
                <TextEquiv>
                    <Unicode>the war.</Unicode>
                </TextEquiv>
            </TextLine>
            <TextLine id="r5l44" custom="readingOrder {index:43;}">
                <Coords points="2013,1775 2857,1799 2858,1741 2770,1719 2714,1742 2669,1714 2396,1739 2236,1713 2187,1744 2013,1723"/>
                <Baseline points="2020,1765 2061,1767 2102,1769 2144,1770 2185,1772 2227,1772 2268,1774 2310,1774 2351,1775 2393,1775 2434,1776 2475,1776 2517,1776 2558,1777 2600,1777 2641,1777 2683,1777 2724,1777 2766,1777 2807,1778 2849,1778"/>
                <TextEquiv>
                    <Unicode>The chief value of Gabriele Reuter’s novel,</Unicode>
                </TextEquiv>
            </TextLine>
            <TextLine id="r5l45" custom="readingOrder {index:44;}">
                <Coords points="1974,1821 2862,1824 2862,1791 2809,1781 1975,1777"/>
                <Baseline points="1982,1806 2025,1807 2069,1808 2112,1808 2156,1809 2200,1810 2243,1811 2287,1813 2331,1813 2374,1814 2418,1815 2462,1816 2505,1817 2549,1817 2593,1818 2636,1818 2680,1819 2724,1819 2767,1819 2811,1819 2855,1818"/>
                <TextEquiv>
                    <Unicode>too, lies in the picture it gives of a certain</Unicode>
                </TextEquiv>
            </TextLine>
            <TextLine id="r5l46" custom="readingOrder {index:45;}">
                <Coords points="1978,1856 2856,1856 2844,1817 1979,1821"/>
                <Baseline points="1986,1847 2029,1847 2072,1848 2115,1849 2158,1850 2201,1851 2244,1852 2287,1853 2330,1854 2373,1855 2417,1856 2460,1857 2503,1858 2546,1859 2589,1859 2632,1859 2675,1859 2718,1859 2761,1859 2804,1859 2848,1858"/>
                <TextEquiv>
                    <Unicode>phase of German society during and after the</Unicode>
                </TextEquiv>
            </TextLine>
            <TextLine id="r5l47" custom="readingOrder {index:46;}">
                <Coords points="1978,1890 2856,1904 2856,1871 2810,1860 1979,1857"/>
                <Baseline points="1986,1882 2029,1885 2072,1887 2115,1889 2158,1890 2201,1892 2244,1893 2288,1894 2331,1895 2374,1896 2417,1896 2460,1897 2503,1897 2546,1898 2590,1898 2633,1898 2676,1897 2719,1897 2762,1897 2805,1896 2849,1896"/>
                <TextEquiv>
                    <Unicode>war. In 1895 this popular woman writer made</Unicode>
                </TextEquiv>
            </TextLine>
            <TextLine id="r5l48" custom="readingOrder {index:47;}">
                <Coords points="1978,1931 2809,1948 2855,1937 2856,1904 1979,1889"/>
                <Baseline points="1986,1924 2029,1925 2072,1926 2115,1927 2158,1928 2201,1929 2244,1931 2287,1932 2330,1933 2373,1934 2417,1935 2460,1936 2503,1937 2546,1938 2589,1938 2632,1938 2675,1938 2718,1938 2761,1938 2804,1937 2848,1936"/>
                <TextEquiv>
                    <Unicode>a“hit' with her novel, Aus guter Familie,“</Unicode>
                </TextEquiv>
            </TextLine>
            <TextLine id="r5l49" custom="readingOrder {index:48;}">
                <Coords points="1979,1975 2858,1978 2842,1936 1979,1930"/>
                <Baseline points="1986,1965 2029,1966 2072,1967 2115,1968 2159,1969 2202,1970 2245,1970 2288,1971 2332,1972 2375,1973 2418,1973 2461,1974 2505,1975 2548,1975 2591,1976 2634,1976 2678,1976 2721,1976 2764,1976 2807,1976 2851,1976"/>
                <TextEquiv>
                    <Unicode>a story of a woman’s emancipation, a kind of</Unicode>
                </TextEquiv>
            </TextLine>
            <TextLine id="r5l50" custom="readingOrder {index:49;}">
                <Coords points="1973,2018 2459,2002 2806,2031 2870,2017 2871,1984 1974,1977"/>
                <Baseline points="1981,2002 2025,2004 2069,2005 2113,2006 2157,2007 2201,2008 2245,2009 2289,2010 2333,2011 2377,2012 2422,2013 2466,2013 2510,2014 2554,2015 2598,2015 2642,2016 2686,2016 2730,2017 2774,2017 2818,2018 2863,2018"/>
                <TextEquiv>
                    <Unicode>German equivalent to" The Woman Wihro</Unicode>
                </TextEquiv>
            </TextLine>
            <TextLine id="r5l51" custom="readingOrder {index:50;}">
                <Coords points="1969,2045 2866,2070 2866,2029 2822,2020 1969,2018"/>
                <Baseline points="1977,2044 2021,2045 2065,2047 2109,2048 2153,2049 2197,2050 2241,2051 2285,2052 2329,2052 2373,2052 2418,2053 2462,2053 2506,2053 2550,2054 2594,2054 2638,2055 2682,2055 2726,2056 2770,2057 2814,2058 2859,2060"/>
                <TextEquiv>
                    <Unicode>Did.“ The heroine, Dorothee, of this new book</Unicode>
                </TextEquiv>
            </TextLine>
            <TextLine id="r5l52" custom="readingOrder {index:51;}">
                <Coords points="1979,2095 2867,2104 2867,2071 2761,2058 1979,2053"/>
                <Baseline points="1986,2083 2029,2084 2073,2085 2116,2086 2160,2088 2204,2089 2247,2089 2291,2090 2335,2091 2378,2091 2422,2092 2466,2092 2509,2093 2553,2093 2597,2093 2640,2094 2684,2094 2728,2095 2771,2095 2815,2096 2859,2097"/>
                <TextEquiv>
                    <Unicode>is of that generation. Slie goes away to Athens</Unicode>
                </TextEquiv>
            </TextLine>
            <TextLine id="r5l53" custom="readingOrder {index:52;}">
                <Coords points="1983,2129 2862,2140 2862,2110 2810,2101 1984,2087"/>
                <Baseline points="1991,2124 2034,2125 2077,2126 2120,2127 2163,2128 2207,2128 2250,2129 2293,2129 2336,2130 2379,2130 2423,2130 2466,2131 2509,2131 2552,2131 2595,2132 2639,2132 2682,2132 2725,2133 2768,2134 2811,2135 2855,2136"/>
                <TextEquiv>
                    <Unicode>with her lover, an archologist, has, unknown</Unicode>
                </TextEquiv>
            </TextLine>
            <TextLine id="r5l54" custom="readingOrder {index:53;}">
                <Coords points="1975,2168 2869,2179 2835,2138 1976,2128"/>
                <Baseline points="1982,2162 2028,2164 2074,2165 2120,2166 2167,2167 2213,2167 2259,2168 2305,2169 2352,2169 2398,2170 2444,2170 2490,2171 2537,2171 2583,2171 2629,2172 2675,2172 2722,2173 2768,2173 2814,2174 2861,2174"/>
                <TextEquiv>
                    <Unicode>to angone, a cluild before she marries, and</Unicode>
                </TextEquiv>
            </TextLine>
            <TextLine id="r5l55" custom="readingOrder {index:54;}">
                <Coords points="1974,2207 2865,2214 2841,2176 1974,2174"/>
                <Baseline points="1982,2203 2025,2204 2069,2204 2113,2205 2157,2206 2200,2206 2244,2207 2288,2207 2332,2208 2375,2208 2419,2209 2463,2209 2507,2210 2550,2210 2594,2210 2638,2211 2682,2211 2725,2211 2769,2211 2813,2211 2857,2210"/>
                <TextEquiv>
                    <Unicode>then returns to lead a respectable and more or</Unicode>
                </TextEquiv>
            </TextLine>
            <TextLine id="r5l56" custom="readingOrder {index:55;}">
                <Coords points="1975,2253 2833,2269 2865,2229 1975,2214"/>
                <Baseline points="1982,2243 2025,2243 2069,2244 2113,2244 2157,2245 2200,2245 2244,2246 2288,2246 2332,2246 2375,2247 2419,2248 2463,2248 2507,2249 2550,2249 2594,2250 2638,2250 2682,2251 2725,2252 2769,2252 2813,2253 2857,2254"/>
                <TextEquiv>
                    <Unicode>less happy married life. The central problem</Unicode>
                </TextEquiv>
            </TextLine>
            <TextLine id="r5l57" custom="readingOrder {index:56;}">
                <Coords points="1973,2293 2860,2294 2860,2269 2771,2256 1974,2253"/>
                <Baseline points="1981,2282 2024,2283 2068,2284 2111,2284 2155,2285 2198,2285 2242,2286 2285,2286 2329,2287 2372,2287 2416,2288 2460,2288 2503,2289 2547,2290 2590,2290 2634,2291 2677,2292 2721,2293 2764,2294 2808,2295 2852,2296"/>
                <TextEquiv>
                    <Unicode>is her attitude to the licence of the succeeding</Unicode>
                </TextEquiv>
            </TextLine>
            <TextLine id="r5l58" custom="readingOrder {index:57;}">
                <Coords points="1981,2339 2869,2330 2739,2292 1981,2289"/>
                <Baseline points="1988,2323 2031,2323 2075,2323 2119,2324 2162,2324 2206,2324 2250,2325 2293,2325 2337,2326 2381,2327 2425,2327 2468,2328 2512,2329 2556,2330 2599,2330 2643,2331 2687,2332 2730,2333 2774,2333 2818,2334 2862,2334"/>
                <TextEquiv>
                    <Unicode>generation, represented by her daughter Petra,</Unicode>
                </TextEquiv>
            </TextLine>
            <TextLine id="r5l59" custom="readingOrder {index:58;}">
                <Coords points="1974,2382 2341,2359 2864,2387 2864,2356 2758,2332 1975,2338"/>
                <Baseline points="1982,2361 2025,2362 2069,2363 2113,2364 2156,2365 2200,2365 2244,2366 2287,2367 2331,2367 2375,2368 2419,2368 2462,2369 2506,2369 2550,2370 2593,2370 2637,2370 2681,2371 2724,2372 2768,2372 2812,2373 2856,2374"/>
                <TextEquiv>
                    <Unicode>whlo, after a trial ef conventional marriage,</Unicode>
                </TextEquiv>
            </TextLine>
            <TextLine id="r5l60" custom="readingOrder {index:59;}">
                <Coords points="1980,2409 2813,2423 2880,2415 2881,2388 1981,2379"/>
                <Baseline points="1988,2401 2032,2402 2076,2403 2120,2404 2165,2404 2209,2405 2253,2406 2297,2406 2342,2407 2386,2408 2430,2409 2474,2409 2519,2410 2563,2411 2607,2411 2651,2412 2696,2412 2740,2412 2784,2412 2828,2412 2873,2412"/>
                <TextEquiv>
                    <Unicode>abandons herself to tme ieverish gaiety, con¬</Unicode>
                </TextEquiv>
            </TextLine>
            <TextLine id="r5l61" custom="readingOrder {index:60;}">
                <Coords points="1976,2445 2663,2466 2867,2443 2779,2412 1976,2421"/>
                <Baseline points="1983,2439 2026,2440 2070,2441 2114,2442 2158,2443 2202,2445 2245,2445 2289,2446 2333,2447 2377,2448 2421,2448 2464,2449 2508,2449 2552,2449 2596,2450 2640,2450 2683,2450 2727,2450 2771,2450 2815,2450 2859,2449"/>
                <TextEquiv>
                    <Unicode>scienceless pursuit of luxurg and unhesitating</Unicode>
                </TextEquiv>
            </TextLine>
            <TextLine id="r5l62" custom="readingOrder {index:61;}">
                <Coords points="1973,2481 2868,2511 2869,2461 1973,2447"/>
                <Baseline points="1980,2479 2024,2481 2068,2482 2112,2483 2156,2483 2200,2484 2244,2485 2288,2486 2332,2486 2376,2487 2420,2487 2464,2487 2508,2488 2552,2488 2596,2488 2640,2489 2684,2489 2728,2489 2772,2490 2816,2490 2861,2491"/>
                <TextEquiv>
                    <Unicode>surrender to the primitive instinets which, if</Unicode>
                </TextEquiv>
            </TextLine>
            <TextLine id="r5l63" custom="readingOrder {index:62;}">
                <Coords points="1979,2538 2861,2533 2861,2503 2795,2492 1979,2490"/>
                <Baseline points="1986,2521 2029,2521 2072,2522 2116,2523 2159,2524 2202,2524 2246,2525 2289,2526 2332,2527 2376,2528 2419,2528 2462,2529 2506,2529 2549,2529 2592,2529 2636,2529 2679,2529 2722,2529 2766,2528 2809,2527 2853,2526"/>
                <TextEquiv>
                    <Unicode>weare to believe the German fietion-writers—</Unicode>
                </TextEquiv>
            </TextLine>
            <TextLine id="r5l64" custom="readingOrder {index:63;}">
                <Coords points="1978,2566 2851,2569 2851,2539 2808,2526 1978,2534"/>
                <Baseline points="1985,2560 2027,2561 2070,2562 2113,2563 2156,2564 2199,2564 2242,2565 2285,2566 2328,2566 2371,2566 2414,2567 2456,2567 2499,2568 2542,2568 2585,2568 2628,2569 2671,2569 2714,2569 2757,2569 2800,2570 2843,2570"/>
                <TextEquiv>
                    <Unicode>and this particular novelist appears to write</Unicode>
                </TextEquiv>
            </TextLine>
            <TextLine id="r5l65" custom="readingOrder {index:64;}">
                <Coords points="1969,2607 2863,2611 2853,2569 1969,2574"/>
                <Baseline points="1976,2601 2022,2602 2068,2603 2114,2604 2161,2604 2207,2605 2253,2606 2299,2606 2346,2607 2392,2607 2438,2607 2484,2608 2531,2608 2577,2608 2623,2608 2669,2609 2716,2609 2762,2609 2808,2609 2855,2610"/>
                <TextEquiv>
                    <Unicode>froin genuine observation—accompanied and</Unicode>
                </TextEquiv>
            </TextLine>
            <TextLine id="r5l66" custom="readingOrder {index:65;}">
                <Coords points="1974,2658 2850,2648 2842,2613 1974,2612"/>
                <Baseline points="1981,2645 2024,2645 2067,2645 2110,2645 2153,2645 2196,2646 2239,2646 2282,2646 2325,2646 2368,2647 2411,2647 2454,2648 2497,2648 2540,2648 2583,2649 2626,2649 2669,2650 2712,2650 2755,2651 2798,2651 2842,2652"/>
                <TextEquiv>
                    <Unicode>followed the German collapse to a degree mm¬</Unicode>
                </TextEquiv>
            </TextLine>
            <TextLine id="r5l67" custom="readingOrder {index:66;}">
                <Coords points="1969,2692 2859,2697 2832,2653 1969,2660"/>
                <Baseline points="1977,2685 2020,2685 2064,2685 2108,2685 2151,2685 2195,2685 2239,2685 2282,2686 2326,2686 2370,2686 2414,2686 2457,2687 2501,2687 2545,2688 2588,2688 2632,2689 2676,2689 2719,2690 2763,2690 2807,2691 2851,2692"/>
                <TextEquiv>
                    <Unicode>knowen in other countries. Dorothee’s hands</Unicode>
                </TextEquiv>
            </TextLine>
            <TextLine id="r5l68" custom="readingOrder {index:67;}">
                <Coords points="1978,2733 2863,2744 2839,2693 1978,2689"/>
                <Baseline points="1985,2720 2028,2721 2072,2722 2115,2723 2159,2723 2202,2724 2246,2724 2289,2724 2333,2725 2376,2725 2420,2725 2463,2725 2507,2726 2550,2726 2594,2727 2637,2727 2681,2728 2724,2729 2768,2730 2811,2731 2855,2733"/>
                <TextEquiv>
                    <Unicode>are tied, not oulg by her ##n carly adventure,</Unicode>
                </TextEquiv>
            </TextLine>
            <TextLine id="r5l69" custom="readingOrder {index:68;}">
                <Coords points="1975,2773 2853,2785 2853,2746 2804,2730 2765,2754 2437,2723 1976,2734"/>
                <Baseline points="1983,2758 2026,2760 2069,2761 2112,2762 2155,2762 2198,2763 2241,2764 2284,2764 2327,2765 2370,2765 2414,2766 2457,2766 2500,2766 2543,2767 2586,2767 2629,2767 2672,2768 2715,2768 2758,2769 2801,2770 2845,2771"/>
                <TextEquiv>
                    <Unicode>but by a complete moral agnosticism. As</Unicode>
                </TextEquiv>
            </TextLine>
            <TextLine id="r5l70" custom="readingOrder {index:69;}">
                <Coords points="2003,2808 2855,2810 2827,2773 2748,2765 2003,2769"/>
                <Baseline points="2010,2799 2051,2800 2093,2801 2135,2802 2177,2802 2219,2803 2261,2804 2302,2804 2344,2805 2386,2805 2428,2806 2470,2806 2512,2806 2554,2806 2595,2806 2637,2806 2679,2806 2721,2806 2763,2805 2805,2804 2847,2803"/>
                <TextEquiv>
                    <Unicode>ethe woman who did,“ after all, she had seif¬</Unicode>
                </TextEquiv>
            </TextLine>
            <TextLine id="r5l71" custom="readingOrder {index:70;}">
                <Coords points="1970,2851 2846,2866 2863,2820 1970,2819"/>
                <Baseline points="1978,2840 2021,2841 2065,2841 2109,2842 2153,2843 2197,2843 2241,2844 2284,2844 2328,2845 2372,2845 2416,2846 2460,2846 2504,2847 2548,2847 2591,2847 2635,2848 2679,2848 2723,2848 2767,2849 2811,2849 2855,2849"/>
                <TextEquiv>
                    <Unicode>consciously defied a conventional standard and</Unicode>
                </TextEquiv>
            </TextLine>
            <TextLine id="r5l72" custom="readingOrder {index:71;}">
                <Coords points="1969,2893 2859,2894 2858,2864 2787,2849 1970,2851"/>
                <Baseline points="1977,2880 2020,2881 2064,2882 2108,2882 2152,2883 2195,2883 2239,2884 2283,2884 2327,2885 2370,2885 2414,2885 2458,2886 2502,2886 2545,2887 2589,2887 2633,2887 2677,2888 2720,2888 2764,2889 2808,2890 2852,2890"/>
                <TextEquiv>
                    <Unicode>set up one of her own. But the succeeding</Unicode>
                </TextEquiv>
            </TextLine>
            <TextLine id="r5l73" custom="readingOrder {index:72;}">
                <Coords points="1967,2941 2863,2932 2854,2893 1967,2892"/>
                <Baseline points="1975,2924 2019,2924 2063,2923 2107,2923 2151,2923 2195,2923 2239,2923 2283,2923 2327,2924 2371,2924 2415,2925 2459,2926 2503,2926 2547,2927 2591,2928 2635,2928 2679,2928 2723,2929 2767,2929 2811,2929 2855,2928"/>
                <TextEquiv>
                    <Unicode>generation has no standards. So, letting Petra</Unicode>
                </TextEquiv>
            </TextLine>
            <TextLine id="r5l74" custom="readingOrder {index:73;}">
                <Coords points="1968,2962 2852,2976 2852,2941 2761,2926 1968,2938"/>
                <Baseline points="1975,2964 2018,2963 2062,2962 2105,2962 2149,2962 2192,2962 2236,2962 2279,2962 2323,2963 2366,2964 2410,2964 2453,2965 2497,2966 2540,2966 2584,2967 2627,2967 2671,2967 2714,2967 2758,2967 2801,2966 2845,2965"/>
                <TextEquiv>
                    <Unicode>go lier osen wav, Dorothee devotes herself to</Unicode>
                </TextEquiv>
            </TextLine>
            <TextLine id="r5l75" custom="readingOrder {index:74;}">
                <Coords points="1973,2995 2858,3011 2858,2975 2659,2964 1973,2968"/>
                <Baseline points="1980,2999 2023,2999 2067,3000 2110,3000 2154,3001 2197,3001 2241,3002 2284,3003 2328,3003 2371,3004 2415,3004 2458,3005 2502,3005 2545,3006 2589,3006 2632,3006 2676,3007 2719,3007 2763,3007 2806,3007 2850,3006"/>
                <TextEquiv>
                    <Unicode>her seconddaughter, thie beautiful and innocent</Unicode>
                </TextEquiv>
            </TextLine>
            <TextLine id="r5l76" custom="readingOrder {index:75;}">
                <Coords points="1975,3041 2855,3066 2855,3021 2805,3008 1975,3007"/>
                <Baseline points="1982,3037 2025,3037 2068,3038 2111,3039 2155,3040 2198,3040 2241,3041 2285,3041 2328,3042 2371,3042 2415,3042 2458,3042 2501,3043 2544,3043 2588,3043 2631,3044 2674,3044 2718,3044 2761,3045 2804,3046 2848,3046"/>
                <TextEquiv>
                    <Unicode>Helge. Her ingennous girlish love is nearly</Unicode>
                </TextEquiv>
            </TextLine>
            <TextLine id="r5l77" custom="readingOrder {index:76;}">
                <Coords points="1980,3091 2832,3098 2860,3070 2661,3044 1981,3049"/>
                <Baseline points="1988,3075 2031,3076 2074,3077 2117,3078 2160,3079 2204,3080 2247,3080 2290,3081 2333,3081 2376,3082 2420,3082 2463,3082 2506,3082 2549,3082 2592,3083 2636,3083 2679,3083 2722,3084 2765,3084 2808,3085 2852,3086"/>
                <TextEquiv>
                    <Unicode>wrecked by the decadent dancer, Leczinska,</Unicode>
                </TextEquiv>
            </TextLine>
            <TextLine id="r5l78" custom="readingOrder {index:77;}">
                <Coords points="1977,3118 2759,3144 2858,3115 2849,3092 2674,3083 1977,3094"/>
                <Baseline points="1985,3117 2028,3117 2071,3117 2114,3117 2158,3118 2201,3118 2244,3119 2288,3119 2331,3120 2374,3120 2418,3121 2461,3121 2504,3122 2547,3122 2591,3123 2634,3123 2677,3123 2721,3124 2764,3124 2807,3124 2851,3124"/>
                <TextEquiv>
                    <Unicode>whio had conccived the ambition of training the</Unicode>
                </TextEquiv>
            </TextLine>
            <TextLine id="r5l79" custom="readingOrder {index:78;}">
                <Coords points="1969,3161 2863,3184 2863,3137 2827,3127 1969,3132"/>
                <Baseline points="1977,3156 2020,3157 2064,3157 2108,3158 2152,3159 2196,3159 2240,3160 2284,3160 2328,3160 2372,3161 2416,3161 2459,3161 2503,3161 2547,3162 2591,3162 2635,3162 2679,3162 2723,3162 2767,3161 2811,3161 2855,3161"/>
                <TextEquiv>
                    <Unicode>child for her particularly passionate and</Unicode>
                </TextEquiv>
            </TextLine>
            <TextLine id="r5l80" custom="readingOrder {index:79;}">
                <Coords points="1979,3214 2861,3205 2861,3180 2777,3164 1979,3168"/>
                <Baseline points="1986,3197 2029,3198 2072,3198 2116,3198 2159,3199 2203,3199 2246,3199 2289,3200 2333,3200 2376,3201 2420,3201 2463,3202 2506,3202 2550,3202 2593,3202 2637,3202 2680,3202 2723,3202 2767,3202 2810,3201 2854,3200"/>
                <TextEquiv>
                    <Unicode>sensnous form of art. The reader finds him¬</Unicode>
                </TextEquiv>
            </TextLine>
            <TextLine id="r5l81" custom="readingOrder {index:80;}">
                <Coords points="1973,3250 2856,3246 2856,3219 2767,3203 1973,3216"/>
                <Baseline points="1980,3235 2023,3236 2066,3237 2110,3237 2153,3238 2197,3238 2240,3239 2284,3239 2327,3239 2371,3239 2414,3239 2457,3240 2501,3240 2544,3240 2588,3240 2631,3240 2675,3240 2718,3240 2762,3240 2805,3240 2849,3241"/>
                <TextEquiv>
                    <Unicode>self working up some interest in the develop¬</Unicode>
                </TextEquiv>
            </TextLine>
            <TextLine id="r5l82" custom="readingOrder {index:81;}">
                <Coords points="1975,3284 2812,3294 2860,3285 2860,3244 1975,3251"/>
                <Baseline points="1982,3278 2025,3278 2069,3277 2112,3277 2156,3277 2199,3278 2243,3278 2286,3278 2330,3279 2373,3279 2417,3279 2460,3280 2504,3280 2547,3281 2591,3281 2634,3281 2678,3281 2721,3281 2765,3281 2808,3281 2852,3280"/>
                <TextEquiv>
                    <Unicode>ment of this secondary plot when the novelist</Unicode>
                </TextEquiv>
            </TextLine>
            <TextLine id="r5l83" custom="readingOrder {index:82;}">
                <Coords points="1966,3323 2836,3333 2854,3287 1966,3296"/>
                <Baseline points="1973,3318 2016,3318 2060,3318 2103,3318 2147,3318 2191,3318 2234,3319 2278,3319 2322,3319 2365,3320 2409,3320 2453,3320 2496,3321 2540,3321 2584,3321 2627,3321 2671,3321 2715,3321 2758,3321 2802,3321 2846,3321"/>
                <TextEquiv>
                    <Unicode>lets the miserable Petra, abandened by her</Unicode>
                </TextEquiv>
            </TextLine>
            <TextLine id="r5l84" custom="readingOrder {index:83;}">
                <Coords points="1978,3365 2856,3354 2856,3330 2772,3322 1978,3320"/>
                <Baseline points="1985,3358 2028,3358 2071,3357 2114,3357 2157,3358 2200,3358 2243,3358 2287,3359 2330,3359 2373,3359 2416,3360 2459,3360 2502,3361 2545,3361 2589,3361 2632,3361 2675,3361 2718,3361 2761,3360 2804,3359 2848,3358"/>
                <TextEquiv>
                    <Unicode>millionaire lover, enter into a respectable</Unicode>
                </TextEquiv>
            </TextLine>
            <TextLine id="r5l85" custom="readingOrder {index:84;}">
                <Coords points="1973,3407 2854,3405 2854,3370 2813,3364 1973,3369"/>
                <Baseline points="1981,3393 2024,3394 2067,3396 2110,3397 2154,3398 2197,3398 2240,3398 2283,3398 2327,3398 2370,3398 2413,3398 2456,3398 2500,3398 2543,3397 2586,3397 2629,3397 2673,3397 2716,3397 2759,3397 2802,3397 2846,3398"/>
                <TextEquiv>
                    <Unicode>second marriage, and causes Helge to meet</Unicode>
                </TextEquiv>
            </TextLine>
            <TextLine id="r5l86" custom="readingOrder {index:85;}">
                <Coords points="1972,3443 2760,3451 2830,3443 2851,3405 1972,3408"/>
                <Baseline points="1979,3436 2022,3436 2065,3436 2108,3436 2151,3436 2195,3437 2238,3437 2281,3437 2324,3438 2367,3438 2411,3438 2454,3438 2497,3438 2540,3439 2583,3439 2627,3439 2670,3439 2713,3439 2756,3439 2799,3439 2843,3439"/>
                <TextEquiv>
                    <Unicode>her death in a motor-car accident with the</Unicode>
                </TextEquiv>
            </TextLine>
            <TextLine id="r5l87" custom="readingOrder {index:86;}">
                <Coords points="1978,3476 2864,3488 2863,3449 2779,3440 1978,3452"/>
                <Baseline points="1986,3475 2029,3475 2073,3475 2116,3475 2160,3475 2203,3475 2247,3476 2290,3476 2334,3477 2377,3477 2421,3478 2465,3478 2508,3478 2552,3479 2595,3479 2639,3479 2682,3480 2726,3480 2769,3480 2813,3479 2857,3479"/>
                <TextEquiv>
                    <Unicode>dancer-the fourth time in thie story that the</Unicode>
                </TextEquiv>
            </TextLine>
            <TextLine id="r5l88" custom="readingOrder {index:87;}">
                <Coords points="1974,3523 2862,3524 2862,3492 2768,3481 1974,3476"/>
                <Baseline points="1982,3513 2025,3514 2069,3514 2112,3515 2156,3515 2200,3515 2243,3516 2287,3516 2331,3516 2374,3516 2418,3516 2462,3516 2505,3516 2549,3516 2593,3516 2636,3516 2680,3517 2724,3517 2767,3517 2811,3518 2855,3519"/>
                <TextEquiv>
                    <Unicode>Angel of Death has been produced as the dens</Unicode>
                </TextEquiv>
            </TextLine>
            <TextLine id="r5l89" custom="readingOrder {index:88;}">
                <Coords points="1973,3558 2854,3579 2854,3535 2782,3524 1973,3523"/>
                <Baseline points="1981,3553 2024,3554 2067,3554 2110,3555 2154,3555 2197,3555 2240,3555 2283,3555 2327,3555 2370,3555 2413,3555 2456,3555 2500,3554 2543,3554 2586,3554 2629,3554 2673,3555 2716,3555 2759,3556 2802,3556 2846,3557"/>
                <TextEquiv>
                    <Unicode>###hm. It would obviously be easy to</Unicode>
                </TextEquiv>
            </TextLine>
            <TextLine id="r5l90" custom="readingOrder {index:89;}">
                <Coords points="1974,3590 2829,3610 2870,3567 1974,3564"/>
                <Baseline points="1982,3590 2026,3591 2070,3592 2114,3592 2158,3593 2202,3593 2246,3593 2290,3593 2334,3593 2378,3593 2422,3593 2466,3593 2510,3593 2554,3594 2598,3594 2642,3594 2686,3595 2730,3596 2774,3596 2818,3597 2862,3599"/>
                <TextEquiv>
                    <Unicode>dismiss this novel as cheap popular fietion,</Unicode>
                </TextEquiv>
            </TextLine>
            <TextLine id="r5l91" custom="readingOrder {index:90;}">
                <Coords points="1975,3645 2856,3639 2771,3598 1975,3591"/>
                <Baseline points="1982,3631 2025,3632 2068,3632 2111,3632 2155,3633 2198,3633 2241,3633 2285,3633 2328,3633 2371,3633 2415,3633 2458,3634 2501,3634 2544,3634 2588,3634 2631,3635 2674,3635 2718,3636 2761,3637 2804,3637 2848,3638"/>
                <TextEquiv>
                    <Unicode>but forthe fact that it does form, in sorne sort,</Unicode>
                </TextEquiv>
            </TextLine>
            <TextLine id="r5l92" custom="readingOrder {index:91;}">
                <Coords points="1978,3682 2859,3689 2859,3643 1979,3640"/>
                <Baseline points="1986,3671 2029,3671 2072,3672 2115,3672 2159,3673 2202,3673 2245,3673 2289,3673 2332,3673 2375,3673 2419,3673 2462,3673 2505,3673 2548,3673 2592,3673 2635,3673 2678,3673 2722,3673 2765,3673 2808,3674 2852,3674"/>
                <TextEquiv>
                    <Unicode>a mirror beid up 1o Nature and a record of a</Unicode>
                </TextEquiv>
            </TextLine>
            <TextLine id="r5l93" custom="readingOrder {index:92;}">
                <Coords points="1976,3721 2855,3725 2855,3690 2770,3678 1976,3682"/>
                <Baseline points="1983,3713 2026,3712 2069,3712 2112,3711 2156,3711 2199,3711 2242,3711 2285,3711 2329,3711 2372,3712 2415,3712 2458,3712 2502,3712 2545,3713 2588,3713 2631,3714 2675,3714 2718,3714 2761,3714 2804,3715 2848,3715"/>
                <TextEquiv>
                    <Unicode>practised novelist’s progress in disillusion¬</Unicode>
                </TextEquiv>
            </TextLine>
            <TextLine id="r5l94" custom="readingOrder {index:93;}">
                <Coords points="1975,3760 1991,3756 2017,3764 2027,3757 2045,3761 2068,3753 2107,3765 2107,3736 2096,3735 2076,3720 2066,3722 2057,3717 2046,3724 2039,3716 2028,3715 2008,3725 1975,3721"/>
                <Baseline points="1983,3751 2012,3750 2041,3749 2070,3750 2099,3749"/>
                <TextEquiv>
                    <Unicode>ment.</Unicode>
                </TextEquiv>
            </TextLine>
            <TextLine id="r5l95" custom="readingOrder {index:94;}">
                <Coords points="2008,3848 2284,3873 2863,3859 2787,3816 2717,3836 2616,3804 2483,3835 2348,3801 2296,3827 2008,3809"/>
                <Baseline points="2016,3855 2058,3855 2100,3855 2142,3855 2184,3855 2226,3855 2268,3855 2310,3855 2352,3855 2394,3855 2436,3855 2478,3855 2520,3856 2562,3856 2604,3856 2646,3856 2688,3857 2730,3857 2772,3857 2814,3858 2856,3858"/>
                <TextEquiv>
                    <Unicode>Mr. Beverley Nichols’s new book, Are</Unicode>
                </TextEquiv>
            </TextLine>
            <TextLine id="r5l96" custom="readingOrder {index:95;}">
                <Coords points="1969,3888 2028,3912 2085,3886 2857,3902 2857,3862 1969,3852"/>
                <Baseline points="1977,3894 2020,3894 2064,3894 2107,3894 2151,3894 2195,3894 2238,3895 2282,3895 2325,3895 2369,3895 2413,3895 2456,3896 2500,3896 2543,3896 2587,3896 2631,3896 2674,3896 2718,3896 2761,3896 2805,3896 2849,3896"/>
                <TextEquiv>
                    <Unicode>they ihe Same at Home?“ a collection of</Unicode>
                </TextEquiv>
            </TextLine>
            <TextLine id="r5l97" custom="readingOrder {index:96;}">
                <Coords points="1973,3944 2773,3949 2854,3934 2854,3902 1973,3912"/>
                <Baseline points="1981,3933 2024,3933 2067,3933 2110,3933 2154,3933 2197,3933 2240,3933 2284,3933 2327,3933 2370,3933 2414,3933 2457,3933 2500,3933 2543,3933 2587,3933 2630,3933 2673,3933 2717,3933 2760,3933 2803,3934 2847,3934"/>
                <TextEquiv>
                    <Unicode>essays containing the author’s impressions of</Unicode>
                </TextEquiv>
            </TextLine>
            <TextLine id="r5l98" custom="readingOrder {index:97;}">
                <Coords points="1971,3984 2852,3975 2793,3935 2379,3957 1971,3937"/>
                <Baseline points="1979,3972 2022,3971 2065,3971 2108,3971 2152,3971 2195,3972 2238,3972 2281,3972 2325,3973 2368,3973 2411,3974 2454,3974 2498,3974 2541,3974 2584,3975 2627,3975 2671,3974 2714,3974 2757,3974 2800,3973 2844,3972"/>
                <TextEquiv>
                    <Unicode>his contemporaries, will be published by</Unicode>
                </TextEquiv>
            </TextLine>
            <TextLine id="r5l99" custom="readingOrder {index:98;}">
                <Coords points="1968,4016 2343,4038 2528,4016 2574,4041 2868,4019 2832,3980 2765,3975 1968,3991"/>
                <Baseline points="1975,4010 2019,4010 2063,4010 2107,4010 2152,4010 2196,4010 2240,4010 2284,4011 2329,4011 2373,4011 2417,4011 2461,4012 2506,4012 2550,4012 2594,4013 2638,4013 2683,4014 2727,4014 2771,4015 2815,4015 2860,4016"/>
                <TextEquiv>
                    <Unicode>Messrs. Jonathan Cape towards the end of the</Unicode>
                </TextEquiv>
            </TextLine>
            <TextLine id="r5l100" custom="readingOrder {index:99;}">
                <Coords points="1926,4082 1964,4081 1991,4058 2019,4066 2048,4054 2105,4065 2117,4056 2132,4057 2130,4021 2114,4025 2097,4012 2047,4028 1968,4005 1924,4023"/>
                <Baseline points="1933,4065 1960,4059 1987,4055 2015,4053 2042,4053 2070,4053 2097,4053 2125,4052"/>
                <TextEquiv>
                    <Unicode>#month.</Unicode>
                </TextEquiv>
            </TextLine>
            <TextEquiv>
                <Unicode>  een
appeat lo her. Her manner is hand and busi¬
nesslike.
Still. she accepts a desperntel
proffered invitation to dinner and lenves on
the table, as“ paginent for the entertain¬
mnent.a stimn just enongh to save the other
ollicer. The woung lientenant shoots himself
lud is soune dend by bis unele, whio had
Droughit tie necessarge stun from mis wise. Tle
storg is inclodrama, inferior in depth and in¬
telligenee to both the stories alrendy men¬
tioned, but planned and built up with achmir¬
able skill.
Heinrich Mann’s novel is also melodramatie.
not only in matter but in stvle; it is far from
giving the illusion of complete reality. Felicie
is the“ Mutter Marie'' ofthe title. As a poor
servant-girl she has an illegitimate Giid,
whiomt she tnkes to tlie river-bank hut has not
che heart to drewn. Thie baby is taken into
the honse of the childless General von Lambart
and his wife, and brought up as their own. The
mother. in thie meantume, marries a rich old
man, inherits his wealth, and then feels a
longing for her child. At length she t#ace¬
Run and finds him abont to marry a poverty¬
stricken princess, it a shameless old profiteer,
in whose clutches the General has come can be
forred to keep his hands öff Her. THO TeS 01
chie storg is concerned with how Felicie con¬
quers her love for her son and her jealousy of
che princess, and cooperates in deceiving the
villamous profiteer, and in saving from finan¬
cial mmin the General who had stolen her child.
Tlis is a frank piece of melodrama, even down
to the long but, we fear, incredible scene in the
confessional, ihere Felicie makes the great
rennneiation. The novel is saved from com¬
plete banalitz be thie pieture it gives of the
General’s household and the charming young
princess, aristocracy reduced to beggary after
the war.
The chief value of Gabriele Reuter’s novel,
too, lies in the picture it gives of a certain
phase of German society during and after the
war. In 1895 this popular woman writer made
a“hit' with her novel, Aus guter Familie,“
a story of a woman’s emancipation, a kind of
German equivalent to" The Woman Wihro
Did.“ The heroine, Dorothee, of this new book
is of that generation. Slie goes away to Athens
with her lover, an archologist, has, unknown
to angone, a cluild before she marries, and
then returns to lead a respectable and more or
less happy married life. The central problem
is her attitude to the licence of the succeeding
generation, represented by her daughter Petra,
whlo, after a trial ef conventional marriage,
abandons herself to tme ieverish gaiety, con¬
scienceless pursuit of luxurg and unhesitating
surrender to the primitive instinets which, if
weare to believe the German fietion-writers—
and this particular novelist appears to write
froin genuine observation—accompanied and
followed the German collapse to a degree mm¬
knowen in other countries. Dorothee’s hands
are tied, not oulg by her ##n carly adventure,
but by a complete moral agnosticism. As
ethe woman who did,“ after all, she had seif¬
consciously defied a conventional standard and
set up one of her own. But the succeeding
generation has no standards. So, letting Petra
go lier osen wav, Dorothee devotes herself to
her seconddaughter, thie beautiful and innocent
Helge. Her ingennous girlish love is nearly
wrecked by the decadent dancer, Leczinska,
whio had conccived the ambition of training the
child for her particularly passionate and
sensnous form of art. The reader finds him¬
self working up some interest in the develop¬
ment of this secondary plot when the novelist
lets the miserable Petra, abandened by her
millionaire lover, enter into a respectable
second marriage, and causes Helge to meet
her death in a motor-car accident with the
dancer-the fourth time in thie story that the
Angel of Death has been produced as the dens
###hm. It would obviously be easy to
dismiss this novel as cheap popular fietion,
but forthe fact that it does form, in sorne sort,
a mirror beid up 1o Nature and a record of a
practised novelist’s progress in disillusion¬
ment.
Mr. Beverley Nichols’s new book, Are
they ihe Same at Home?“ a collection of
essays containing the author’s impressions of
his contemporaries, will be published by
Messrs. Jonathan Cape towards the end of the
#month.</Unicode>
            </TextEquiv>
        </TextRegion>
    </Page>
</PcGts>
