3204 4384
447 146 1205 223 im Mordengrauen
1329 144 1727 249 box 6/1
-6 154 1204 280 34. Spiel im Hergengraden
2347 1379 2440 1458 W
1461 1444 3067 1520 Wir wären nicht bei Schnitzler, wenn nicht aus dem zu bringen. Der Leutnant
183 1468 1378 1524 zu helfen wäre, das spürt man gleich, wenn er diesem, wohl
2538 1486 3055 1558 trotz mancher Erfahrung,
1363 1490 2547 1564 Karten= ein Liebesspiel würde, und zuletzt erscheint diese ganze
185 1510 1369 1585 durch viele Erlebnisse haßerfüllten Manne durch eine Spiel=,
2548 1530 3064 1600 Frau, die im Vormittag
1362 1532 2544 1605 Lebenskomödie, symbolhaft gefaßt, als ein Spiel mit tödlichem
191 1554 1364 1632 eine „Ehrenschuld", verfallen sollte. Eine Mauer des Hasses
2544 1573 3072 1653 am Abend nicht gerade ein
1370 1592 2539 1659 Ausgange, wenn es ein tückischer Zufall will. „Wir spielen
186 1594 656 1681 ist um diesen Mann.
2543 1627 3068 1680 Geliebte wird, die sich der
1372 1631 2547 1693 alle, wer es weiß, ist klug“, wie es in den Anfängen
275 1641 879 1721 Nun beginnen sie zu spielen.
2543 1674 3059 1744 Rückhalt gibt, als hätte
1373 1684 2536 1745 Schnitzlers hieß. Jetzt weiß er: das Schicksal spielt mit uns
275 1683 1369 1756 In dieser Nacht — man fühlt es magisch — wird um
2545 1721 3070 1789 diese Bitte um ein Darleh
1362 1702 2549 1806 aber wir merken es nicht. Auch dieser junge Leutnant Willi
183 1736 1370 1813 anderes als um Banknoten hasardiert: Ein Menschenleben,
2629 1769 3075 1834 Als sie nach dem Rc
1374 1774 2547 1849 merkt es nicht, daß er nun selbst in eine Komödie mit
180 1800 1367 1876 dies ist der Einsatz. Schatten des Unterganges wehen durch
2549 1806 3070 1885 ihm beschieden sein soll, vom
1363 1815 2550 1906 tödlichem Ausgange... keise... unentrinnbar . .. hinüber¬
185 1844 1366 1896 diesen Raum, wie der Morgen dämmert. Zunächst aber
2546 1866 3071 1923 zimmer, da die Reveille ges
1378 1880 1626 1944 gleitet.
179 1892 1368 1957 gewinnt Willi, wie man immer gewinnt, wenn man zuletzt
2548 1908 3073 1976 läßt sie ihm eine Banknot
1452 1910 2540 1978 Am Morgen weiß er nur eines: Er ist ein verlorener
180 1933 1369 1996 alles, das Leben sogur, verlieren soll. Doch einstweilen hat er
2551 1960 3061 2013 nur 1000 Gulden — und
1367 1959 2552 2038 Mann, wenn er nicht bis zum übernächsten Tag, nur so
181 1978 1371 2042 gewonnen. Er könnte die tausend Gulden zahlen und würde
2537 2007 3053 2057 Mund eine Frauenbeichte.
1374 2010 2547 2082 lang wird ihm Frist gegeben — die Ehrenschuld begleicht.
189 2039 1364 2109 sogar noch einmal so viel und noch mehr für sich zurück¬
2546 2046 3062 2119 fach die Poldi hieß, nach
1378 2062 2538 2127 Nun gibt es für den Leutnant Kasda, der lieber von eigener
194 2086 415 2159 behalten.
2543 2098 3062 2175 ein schnödes Geldgeschenk,
1370 2110 2539 2169 Hand fiele, als schimpflich den Dienst verließe, nur eine
289 2109 1371 2183 Er hastet zur Bahn, da fährt ihm der Zug davon, welche
2542 2139 3065 2207 solcherart wie eine Dirne
1370 2152 2534 2232 Hoffnung: sich von dem reichen Onkel die Summe zu be¬
187 2174 1362 2240 neue dämonische Schicksol########g. Und er muß — un¬
2547 2188 3067 2260 so etwas vergißt eine Frau
1370 2212 1569 2282 schaffen.
944 2216 1377 2287 weiterspielen, es ist,
187 2221 907 2281 entrinnbar zieht es ihn in das La¬“
2553 2243 3066 2299 ihn wie einen Zuhälter g
1461 2247 2549 2306 Dieser Onkel, der jetzt auf den Plan der Geschichte
182 2264 1378 2331 als ob ihn dieser Konsol telepathisch bannen würde. Die
2543 2266 3068 2345 fachen von damals. Nun bi
1365 2293 2543 2363 tritt, ist wieder eine österreichische, eine altösterreichische Er¬
186 2309 1370 2370 leidenschaftliche Erregung des Spielers, wie er gewinnt, ver¬
2547 2325 3075 2393 Nicht bloß darum, weil e
1374 2337 2553 2413 scheinung, Schnitzlerisch gefärbt. Ein Sinnierer, der nur
187 2355 1374 2419 liert, immer mehr, zuletzt eine für ihn unerhört große
2548 2370 3065 2434 Anzeige des Konsuls an
1377 2383 2547 2444 unter Büchern lebt, ist dieser Herr Wilram, vor der ganzen
190 2408 1377 2473 Summe, elftausend Gulden, die er jetzt diesem Dämon, dem
2551 2424 3070 2480 verhindern vermag, sonde
1374 2420 2558 2493 Welt hält er aus einer gewissen Scheu geheim, daß er schon
189 2450 1375 2512 Konsul, schuldet, das Naturtriebhafte des durch die Spielwut
2548 2468 3056 2535 immer tiefer fallen wird.
1369 2476 2541 2538 verheiratet, aber von seiner, um so viele Jahre jüngeren
189 2505 1376 2560 verwirrten und entfesselten Ich in solchen Augenblicken,
2548 2512 3067 2579 Mannes, ein neues Sch
1377 2523 2553 2594 Frau, mit der ihn ein glühend=sinnliches Band zu verbinden
519 2548 1371 2619 bezeichnend für Schnitzler, mit ärztlicher
195 2551 534 2620 wird hier, so
2557 2564 2823 2631 mächtig an.
1373 2558 2546 2627 scheint, halb geschieden lebt, daß er sein Vermögen in eine
184 2587 1377 2650 Exaktheit der Beobachtung und zugleich dichterisch tiefem
2633 2594 3065 2679 Natürlich schickt Leop
1377 2615 2555 2687 Leibrente umgewandelt hat und daß diese im übrigen äußerst
191 2637 1366 2709 Erfassen gezeigt. Es gibt eine Literatur über den Spielteufel
2545 2649 3067 2725 aber sie kommen zu spät
1384 2668 2492 2744 geschäftstüchtige Frau die Geldverwaltung allein besorgt.
187 2686 1374 2746 in seinen mannigfaltigsten Gestalten und Wandlungen, von
2551 2699 3067 2760 es ihm auf dem Turf erga
1462 2692 2549 2781 Willi sucht sie auf, er ahnt bereits, daß es die nämliche
186 2732 1370 2805 jenem innigen Drama des indischen Fürsten, der seine Frau
2542 2750 3070 2812 ein Gegenspiel erwartet. Al
1373 2760 2546 2826 Leopoldin= Lebus ist, mit der er, da sie noch nicht Geschäfts¬
191 2776 1375 2835 verspielte, bis zu Gogols „Spielerkomödie", zu Dostojewski,
2550 2789 3072 2853 Dämmer, warum der Ko
1376 2811 2551 2878 und Ehefrau war, einmal eine heiße Nacht duschlebt hat.
192 2830 1376 2890 der von dieser Leidenschaft so brünstig besessen wpar, sie in den
2550 2844 3066 2910 Leutnant, gegen den er ke
1384 2858 2547 2918 Und sie ist es wirklich, die Poldi. Aber wie hat sie sich ge¬
187 2874 1368 2942 „Spielern“ so wahr gezeichnet hat, bis zi Molnar, der die
2555 2890 3074 2966 alles, was ihm die Gesel
1379 2899 2546 2964 wandelt! Noch immer von jugendlich=sinnlichem Reiz, ist sie
187 2915 1377 2983 nächtlichen Spielrunden in den ungarischen Schlössern bei
2553 2941 2790 3012 genommen.
1381 2946 2545 3017 dabei von nüchternster Geschäftsberechnung. Wer das
191 2958 1381 3026 dem Schimmer der Kerzen so packend geschildert und Stefan
2627 2953 3071 3051 Dies ist Schnitzlersn
1376 2989 2546 3051 Naturell wienerischer Frauen kennt, weiß, wie glücklich
185 3014 1369 3070 Zweigs „Vierundzwanzig Stunden aus dem Leben einer
2541 3022 3072 3099 einherschreitend, im Aufbe
1374 3040 2546 3106 diese Gestalt erfaßt ist, daß sinnliche Innigkeit sich mit
184 3055 1377 3118 Frau“ — Schnitzler hat durch sein „Spiel im Morgengrauen“
2549 3077 3066 3133 dramatischen Spitzen geste
1381 3092 2413 3153 kühlem Lebenssinn so oft bei der Wie erin verbindet.
185 3107 1290 3172 diese Literatur um ein bedeutsames Kapitel bereichert.
2555 3118 3071 3196 von düsterer Glut, virtuos
1468 3127 2559 3185 Sie erkennt ihren Geliebten der inen Nacht sofort, nimmt
279 3134 1376 3223 Die Karten haben den Spieler enttäuscht. Bleich
2550 3168 3036 3246 wie „Fräulein Else“.
195 3177 2554 3265 dämmert der Morgen herauf. Was wird ihm dieser Morgen sachlich sein Anliegen, ihm die verspielten 11.000 Gulden vorzu¬
1374 3217 2835 3296 strecken, entgegen und verspricht, ihm am Abend selbst Bescheid: Form. ...
198 3252 436 3330 bringen 2
