3228 4164
313 237 924 326 4. Der Witver
1108 237 1446 333 box 1/3
808 291 928 341 erenenen
149 586 212 653 9
603 568 1370 655 Wiener Allgemeine Zeitung
140 665 392 734 de Zimmer.
435 672 1534 747 Inhalt aller dieser Briefe zunichte machen und die Wahrheit,
145 713 387 770 aran gedacht,
432 721 1537 793 die ihm plötzlich geworden, zum Irrisume wandeln könnte.
177 759 388 812 der Dunkel¬
525 760 1533 827 Und wie endlich seine Hände innehalten, ist ihm, als
147 799 388 862 trauter Duft
438 811 1535 872 wäre es nach einem ungeheueren Lärm mit einemmal ganz
435 843 1529 911 still geworden . . . Noch hat er die Erinnerung aller jener
152 882 392 938 ze Gemach in
432 891 1526 965 Geräusche: wie die zierlichen Geräthschaften auf dem Schreib¬
189 924 394 990 vermag, da
431 929 1532 998 tisch klangen . . . wie die Lade knarrte . . . wie das Schloß
426 969 1530 1040 klappte ... wie das Papier knitterte und rauschte... den Ton
145 997 382 1062 se Thränen,
428 1012 1483 1072 seiner hastigen Schritte ... sein rasches, stöhnendes Athmen
156 1051 387 1106 fund schwer.
429 1062 1522 1123 nun aber ist kein Laut mehr im Gemach. Und er staunt nur,
155 1091 393 1145 hime auf dem
432 1101 1525 1166 wie er das mit einem Schlage so völlig begreift, obwohl er
158 1131 383 1189 ben, trocknet
432 1139 1521 1201 doch nie daran gedacht. Er möchte es lieber so wenig ver¬
161 1174 382 1230 Armleuchters
426 1177 1534 1249 steben, wie den Tod; er sehnt sich nach dem bebenden heißen
160 1217 379 1270 r steht. Und
428 1228 1529 1294 Schmerz, wie ihn das Unfaßliche bringt, und hat doch nur
202 1259 378 1316 Ecken, der
427 1266 1533 1334 die Empfindung einer unsäglichen Klarheit, die in all' seine
152 1302 374 1354 seht hier aus
428 1311 1529 1368 Sinne zu strömen scheint, so daß er die Dinge im Zimmer
164 1343 294 1394 ist und
292 1344 386 1400 sie
424 1347 1530 1418 mit schärferen Linien sieht als früher und die tiefe Stille zu
166 1382 377 1448 hat sie auf¬
423 1392 1525 1463 horen meint, die um ihn ist. Und langsam geht er zum
170 1430 226 1481 en
423 1434 1195 1513 Divan hin, setzt sich nieder und sinnt ...
181 1469 386 1526 der Dinge
504 1479 953 1537 Was ist denn geschehen?
196 1513 383 1572 ls wüßten
509 1517 1521 1583 Es hat sich wieder einmal zugetragen, was alle Tage
182 1553 372 1610 nliches ge¬
425 1554 1523 1629 geschieht, und er ist Einer von denen gewesen, über die
202 1595 381 1650 hat er es
419 1606 1516 1667 Manche lachen. Und er wird ja auch gewiß — morgen oder
230 1636 381 1695 so mäch¬
421 1643 1517 1709 in wenigen Stunden schon — wird er all' das furchtbare
219 1680 375 1737 nach sei¬
429 1692 1521 1756 empfinden, das jeder Mensch in solchen Fällen empfinden
214 1726 383 1773 nun vor¬
427 1738 1515 1787 muß . . . er ahnt es ja, wie sie über ihn kommen wird, die
175 1765 372 1819 reden wird,
427 1778 1513 1833 namenlose Wuth, daß dieses Weib zu früh für seine Rache
180 1808 374 1866 noch etwas
422 1815 1519 1875 gestorben; und wenn der Andere wiederkehrt, so wird er ihn
175 1850 374 1904 nur endlich
418 1862 1519 1909 mit diesen Händen niederschlagen wie einen Hund. Ah, wie
185 1885 378 1946 er da sein.
424 1899 1449 1950 sehnt er sich nach diesen wilden und ehrlichen Gefühlen
155 1932 372 1985 fiele Wochen
421 1943 1520 1997 und wie wohler wird ihm dann sein als jetzt, da die
158 1976 373 2028 muß. Und
419 1979 1513 2044 Gedanken sich stumpf und schwer durch seine Seele
146 2018 378 2080 n und, wie
425 2021 672 2089 schleppen ...
153 2058 377 2114 brechen, die
497 2058 1512 2133 Jetzt weiß er nur, daß er plötzlich Alles verloren hat,
150 2101 371 2154 nd Abends
421 2100 1513 2179 daß er sein Leben ganz von vorne beginnen muß wie ein
162 2146 374 2200 den dunklen
413 2161 1505 2221 Kind; denn er kann ja von seinen Erinnerungen keine mehr
158 2187 373 2245 den da zu¬
418 2199 1514 2261 brauchen. Er müßte jeder erst die Maske herunterreißen, mit
168 2224 380 2284 ie sie es ja
410 2242 1507 2304 der sie ihn genarrt. Denn er hat nichts gesehen, gar nichts,
159 2268 380 2325 rem frischen
415 2281 1511 2342 hat geglaubt und vertraut, und der beste Freund, wie in der
152 2308 377 2366 ig Gefallen
414 2324 1504 2389 Komo#ie, hat ihn betrogen ... Wäre es nur der, gerade
154 2351 364 2413 esagt hatte
418 2368 1510 2428 der nicht gewesen! Er weiß es ja und hat es ja selbst
154 2395 371 2446 n diese Ge¬
412 2418 1505 2469 erfahren, daß es Wallungen des Blutes gibt, die ihre Wellen
151 2437 374 2493 Alltäglichkeit
414 2451 1506 2512 kaum bis in die Seele treiben, und es ist ihm, als wenn er
155 2481 375 2539 jetzt werden
411 2494 1510 2553 der Todten Alles verzeihen könnte, was sie wieder rasch
418 2539 1501 2598 vergessen hätte, irgend wen, den er nicht gekannt, irgend
164 2554 370 2631 nd her, bis
411 2574 1426 2635 Einen, der ihm wenigstens nichts bedeutet hätte
194 2610 300 2667 hritte
312 2616 369 2669 zu
414 2623 1500 2674 nur diesen nicht, den er so lieb gehabt hat wie keinen andern
156 2657 368 2713 Schreibtisch,
412 2660 1500 2711 Menschen und mit dem ihn ja mehr verbindet, als ihn je
162 2701 373 2752 teiner Art
406 2702 1499 2762 mit seinem eigenen Weib verbunden, die ihm niemals auf
143 2736 365 2795 Die vor ihm
413 2745 1501 2801 den dunkleren Pfaden seines Geistes gefolgt ist; die ihm
156 2782 364 2840 t, hat immer
409 2779 1501 2845 Lust und Behagen, aber nie die tiefe Freude des Verstehens
160 2827 367 2885 rstiele, das
411 2830 1499 2885 gegeben. Und hat er es denn nicht immer gewußt, daß
185 2866 363 2923 mit dem
405 2875 1503 2917 die Frauen leere und verlogene Geschöpfe sind, und ist es
171 2911 360 2967 Goldschnur
414 2914 1507 2966 ihm denn nie in den Sinn gekommen, daß sein Weib ein
158 2949 366 3007 and, wendet
408 2957 1499 3007 Weib ist, wie alle anderen, leer, verlogen und mit der Lust
152 2994 356 3050 hren Platz,
408 2995 1501 3060 zu verführen? Und hat er denn nie gedacht, daß sein Freund
159 3036 365 3091 Dann öffnet
408 3040 1495 3088 den Weibern gegenüber, so hoch er sonst gestanden
169 3083 207 3139 m
211 3079 367 3136 offenen
409 3081 1489 3143 sein mag, ein Mann ist wie andere Männer, und
225 3121 362 3167 sie zu
1387 3126 1417 3162 810
400 3124 1368 3175 dem Rausch eines Augenblicks erliegen konnte?
170 3156 223 3202 111
220 3156 368 3204 onn
399 3159 1504 3210 verrathen es nicht malch schenen Worte dieser glühenden und
167 3199 218 3243 m
227 3193 361 3243 Namen.
417 3198 1492 3256 zitternden Briefe, daß er anfangs mit sich gekämpft, daß er
213 3233 358 3284 die ver¬
162 3235 206 3287 e,
406 3240 1497 3287 versucht hat, sich loszureißen, daß er endlich dieses Weib an¬
168 3274 358 3325 nur immer
415 3278 1501 3337 gebetet und daß er gelitten hat? ... Unheimlich ist es ihm
153 3309 365 3377 gedanken¬
411 3324 1501 3368 veinahe, wie ihm Alles das so klar wird, als stünde ein
246 3358 361 3412 will
403 3360 1433 3421 Fremder da, ihm's zu erzählen. Und er kann nicht rasen,
218 3400 349 3456 Hand
157 3396 221 3454 zur
416 3410 1493 3457 ehr er sich darnach sehnt; er versteht es einfach, wie er
159 3440 351 3496 ben er ver¬
401 3454 1497 3505 es eben immer bei Anderen verstanden hat. Und wie er nun
158 3486 357 3541 ht er, von
407 3486 1496 3549 daran denkt, daß seine Frau da draußen liegt, auf dem stillen
158 3522 357 3582 die Briefe
408 3530 1487 3593 Friedhof, da weiß er auch, daß er sie nie wird hassen können,
200 3567 359 3624 der oben
405 3578 1492 3633 und daß aller kindische Zorn, selbst wenn er noch über die
169 3608 353 3663 sie, noch
398 3614 1495 3686 weißen Mauern hinüberflattern könnte, doch auf dem Grabe
153 3648 354 3707 tliche Auf¬
405 3654 1487 3718 selbst mit lahmen Flügeln hinsinken würde. Und er erkennt,
160 3694 361 3744 ben in das
406 3704 1481 3758 wie manches Wort, das sich kümmerlich als Phrase fristet
173 3732 360 3792 und spricht
407 3740 1486 3806 in einem grellen Augenblicke seine ewige Wahrheit zu er¬
160 3778 357 3846 ein wirres,
397 3783 1484 3846 kennen gibt, denn plötzlich geht ihm der tiefe Sinn eines
407 3824 1488 3880 Wortes auf, das ihm früher schal geklungen: Der Tod ver¬
417 3867 1487 3931 öhnt. Und er weiß es: wenn er jetzt mit einemmale jenem
154 3856 359 3925 fe zwischen
399 3911 1489 3968 Anderen gegenüberstände, er würde nicht nach gewaltigen und
149 3914 361 3968 m vorüber,
409 3948 1491 4016 strafenden Worten suchen, die ihm wie eine lächerliche
168 3951 351 4018 lesen. Nur
398 3992 1480 4053 Wichtigthuerei irdischer Kleinlichkeit der Hoheit des Todes
216 3998 353 4057 daß er
402 4029 757 4069 gegenüber orschienen
695 4060 737 4088 4
1724 593 2184 674 25. December 1894.
2393 603 2620 677 Nr. 5039
1575 684 1892 751 Jahres, in denen
1893 701 2682 772 ... es begonnen hat? Ja, das hat er
1571 739 2674 811 bemerkt, und hei sich auch wohl zuweilen gedacht: Es sind
1573 778 2674 849 Weihergeschichten, die ihn quälen — und sich gefreut, wenn
1574 830 2669 887 er den Freund in ernste Gespräche ziehen und über diese
1576 863 2665 937 kleinlichen Leiden erheben konnte.. Und jetzt, wie er
1572 906 2670 980 dieses ganze vergangene Jahr rasch an sich vorübergleiten
1570 943 2668 1019 läßt, merkt er nicht mit einemmal, daß die frühere Heiterkeit
1570 990 2666 1061 des Freundes nie wieder ganz zurückgekommen ist, die er sich
1575 1039 2667 1102 nur allmälig daran gewöhnt hatte, wie an Alles, das all¬
1572 1078 2396 1148 mälig kommt und nicht mehr schwindet? ...
1657 1127 2670 1194 Und ein seltsames Gefühl quillt in seiner Seele empor,
1566 1164 2662 1236 das er sich anfangs kaum zu begreifen traut, eine tiefe Milde
1633 1215 2663 1275 ein großes Mitleid für diesen Mann, über den eine
1565 1249 2661 1321 elende Leidenschaft wie ein Schicksal hereingebrochen ist; der
1572 1294 2660 1363 in diesem Augenblicke vielleicht, nein, gewiß mehr leidet als
1565 1338 2673 1403 er; für diesen Mann, dem ja ein Weib gestorben, die er
1572 1378 2660 1459 geliebt hat, und der vor einen Freund treten soll, den er
1566 1417 1729 1478 betrogen.
1656 1472 2665 1538 Und er kann ihn nicht hassen; denn er hat ihn noch
1558 1497 1646 1557 lieb.
1676 1512 2401 1571 Er weiß ja, daß es anders wäre, wenn
2401 1521 2669 1577 — sie noch
1568 1550 1654 1601 lebte.
1689 1558 2669 1611 Da wäre auch diese Schuld etwas, das von ihrem
1563 1594 2670 1661 Dasein und Lächeln den Schein des Wichtigen liehe. Nun
1567 1636 2664 1702 aber verschlingt dieses unerbittliche Zuendesein Alles, was
1557 1680 2665 1744 an jenem erbärmlichen Abenteuer bedeutungsvoll erscheinen
1560 1719 1675 1778 wollte
1639 1751 2661 1823 In die tiefe Stille des Gemaches zieht ein leises Belen
1666 1806 2664 1880 Schritte auf der Treppe. — Er lauscht athemlos; er
1558 1841 1636 1902 hört
1655 1846 2157 1916 das Schlagen seines Pulses.
1649 1884 2088 1944 Draußen geht die Thür.
1640 1927 2101 1981 Einen Augenblick ist ihm,
2136 1919 2664 1990 als stürze Alles wieder hin,
1558 1974 2657 2032 was er in seiner Seele aufgebaut; aber im nächsten steht es
1555 2008 1753 2064 wieder fest.
1753 2020 2662 2070 — Und er weiß, was er ihm sagen wird, wenn
1559 2060 2452 2111 er hereintritt: Ich hab' es verstanden — bleib'!
1649 2097 2553 2170 Eine Stimme draußen, die Stimme des Freundes.
1647 2148 2661 2211 Und plötzlich fährt ihm durch den Kopf, daß dieser
1547 2191 2662 2252 Mann jetzt, ein ahnungsloser, da hereintreten wird, daß er
1559 2229 2235 2291 selbst es ihm erst wird sagen müssen.
1641 2262 2659 2337 Und er möchte sich vom Divan erheben, die Thür ver¬
1558 2311 2662 2381 schließen — denn er fühlt, daß er keine Silbe wird sprechen
1558 2355 2662 2413 können. Und er kann sich ja nicht einmal bewegen, er ist wie
1555 2396 2657 2464 erstarrt. Er wird ihm nichts, kein Wort wird er ihm heute
1556 2434 2107 2500 sagen, morgen erst ... morgen
1633 2466 2657 2555 Es flüstert draußen. Richard kann die leise Frage ver¬
1559 2521 1965 2577 tehen: „Ist er allein?“
1637 2551 2652 2635 Er wird ihm nichts, kein Wort wird er ihm heute
1551 2594 2246 2676 sagen; morgen erst — oder später ...
1627 2652 2653 2723 Die Thür öffnet sich, der Freund ist da. Er ist sehr
1544 2699 2644 2765 blaß und bleibt eine Weile stehen, als müßte er sich sammeln,
1549 2741 2650 2807 dann eilt er auf Richard zu und setzt sich neben ihn auf den
1545 2786 2645 2844 Divan, nimmt seine beiden Hände, drückt sie fest, — will
1545 2824 2257 2882 sprechen, doch versagt ihm die Stimme.
1624 2873 2645 2949 Richard sieht ihn starr an, läßt ihm seine Hände. So
1545 2907 2214 2971 sitzen sie eine ganze Weile stumm da.
1622 2944 2542 3011 Mein armer Freund, sagt endlich Hugo ganz leise.
1620 2997 2641 3057 Richard nickt nur mit dem Kopf, er kann nicht reden.
1538 3026 2644 3113 Wenn er ein Wort herausbrächte, könnte er ihm doch nur
1545 3074 1967 3137 sagen: Ich weiß es ...
1617 3119 2646 3177 Nach ein paar Secunden beginnt Hugo von Neuem
1531 3173 2646 3222 Ich wollte schon heute Früh da sein. Aber ich habe Dein
1538 3203 2633 3264 Telegramm erst spät Abends gefunden, als ich nachhause kam.
1626 3246 2631 3309 Ich dachte es, erwiderte Richarb und wundert sich
1544 3272 2632 3352 selbst, wie laut und ruhig er spricht. Er schaut dem Andern
1541 3332 2628 3392 tief in die Augen.. . Und plötzlich fällt ihm ein, daß dort
1541 3378 2634 3440 auf dem Clavier — die Briefe liegen. Hugo braucht nur auf¬
1531 3421 2636 3477 zustehen, ein paar Schritte zu machen — und sieht sie...
1535 3461 2625 3513 und weiß Alles. Unwillkürlich faßt Richard die Hände des
1535 3495 2632 3578 Freundes — das darf noch nicht sein; er ist es, der vor der
1531 3534 1860 3599 Entdeckung zittert.
1614 3576 2625 3653 Und wieder beginnt Hugo zu sprechen. Mit leisen, zarten
1536 3627 2628 3696 Worten, in denen er es vermeidet, den Namen der Todten
1542 3678 2621 3742 auszusprechen, frägt er nach ihrer Krankheit, nach ihrem
1534 3717 2621 3777 Sterben. Und Richard antwortet. Er wundert sich anfangs,
1539 3764 2630 3823 daß er das kann; daß er die widerlichen und gewöhnlichen
1531 3802 2616 3861 Worte für all das Traurige der letzten Tage findet. Und ab
1534 3849 2624 3913 und zu streift sein Blick das Gesicht des Freundes, der blaß,
1528 3888 2053 3951 mit zuckenden Lippen lauscht.
1606 3936 2626 4000 Wie Richard innehält, schüttelt der Andere den Kopf,
1532 3981 2629 4039 als hätte er Unbegreifliches, Unmögliches vernommen. Dann
1534 4022 2629 4070 sagt er: Es war mir furchtbar heute nicht bei Dir sein zu
