3344 4320
1967 168 2434 248 —
1522 238 1974 339 box 36/3
184 236 1369 353 1. Panphlets offprints
1651 1049 1763 1141 12
1000 1166 2372 1239 nimmt seine Bewerbung an, aber die Ehe ist nicht glücklich. Paul
1005 1241 2362 1304 Bourget und André Cury brachten im Pariser Vaudeville¬
1013 1284 2376 1339 Theater das Lustspiel „Un divorce“ zur Aufführung, in welchem
1008 1339 2365 1389 der Sohn Lucien einer unglücklichen Ehe die junge Studentin der
998 1389 2356 1446 Medizin Berthe Planac liebt; Berthe hat als französische Theater¬
1007 1438 2374 1495 figur unbedingt ein Vorleben und ein Kind gehabt. Von Lucien
1008 1486 2363 1536 zur Rechenschaft gezogen, leugnet sie mit eigentümlicher Moti¬
1000 1542 2363 1604 vierung: Sie habe einem Betrüger vertraut und sei das Opfer eines
1010 1581 2363 1649 Lügners geworden — an und für sich sei sie nie schlecht ge¬
1009 1640 2371 1689 wesen. Der Schwank „Le Truc du Brésilien“ von Nancey und
996 1689 2376 1747 Armont („Der Ammenkönig“, Première im Wiener Theater in
999 1736 2361 1792 der Josefstadt, 11. März) lehrt uns den Arzt kennen, der mit
1000 1790 2369 1840 seiner Geliebten den Pakt schließt: Treue oder Trennung. Der Arzt
1006 1840 2367 1899 hat geheiratet und verkleidet sich als Brasilianer, um die Gelieble
999 1901 2362 1953 zur Untreue zu verleiten und davon zu jagen. Dieser Brasilianer
1000 1942 2355 1987 interessiert auch die Gattin des Arztes sehr lebhaft. Ein Millionen¬
999 1996 2372 2050 onkel aus Amerika gibt den Deus ex machina; er hat durch
1005 2040 2360 2096 Gründung eines Ammentrustes sein Vermögen erworben, daher der
1004 2100 1861 2160 deutsche Titel des übermütigen Stückes.
1121 2145 2358 2208 Der zweihundertste Geburtstag des ärztlichen Dichters Albrecht
1003 2212 2365 2255 v. Haller wurde in Bern festlich begangen. In einer Londoner
1005 2248 2361 2301 Irrenansialt starb der Arzt und Dichter Francis Thompson,
1000 2299 2041 2363 dessen Oden und Elegieen sehr geschätzt werden.
1124 2350 2356 2420 An philosophischen und ästhetischen Betrachtungen aus der
1001 2397 2365 2454 Feder von Arzten war das Jahr reich. Max Kassowitz hat
995 2449 2363 2496 sein System der Naturphilosophie in dem populären Buche: „Welt,
996 2500 2357 2553 Leben, Seele“ (Wien, Perles) zusammengefaßt. Albert Reib¬
1004 2548 2361 2609 mayr schrieb eine „Entwicklungsgeschichte des Talentes und des
998 2603 2360 2658 Genies“ (München, Lehmann); stud. med. Boas in Freiburg i. Br.
998 2645 2358 2708 hat eine interessante Studie: „Der Maler Rasmussen in Felix
993 2699 2360 2751 Philippis Trauerspiel „Das große Licht““ veröffentlicht (Allge¬
990 2748 2360 2791 meinen Medizinische Zeitung); E. Wiener einen Aufsatz: „Arzt
999 2799 2367 2850 und Kunst“ (Wiener klinische Rundschau Nr. 16 und 17, 1908).
990 2848 2360 2906 Leider können wir auf die Bücher von Kassowitz und Reib¬
1003 2901 2370 2961 mayr trotz ihrer großen Bedeutung an dieser Stelle nicht näher
994 2953 1208 3013 eingehen.
1108 2986 2362 3054 Der holde Wahnsinn der Poesie umspielt nach wie vor die
1003 3048 2354 3119 lockigen Häupter vieler Kollegen. Hugo Salus behauptet unter
996 3102 2369 3148 den ärztlichen Lyrikern unbestritten die erste Stelle; seine letzte
995 3147 2363 3214 Sammlung „Die Blumenschale“ (München, Langen; an dieser Stelle
996 3201 2353 3256 bereits angezeigt) enthält die reinsten und innigsten Verse des Jahres.
1159 3277 1985 3344 „Spiel was von Mozart! ich liebe dich sehr;
1161 3302 2168 3402 Spiel was von Mozart! Dann lieb' ich dich noch mehr!
1158 3359 1944 3408 Mädehen, von Mozartwohlklang umflossen.
1146 3405 1948 3479 Alle Schönheit liegt drinnen verschlossen.“
2448 3778 2629 3931 1
2758 3806 2849 3895 900
2981 3883 3017 3913 8
2956 3919 2997 3960 □0
2801 3919 2843 3981 □00
3094 3979 3227 4040 W
2751 3983 2795 4036 945
3004 4062 3060 4111 30
2733 4076 2901 4145 S
2623 4133 2705 4193 Srsbiche
3249 1170 3352 1235 die M
