3344 4320
1923 140 2396 223 —
1494 221 1960 312 box 36/3
285 222 1420 303 Pamphlets Offprints
1319 1012 1381 1079 14
771 1122 2019 1211 Jonel Kalinczuk in Marienbad hat eine hübsche Märchen¬
661 1174 2024 1249 dichlung: „Die Glocken von Bornli“ (Wien, Fromme) publiziert.
664 1226 2029 1296 Dozent Salzer veröffentlicht in der „Münchener Medizinischen
662 1282 2018 1351 Wochenschrift (Nr. 1 und 2, 1908) einen Vortrag: „Der Arzt im
657 1330 2015 1396 Spiegel der Dichtkunst“. Diese Arbeit hatte zur Folge, daß einige
654 1388 2024 1449 Arzte ihre geheimen Poesieen der Offentlichkeit preisgaben; ein
652 1443 2008 1531 Beispiel, die Dichtung des verstorbenen Kollegen Otto Pader¬
659 1482 1453 1568 stein in Berlin, sei hier mitgeteilt:
786 1565 1705 1626 „Schwerleidend liegt ein Kind im schmalen Belle.
778 1599 1537 1665 Ich fühle lieberschnell die Pulse Niegen.
770 1632 1559 1683 Die Mutter lauscht den leisen Alemzügen,
769 1677 1853 1733 Ihr Blick fleht stumm: Mein Kind, mein Kind errette!“¬
769 1717 1589 1799 Doch machtlos steh ich an der Lagerslätte;
781 1783 1733 1836 Ich weiß, des Arztes Kunst kann hier nicht siegen.
773 1822 1583 1873 Der Krankheit muß der zarle Leib erliegen,
779 1850 1723 1921 Und wieder stöhmt sie leis: „„Mein Kind errelie!““
776 1922 1700 1988 Wie furchlbar, solchen Mutterschmerz zu schauen!
775 1966 1598 2021 Der heißlen Stirne will ich Külllung fächeln,
773 2003 1639 2070 Da schlägt’s die Augen auf, die himmelblauen.
780 2058 1886 2123 .-Mein Püppehen schläft?“ — Die Muller küßt der Kleinen
762 2106 1754 2173 Die Wangen feuch; das Koplchen sinkt. Mil Lächeln
771 2142 1671 2209 Entschläft es. Tief erschültert mußt ich weinen.“
763 2199 2005 2274 An humoristischen Skizzen und Gelegenheitsdichtungen herrscht
647 2255 2011 2331 kein Mangel. Von vielen seien beiläufig genannt: Doktor Dackels
645 2305 2015 2356 Operationslisch“ von Traugott Pilf (Hamburg, Lüdeking), „Der
650 2348 2011 2429 Arzt der großen und der kleinen Welt“ von Max Nassauer
656 2409 2016 2464 (München, Gmelin), „Von Arzten und Patienten“ von Fr. Scholz
644 2465 1999 2535 (München, Gmelin), „Meine Nachtglocke“ von Emil Edel (Hildes¬
649 2509 2000 2566 heim, Gerstenberg), „Arzte und Patienten mit Röntgen-Strahlen durch¬
651 2557 2008 2633 leuchtet“ von einem praktischen Arzte (Leipzig, Konegen), „Die
646 2610 2008 2683 rechte Kur“ von Erwin Plowitz (Allgemeine Medizinische
644 2650 1999 2732 Zeitung), „Maxl Bierjung“ von A. de Nora (Leipzig, Staackmann).
641 2701 2007 2765 Die achte ärztliche Studienreise unter v. Strümpells Leitung
636 2763 2012 2819 wurde vielfach besungen, insbesondere die ziemlich heftig
637 2799 1206 2874 grassierende Seekrankheit:
896 2836 1665 2936 Zwar lag er krank erst wie ein Klümpel
889 2900 1259 2960 Unglück am Deck;
878 2924 1656 3017 Doch bald gesund ward unser Strümpell.
881 2986 1320 3052 Jung. frisch und keck.“
754 3033 2006 3123 Der Robert Koch Kommers in Berlin gab einigen lusligen
632 3105 2001 3186 Dichtern aus der Reihe der Arzte Gelegenheit, hervorzutreten. Das
658 3155 1649 3221 Fliegenlied“ von Karl Hamburger beginnt:
733 3201 1214 3258 „Wo tief im Urwald drin
1321 3198 1953 3296 End wo das gute Nilpferd badel.
707 3249 1231 3316 Der Len mit frevlem Sinn
1403 3254 1836 3322 Wo frech der Leopard
715 3290 1088 3341 Giraffen atlackiert
1393 3303 1842 3364 Auf seine Beute harr! —
722 3323 1207 3409 End Wüstenritt markierl.
1395 3335 1825 3421 Dort stell die Wiege
1383 3382 1733 3446 Der Tselselliege.“
2014 3789 2109 3891 8
2482 2738 2563 2797 Lor
2613 1158 3336 1235 Die T’sciselliege zeigt sich „mit il
2492 1202 2873 1272 Verbrecher“. Da
2872 1210 3343 1289 erscheint Robert Ko
2500 1252 2872 1321 dort in Uganda“:
2856 1307 3324 1382 „nd sich: es treibt der
2851 1356 3233 1422 Die Parasiten weg.
2844 1397 3297 1458 Sie bändeln ungern an
2845 1430 3301 1495 Mit dem Bazillenmann,
2759 1468 3329 1545 Und geben sich vor Angst die
2575 1512 3350 1621 Die Scherznummer der „Münchener
2487 1592 3350 1665 schrift“ (14. November) brachte aberma
2493 1636 3351 1727 „Der Seronachweis genossener Schokoiad
2492 1702 3349 1765 Säuglings mit Seitenketten“, „Die neue
2482 1743 2973 1814 Jungfrau“ wirken krä
3113 1741 3336 1821 das Zw
2483 1793 2820 1858 reichen poetisch
3213 1805 3322 1869 Der
2496 1844 2707 1911 von O. J
3246 3053 3333 3109 dace
2641 3157 2762 3221 „La-de
3177 3161 3336 3228 sage fra
2627 3197 2783 3273 Puisse-!
3160 3212 3334 3278 rare jam
2673 3252 2867 3305 Qufentre 1
3112 3255 3323 3304 ie le verre!
2636 3282 3317 3346 Mesdaies, venillez donc boire à nos
2629 3334 3324 3381 Boire a leurs bons amis, les confrères
2655 3372 3215 3449 El vive la noble Angleierre!“
2889 3953 3010 4012 A
2921 4092 3269 4171 K
