3344 4320
1256 159 1335 219 —
1884 155 2262 234 —
1458 227 1913 320 box 36/3
212 234 1291 325 Panphletsofforints
1701 963 1771 1040 5
132 1078 556 1135 im Lande draußen,
1062 1084 2416 1156 anfgelesen habe. Dann sitz ich mit ihnm in der Stube und frink¬ einen
1058 1149 2415 1209 Krug mil Mnn und laß mir seine Geschichte erzälllen. Es durt aber nicht
1063 1187 2411 1231 dem Pfarrer zu Ohren kommen, der sagt es sonst in der Stadt dem ärzl¬
114 1161 550 1244 Hlandlung erinnert in
1055 1218 2417 1298 lichen Ebrenrat, und ich werde meiner Würde verlustig erkannl. Was soll
122 1228 544 1290 en deutschen Homan
1057 1256 1490 1318 ich dann anfangen?“
131 1278 547 1343 aufgeworfen. Freilich
1176 1301 2409 1354 Ludwig Finkh hal einen neuen Roman geschrieben:
153 1329 555 1397 he Wert des Buches
1060 1366 2411 1423 „Rapunze!“ (Deutsche Verlagsanstalt), die Geschichte eines Burschen,
170 1380 553 1444 lußen in Salmanns¬
1049 1407 2413 1462 der auszieht, um das Glück zu suchen. Er findet Arbeit, bewährt
173 1429 550 1496 leorg kennt nur die
1056 1461 2401 1516 sich als Mechaniker, er kann glücklich werden; da naht das Un¬
188 1479 557 1544 g; aber Anna liebt
1055 1510 2410 1573 glück in Gestalt der Sehschwäche, der Erblindung. Wie schwarze
201 1529 552 1600 Ding besitzt das
1053 1552 2412 1604 Schleier fällt es über die Gestalt Rapunzels und die Mutterliebe
216 1581 552 1647 nd zittert. Für
1044 1605 2413 1656 bewährt sich als einziger Trost. Das ist mit leisen Zügen gemalt;
236 1631 472 1699 e„Liebelei“
1051 1659 2405 1713 man denkt an Landsleute des Dichters, an Mörikes zarleste
290 1681 540 1742 Inhalt seiner
1053 1707 2110 1762 Lyrik und an Justinus Kerners „Reiseschatten“.
249 1733 553 1797 eüber welche
1172 1755 2399 1821 Hans v. Hoffensthal ist Arzt in Bozen und Finkh
312 1783 556 1841 rkt, daß in
1051 1805 2410 1876 nennt ihn in einem Briefe an den Schreiber dieses den feinsten
297 1834 550 1910 lit gesunder
1049 1859 2408 1917 jungen Österreicher. Er hat im Vorjahre drei Bücher geschrieben:
1042 1917 2414 1971 „Maria-Himmelfahrt“, „Helene Laasen“ und „Das Buch vom
379 1903 553 1992 elle vor
1049 1962 2406 2020 Jäger Mart“ (Berlin, Fleischel). Er beginnt im Märchentone:
315 1979 553 2064 . Ich kann
1046 2015 2412 2085 „„Wollt ihr die Geschichte der Helene Laasen erfahren, so seizt
1039 2056 2230 2118 euch zu mir und hört: Ich weiß ein Schicksal
2264 2056 2402 2128 Seine
348 2062 541 2147 wir Arzte
1037 2116 2411 2171 Menschen leben in Südtirol und trotzdem in einer Märchenwelt;
395 2135 554 2184 sagens
1043 2158 2405 2203 sie wandeln wie Träume an uns vorbei. Vertreter adeliger Tiroler
370 2176 540 2229 Aufgabe
1050 2199 2400 2270 Familien, welche auf lrrwege der Liebe geraten und zugrunde
475 2221 540 2306 un
1043 2267 2405 2326 gehen. Zur durchaus lyrischen, beschaulichen Stimmung passen
491 2305 540 2357 n
1049 2313 2401 2364 leidenschaftliche, wilde Motive nicht recht; so liebt und heiratet
1044 2361 2408 2425 Berthold v. Niebauer (.Maria - Himmelfahrt“) die blonde junge
1044 2406 2410 2462 Gräfin Ulla und siedelt sich auf dem Ritten an. Ein Weib mit
471 2416 525 2464 Ien
2119 2459 2170 2522 —
1047 2463 2085 2509 rotbraunem Haar läßt ihn untreu, roh werden
2168 2453 2411 2526 er lindet
1039 2508 2399 2569 seine Ulla auf dem Totenbette wieder. Die sanfte lyrische Art
487 2539 529 2591 ur
1037 2563 2395 2606 v. Hoffensthals verträgt eine derartige harte, herzlose Handlungs¬
1044 2611 2403 2657 weise nicht. Der Dichter wird entweder seine Themen nach der
504 2622 546 2671 1
1040 2661 2407 2725 idyilischen Seite ausbauen oder von seiner sanften naturbeschreibenden
1040 2713 2407 2769 Manier lassen müssen. Rohe Leidenschaft paßt nun einmal nicht
1032 2759 1462 2825 zur sanften Klage:
1174 2809 2402 2867 rch habe mich oft und immner wieder darüber gewundert, wie
1043 2857 2408 2913 freine den Mensehen die Nalur geworden ist, Vielen bedeutel sie gur
1045 2890 2406 2947 nichts. Diese gehen blind für ihre Schönheit ihre dumpfen Wege und haben
1038 2926 2398 2972 nie gelernt, die tausend Stimmen der Allgewaltigen zu hören, die zu ihnen
1036 2970 2402 3018 reden. Andere gibt es — ich denke mir, es ist die Mehirzahl der Leute—
1037 3007 2404 3056 die zumindest vorgeben, die Nalur zu lieben. Aber was sie unter Liebe
1614 3053 2403 3099 „ich Habe nur vorgenommen, ein Buch zu
1049 3053 1541 3111 verstehen, ist allzu wenig.“
1053 3098 2400 3147 schreiben, das in einer eindringlichen Art sie die Menschen) lehrte, die
1038 3131 2403 3182 Naiur 80 zn verstelen und zu lieben, daß sie eine wahre Freundin würde.
1045 3171 2397 3214 Es soll das Buch der Natur heißen. Und davon sollle es handeln, daß alle
1033 3217 2400 3266 Meuschen die Nalur im Werktagskleide verstehen lernen, die einfache und
1045 3251 2407 3291 schlichte, micht diese, die eine laute, ungebärdige Sprache redel, sondern
1043 3284 2409 3364 jehe, zu der man gelien, die man anfsnelten muß in ihrer wundersamen
1032 3334 1570 3408 Schlichtheit und Schönheil.“
2529 4136 2566 4179 Au
2776 4137 2922 4183 SNE
2975 4113 3136 4183 n
