3344 4320
1932 183 2386 256 —
1491 258 1944 359 box 36/3
164 261 1326 367 1. Panphlets offorints
871 1185 2122 1235 Fritz Wittels, dessen rühmliche Art wir bereis an dieser
755 1247 2113 1298 Stelle geschildert haben, leidenschaftliche, kecke Liebesmotive alt¬
759 1296 2126 1362 wienerisch zu kostümieren, hat eine Sammlung sehr verliebter
762 1340 2126 1421 Novellen herausgegeben: „Alle Liebeshändel“ (Wien, Jahoda &
757 1395 2125 1445 Siegel), „Die drei Schwestern“, „Die Versuchung des jungen
746 1446 2116 1528 Prenberger“, „Ladislaus Posthumus“ „Der Prinz Eugen“, „Das
756 1501 2118 1561 Stammbuch“ sind geradezu Kabinetstücke. Dagegen versagt
753 1550 2130 1614 Wittels einigermaßen bei modernen Problemen in modernem
753 1592 2115 1656 Gewande; einige seiner Novellen leiden auch an Übertreibungen
751 1642 2119 1702 nach der erotischen Seite hin, wie „Der Schlüsselbund“ und „Die
762 1702 2123 1742 vermeintliche Hexe“. Welche Meisterschaft der junge Kollege in
754 1748 2128 1798 Milieuschilderungen besitzt, mit wie sicherer und leichter Hand er
762 1802 1681 1859 zeichnet, sei mit einem Beispiel illustriert.
890 1859 2123 1910 „Der Edelknabe (Prenberger) schilderte mit feurigem Herzen eine
751 1882 2125 1955 Himmelsgestall, und Waller (von der Vogelweide) merkte wohl, daß er die
757 1936 2124 1993 Herzogin (Theodora, Gattin Leopolds des Glorreichen) selber aus dem Glorien¬
753 1980 2119 2032 scheine dieser Verklärung lösen müsse. Der P'renberger warseil zwei Jahren stets
753 2022 2125 2069 um sie, sie lehrte ihn und zwei andere Edelknaben Katechismus und
744 2060 2114 2098 Frauendienst, aber der Prenberger war der älteste, die underen zwei wareh
757 2104 2120 2135 Kinder, und wie er so an langen Winterabenden und verregneten Sommer¬
756 2143 2122 2188 lagen zu ihren Füßen saß und in ihn drängender Frühling war, da hätte
754 2170 2126 2223 seine mütterliche Freundin noch einmal so alt und gänzlich verblüht sein
756 2223 2133 2273 mögen, so wie sie in Wirklichkeit im matten Glanze der letzten Triche
759 2257 2131 2300 sland: der Prenberger hätte sie dennoch gelicbl. Das erkannte Herr Waller,
753 2299 2089 2361 sagte aber nichts dergleichen, sondern meinte nur, wenn es eine 16
749 2350 2129 2369 Dame sei, sei die Gefahr dieser Liebe groß und ob der Prenberger dies
756 2373 2126 2411 bedacht habe ... Unter solehen Gesprächen schrilten sie mileinander über
748 2409 2124 2465 den vielfach winkeligen Kohlmarkt, zwischen den schmalbrüstigen Häuschen,
748 2465 2116 2519 die 80 Spilzgiebelig waren, daß das Dach wohl zweimal so hoch war als
757 2499 2122 2558 der ebenerdlige oder einslöckige Grundbau, dlie hölzernen Sohllen der
757 2538 2117 2591 Schnabelschuhe kuirschten im Schotter, aus dem allenthalben Gras
750 2577 2113 2618 emporwuchs, und aus den Fenstern von allen Seiten sehmellerte fröhlicher
749 2618 2124 2655 Gesang von Amsel, Drossel und Fink, die da in ihren Kätigen saßen, dal
749 2653 2117 2708 man eher vermeinte, im grünen Wald als in der Stadt zu sein. Als sie
751 2704 2113 2744 aber in den alten Teil der Stadt kamen, uiter dlie Lauben, wo die ge¬
760 2742 2111 2781 schäfligen Bürgersfrauen ihre Einkäufe besorgten und das Getöse von Aus¬
754 2777 2124 2849 rufern und anderein lärmenden Tagwerk groß war, da grüßlen viele den
749 2813 1788 2876 edlen Sänger und war balll ein Haufen hinter ihn her.“
874 2856 2120 2912 Der Wiener Kollege Hemrich Keller hat einen neuen
754 2910 2109 2981 Roman geschrieben: „Unterlehrer Straub“ (Berlin, Fleischel), die
754 2961 2106 3034 Geschichte des charaktervollen Lehrers, der sich vom Klerikalismus
747 3015 2109 3082 nicht niederringen läßt. Das Buch hat zeitgeschichtliches Interesse
747 3065 1489 3124 und verrät gute Beobachtungsgabe.
863 3108 2106 3181 Kaum zu überblicken ist die Zahl der Romane und Prosa¬
748 3169 2108 3214 erzählungen von Nichtärzten, in welchen der Doktor umgeht. In
747 3204 2117 3288 Heers „Laubgevind“ (Stultgart, Cotta) spielt der Irrenarzt eine
748 3270 2120 3316 Rolle; Ago Gjems-Seimer schildert im Buche „Aus meinem
744 3313 2114 3361 Leben“ (München, Elzold) ihre Liebe zu einem Arzte; El Gorrei
742 3357 2128 3434 bringt im „Thal des Traumes“ (Stultgart, Gotta) ein ganzes kon¬
736 3428 2129 3498 fuses Sanatorium. Die psychologische Novelle „Drei Menschen“ von
2601 1192 3323 1274 Külpe (Berlin, Scholllaender) lei
2605 1257 3323 1321 kennen, dessen Frau Nora, eine Se
2615 1318 3329 1388 ein Augenarzt in dieser Novelle tei
2608 1368 3322 1425 längstens zwei Jahren unrettbar
2605 1417 3320 1475 zeichnen sich in Romanen durch
2604 1467 3323 1525 Malerei sind sie die größten Wo
2606 1507 3335 1589 Diers schildert: „Die sieben Sorg
2603 1561 3307 1627 Seyfert); der verwitwete Landarzt
2600 1614 3321 1675 und traut ihnen nicht recht; er
2601 1650 3326 1732 in seinen Wagen, seizt sich aufedem
2609 1715 3315 1764 einem Kranken zum anderen; das
2596 1752 3321 1822 gar nicht ausgearbeitet. Kurt Ar
2607 1815 3328 1870 Fleischel) schwankt zwischen Dent
2606 1861 3319 1934 der braven Gatlin lise und der Gel
2596 1907 3326 1980 Roman „Auch eine mit dem Kreppse
2607 1963 3332 2022 einen berühmten Chirurgen, Hofratik
2599 2014 3321 2077 Kranke, Studenten und schöne Frau
2600 2068 3328 2115 Frauen. Er aber bleibt tapferer Jun#
2594 2108 3322 2171 jahre. „Die Frauen sind ihm nur Nei
2592 2162 3322 2225 Mensch, nur das Geschlecht zieht i
2590 2218 3329 2284 die schöne Frau Helene, „ein geist
2591 2265 3333 2332 Tode krank ist. Helene liebt den H
2596 2320 3329 2373 mit dem Kreppschleier“, das sind jen
2590 2362 3322 2418 mit Reden einleiten und beenden:
2596 2413 3321 2472 Was wirst du von mir denken? u.
2587 2459 3316 2529 entsagt dem Chirurgen, wird von
2582 2519 3317 2580 lehnt schließlich ehrlich und charak
2592 2561 3321 2634 ab. Ernst Walter (eine Schriftstelle
2597 2610 3319 2677 schreibt hübsch, sogar geistreich,
2588 2673 3329 2732 an der Epidermis des Lebens hänge
2703 2721 3318 2769 Hans Bartsch schildert in
2596 2757 3326 2815 Steiermark“ (Leipzig, Stackmann),
2592 2801 3321 2882 Humanität von der Kunstgeschichte
2593 2861 3321 2924 Arzt Vollrat mit dem Motto: Behe
2578 2907 3323 2968 Hiresbfeld läßt seinen Arzt
2590 2962 3329 3031 (Berlin, Fischer) schuldig werden di
2586 3011 3328 3082 des Wirtes, Heimdalls Doktot
2592 3065 3319 3135 Seemann) vollbringt es um den Preis
2589 3108 3320 3185 sitzen zu lassen. Karl Rosners ,
2584 3161 3328 3236 Ehbock) schildert die Seelenqualen
2589 3209 3333 3277 kranken. „Das graue Haus“ von Hen
2584 3268 3323 3330 gehört dem alten Gynäkologen Holt
2578 3310 2771 3370 Familie.
2705 3349 3327 3419 Die Schwedin Gabriele Ringe
2592 3409 3319 3486 (Berlin, Schuster und Loeffler) eine
2668 4112 2779 4176 0
2537 4151 2912 4209 K
