3344 4256
148 205 982 316 1 Miscellaneous
1140 166 1582 282 box 41/2
2332 28 2398 79 mi
2620 23 2681 89 #
2143 67 2520 118 (Quellenangebe ohne Gewahr)
1800 124 2187 199 Ausschnitt aus:
2292 165 2863 265 AS. KleinS Sree Barin
2147 191 2428 286 30h l.
1802 236 1932 289 vom
2140 1107 2214 1148 tn
1989 1144 2055 1187 U1
2149 1133 2371 1190 Bühnenscheift
1925 2436 2805 2515 Sudermann.“ Das nächste Buch war: „Die
1921 2486 2793 2563 sversunkene Glocke“. Auf dem Titelblatt stand:
1934 2548 2804 2609 Meinem besten Rautendelein! Mit herzlichem
1932 2572 2801 2632 Jumalai — Gerhart Hauptmann.“ Das Staunen
1936 2620 2784 2665 der kleinen, hübschen Frau Z. . wurde immer
2705 2660 2736 2693 N
1935 2664 2797 2699 größer. „Der Ruf des Lebens!“ Die Wid¬
1922 2698 2801 2753 mung lautete: „Auf die Zusammenhänge kommt
1931 2739 2793 2776 es an! Warum können wir nicht für
2720 2777 2797 2821 er.“
1925 2774 2445 2836 immer zusammenhängen? Ih
1928 2785 2794 2868 — Als Frau Z. ., das nächste Büch aufschtng,
1934 2847 2694 2890 sah sie zu ihrer Verblüffung, daß es
2708 2858 2792 2906 das
1918 2888 2811 2943 letzte — Drama ihres eigenen Mannes war!
1924 2925 2071 2990 Und
2072 2927 2173 2984 auf
2176 2930 2309 2980 der
2350 2927 2820 2985 ersten Seite stand
1936 2969 2812 3027 geschrieben: „Zur Erinnerung an ein paar
1924 3007 2811 3074 köstliche Plauderstunden von Ihrem getreuen;
2085 3053 2750 3102 Entrüstet sprang die kleine Frau Z.
1926 3076 2812 3149 auf. Sie wollte nicht länger warten, sie mußte
1934 3120 2810 3184 sofort ihren Mann sprechen. Das Buch nahm
1928 3164 2678 3219 sie als corpus delicti natürlich mit.
2705 3160 2801 3215 Zu
1925 3192 2364 3257 Hause hatte Herr Z
2430 3197 2806 3256 alle Mühe, seiner
1927 3239 2803 3289 Frau klar zu machen, daß die Schrift der ver¬
1922 3266 2808 3328 fänglichen Widmung doch nur eine schwache
1934 3303 2808 3368 Aehnlichkeit mit seiner eigenen Handschrift
1923 3345 2805 3415 habe, daß er Fräulein Alma H... gar nicht
1928 3385 2805 3457 kenne, und daß er sie gleich morgen aufsuchen
1924 3434 2793 3469 wolle, um zu erfahren, wie die ganze dumme
1930 3466 2795 3512 Geschichte eigentlich zusammenhänge. Das tat
1928 3507 2804 3566 er auch, abex er blieb fast zwei Stunden bei
1920 3546 2245 3592 Fräulein Alma.
2346 3548 2793 3601 war eben eine ganz
1923 3580 2620 3639 komplizierte Geschichte. Seiner Frau
2621 3589 2797 3639 erzählte
1990 3619 2804 3681 ein Freund von ihm habe sich den alber¬
1921 3661 2750 3708 nen Scherz gemacht. Die kleine Frau Z
1917 3698 2787 3754 beruhigte sich dabei. Aber sie weiß auch nicht,
1923 3739 2791 3781 daß ihr Mann seitdem jede Woche mindestens
1922 3786 2793 3832 zweimal bei Fräulein Alma H.. ist, und daß
1923 3817 2792 3870 Fräulein Alma jetzt ein Exemplar seines Dra¬
1923 3851 2792 3895 mas besitzt, in das Herr Z.. wirklich mit
1922 3894 2785 3948 eigener Hand die Widmung geschrie¬
1917 3918 2800 3979 ben hat: „Zur Erinnerung an ein paars
1917 3962 2394 4021 köstliche Plauderstunden!“
2448 3969 2789 4023 In dem ganzen
1915 4017 2785 4073 Bücherschatz, den Fräulein Alma H## besitzt
1920 4045 2582 4093 ist das die einzige echte Widmung.
