3344 4256
1143 272 1602 370 box 41/1
143 280 1009 392 1. Miscellaneons
1724 372 2797 466 nhaltlichen Abdruck“ gebeten. Leider konnte
1709 436 2787 518 das nicht geschehen, da das Telegramm zu
1719 474 2788 556 spät in meine Hände gelangte, nämlich nach
1713 522 2789 606 Mitternacht (ich war den Abend nicht zu
1708 566 2794 638 Hause gewesen). Übrigens schien mir eine wörtliche
1710 602 2787 688 Wiedergabe dieses Telegrammes auch im Sinne
1713 660 2789 734 Schnitzlers nicht notwendig, da der Betrug an sich
1711 705 2794 782 ja schon offen aufgedeckt war, Schnitzler selber
2670 738 2795 798 den
1715 745 2662 812 aber in dem erklärlichen Arger über
1711 781 2796 869 empörenden Mißbrauch seines Namens in seinen
1715 831 2800 911 Folgerungen m. E. ein wenig zu weit ging.
1721 877 2798 945 Er hatte nämlich in jener zweiten Drahtung seine
1726 893 2816 985 Verwunderung ausgesprochen, daß man die mit
1718 963 2803 1040 seinem Namen unterzeichneten Telegramme hier für
1730 1002 2813 1076 echt gehalten und nicht noch vor der Aufführung ihn
1728 1045 2804 1124 um Aufklärung ersucht hatte. Das vermag ich nicht
1730 1077 2813 1154 einzusehen. Die vier oder fünf Kollegen, mit denen
1729 1125 2815 1216 ich über den Fall gesprochen habe, waren derselben
1718 1181 2802 1255 Meinung: kein Mensch hat ursprünglich an eine
1735 1220 2809 1300 Fälschung gedacht. Das Telegramm hatte in kurzer sach¬
1733 1258 2808 1339 licher Weise auf die Vorstellung hingewiesen — weshalb
1729 1311 2814 1396 sollte das so unglaublich sein? Giebt es denn nicht
1735 1353 2812 1432 Fälle, wo ein Schriftsteller, der ein warmes Herz
1732 1392 2817 1484 für die Entwicklung unserer Litteratur hat, ein junges
1735 1441 2813 1515 unbeachtetes Talent der Beachtung empfehlen darf?
1740 1501 2807 1568 Der Fall ist interessant genug, um kurz prinzipiell er¬
1730 1535 2817 1615 örtert zu werden. Gesetzt, ein angesehener Schrift¬
1732 1575 2810 1650 steller hat das Glück, ein junges verborgenes
2393 1616 2817 1683 hat ein Drama
1747 1632 2317 1701 Talent zu entdecken;
1743 1661 2812 1743 von ihm gelesen, das vielleicht noch Anfängerschwächer
1734 1698 2811 1787 hat, aber doch Großes für die Zukunft verspricht
1738 1744 2820 1831 Daß unsere „ersten“ Bühnen das Risiko eines Ver¬
1749 1786 2823 1858 suchs mit dem Anfänger nicht auf sich nehmen
1752 1832 2819 1906 würden, ist nach dem Stand des gegenwärtigen
1746 1874 2823 1946 dramatischen Geschäftsbetriebes nicht nur nicht ver¬
1737 1908 2820 2015 wunderlich, sondern selbstverständlich; da gelingt es
1745 1962 2836 2046 eine kleine Vorstadtbühne, die in der Regel
1757 2011 2825 2084 von der litterarischen Kritik nicht besucht wird,
1757 2050 2829 2131 zu einer Aufführung des Werkes zu veranlassen.
1029 2074 1474 2168 Telephon 12801.
1765 2099 2826 2172 Was sollte in diesem Fall jenen Schriftsteller, der
637 2180 2834 2266 Alex. Weigl’s Unternehmen für Zeitungs-Ausschy das junge Genie entdeckt zu haben glaubt, hindern
1766 2174 2846 2257 einige Kritiker auf die Aufführung hinzuweisen,
1657 2229 1774 2289 Ausst
1770 2226 2831 2301 damit sie sich das Drama wenigstens einmal an¬
1760 2268 2834 2343 sehen? Ich würde das in solchem Falle sogar für
885 2239 1554 2386 „OBSERYER
1768 2307 2840 2387 eine litterarische Ehrenpflicht halten. Denn dadurch,
1774 2359 2849 2441 daß ein junger Dramatiker seine Gestalten
528 2375 1779 2442 I. österr. behördl. conc. Bureau für Zeitungsberichte u. Personaln
1772 2410 2843 2477 einmal auf der Bühne sieht, ihre Wirkung
647 2442 1771 2531 4 ZWien, IX/1, Türkenstrasse 17.
1774 2439 2838 2522 im Lampenlicht auf die Zuschauermenge spürt,
1778 2470 2842 2566 dadurch, daß er am nächsten Tage ver¬
956 2500 1615 2587 - Filiale in Budapest: „Figyelö“ —
1783 2521 2837 2618 schiedene Stimmen der berufenen Kritik ver¬
552 2558 1770 2657 Vertretungen in Berlin, Chicago, Genf, London, Newyork, Paris, Rom,
1775 2573 2838 2656 nimmt, lernt er in zwei Tagen mehr für seine
1775 2618 2846 2696 Bühnenentwicklung, als durch jahrelanges Studium.
1831 2650 2852 2736 Man stelle sich einmal vor, Heinrich von Kleist
1458 2715 2848 2809 1444 wäre so glücklich gewesen, seine geniale „Familie
538 2704 1081 2806 Ausschnitt aus:
1773 2761 2845 2836 Schroffenstein“ oder Grabbe seinen „Herzog
1775 2781 2850 2875 Theodor“ auf der Bühne zu sehen, man darf
2047 2839 2848 2918 annehmen daß die Lose der
1769 2860 2060 2930 thatsächlich
544 2844 1114 2942 vor: /74—777 2
1775 2877 2852 2953 beiden unglücklichen Dichter sich anders gestaltet
1779 2918 2852 3014 hätten. Nicht nur, daß sie ihre Stärken und ihre
1792 2970 2861 3049 Schwächen in scharfem Licht vor Augen gehabt
1787 3016 2862 3094 hätten und dadurch mit einem Schlage in der Reife
1783 3056 2851 3143 wesentlich gesördert worden wären — einsichtige
1790 3088 2859 3186 Kritiker würden auch auf sie aufmerksam gemacht
1785 3135 2856 3232 und sie fortan nicht mehr aus dem Auge verloren
916 3144 1545 3230 Theater und Musik.
1796 3188 2873 3277 haben. Also daß aus sachlichen, litterarischen
743 3199 1744 3311 Ein Nachwort zur Fälschung des Herrn
1797 3237 2866 3316 Gründen eine solche Empfehlung unstatthaft wäre,
1094 3269 1412 3337 von Jurco.
1797 3293 2383 3370 vermag ich nicht einzusehen.
761 3289 1791 3382 Wir hielten die Angelegenheit der gefälschten
1838 3313 2860 3403 Ebenso steht es mit dem Verlangen, wir hätten
710 3341 1809 3431 Telegramme (vergl. die Morgen= und Abend=a
1805 3364 2869 3438 jach Empfang jenes Arthur Schnitzler unterzeichneten
709 3383 1808 3476 ausgabe vom 26. v. M.) für erledigt, aber einerseitsst
1784 3402 2878 3509 Telegramms uns sogleich bei Herrn Dr. Schnitzler
705 3438 1788 3528 wünscht Herr Dr. Arthur Schnitzler selber noch
1797 3454 2869 3524 erkundigen sollen (doch wohl drahtlich, da sonst die
702 3500 1791 3576 seinen Zusatz zu unserer Aufklärung des Schwindels,
1794 3480 2877 3563 Zeit nicht ausreichte?), ob er auch wirklich der Ab¬
705 3527 1791 3619 andererseits wird es unsere Leser interessieren,
1796 3533 2883 3631 sender sei. Du lieber Himmel, so aufregend war die
722 3586 1786 3653 zu hören, daß der Absender der Empfehlungs¬
1808 3575 2873 3666 Sache doch wirklich nicht. Den Kritikern der großen
718 3615 1798 3691 telegramme der Verfasser von „Die Kinder der
554 3617 685 3703 Für
1800 3618 2864 3718 Berliner Zeitungen fliegen öfters Briefe oder Tele¬
734 3659 1796 3736 Armen“ selber ist, er nennt sich Gréger Ernest,
1806 3654 2870 3758 gramme von sehr bekannten Persönlichkeiten ins
715 3700 1789 3776 Edler (!) von Jurco, wohnhaft Wien IV
1804 3710 2873 3801 Haus, da hätte man viel zu thun, wenn man sich jedes¬
597 3730 1788 3842 „ 10 Preßgasse 28. Dieser „Edle“ hat vor der Auf.
1806 3751 2876 3840 mal sogleich nach einer etwaigen Fälschung erkundigen
725 3793 1798 3868 führung seines jammervollen Dramas die Naivetät
1816 3802 2883 3890 sollte. Die Sache mußte sich ja ohnehin aufklären.
578 3835 1801 3936 Abonne gehabt, an den Direktor Karl Weiß zu schreiben:
1806 3844 2887 3926 Dem Namen Schnitzler glaubte ich allerdings einen
736 3881 1799 3956 „Ich veranlaßte bereits, daß diese Premiere der
1805 3885 2872 3976 Besuch der empfohlenen Vorstellung schuldig zu sein.
569 3915 743 3975 Abonne
725 3913 1801 4002 Aufmerksamkeit der Kritiker sämtlicher bedeu¬
1812 3918 2877 4013 Als ich das Stück ansah, kam mir die Gewißheit,
1399 3967 1806 4039 einen berühmten
718 3963 1414 4046 tenden Blätter Berlins durch
1815 3965 2881 4060 daß eine Fälschung vorliegen mußte und ich deckte sie
1491 4008 1798 4070 Wie Herr
573 4018 1436 4101 Inhalts Fachmann empfohlen werde.
1808 4009 2888 4116 öffentlich auf, der Kollege einer anderen hiesigen
574 4052 1803 4128 blätt von Jurco dies „veranlaßte“ ist jedenfalls ebenso
1809 4063 2886 4152 Zeitung machte es ebenso; „korrekter“ konnten wir
580 4099 1803 4157 vodure praktisch wie interessant, er schrieb die Telegramme
1699 4146 1761 4191 K
