3344 4224
293 162 992 281 Miscellaneols
1146 135 1597 243 box 41/2
1224 881 1555 941 DER KIEBITZ.
918 1115 1872 1224 Das geistreiche Wlien.
901 1357 1736 1451 Jawohl, nicht mehr ist unser Wien
917 1424 1481 1503 Ein Capua der Geister:
914 1482 1557 1562 Wir haben in der Literatur
917 1549 1623 1627 Gar manchen grossen Meister.
912 1651 1732 1728 Die Schreiberinnung ist sehr gross,
921 1712 1615 1795 s gibt viel' Erzeugungsstellen;
931 1759 1679 1842 Wir haben Meister von der Zunst
926 1832 1510 1925 Und sonderbare Gesellen.
927 1911 1816 2004 Am-reichsten blüht das Drama bei uns,
933 1993 1504 2075 Es schaffen viele Firmen,
933 2035 1735 2131 Doch tut die Heimat nicht gar viel,
928 2104 1586 2180 Die Produktion zu schirmen.
939 2205 1854 2282 Da haben zunächst wir Hermann Bahr,
938 2274 1666 2349 Den ewig sprudelnden Bronnen,
942 2328 1720 2403 Den Treffer die Wiener Muse hat
946 2398 1743 2456 In der Linzer Ziehung gewonnen.
942 2487 1637 2575 In Linz erwachte sein Talent,
938 2550 1722 2634 Dort ward er sinnreich und hitzig,
950 2615 1690 2695 In Wien war er Couleurstudent,
942 2673 1717 2768 Dann ward er — czernowitzig.
951 2783 1698 2851 Er reiste viel in Europa herum
948 2852 1667 2922 Und suchte nach Sensationen;
944 2908 1600 2977 Er lobte, was zu loben war,
952 2955 1749 3028 Auch ohne sich selbst zu schonen.
965 3053 1784 3139 Dank Isidor Singer’s Wochen-„Zeit“
963 3124 1722 3193 Ist Bahr in Wien uns geblieben,
951 3175 1931 3247 Man sagte, dass statt den Lesern die Zeit,
946 3241 1736 3325 Der „Zeit“ er die Leser vertrieben.
1896 1011 2051 1118 70
1972 1154 2210 1317 2
