3344 4320
1119 251 1568 352 box 41/1
274 266 376 333 Mi
125 269 973 371 1.Sceilaneons
651 1220 1120 1312 Telephon 12801.
269 1320 1497 1398 Alex. Welgl’s Unternehmen für Zeitungs-Aussohnitte
1096 1393 1443 1497 Dee Ausschnitt
518 1420 1204 1530 „OBSLIVEN
1283 1449 1560 1551 Nr. 34
147 1507 1611 1604 I. österrbeherdl. conc. Bureau für Zeitungsberichte u. Personalnachrichten
425 1576 1357 1671 Wien, I., Concondiaplatz 4.
160 1616 1607 1715 Vertretungen in Berlin, Budapest, Chicago, Genf, London, Newyork, Paris, Rom,
517 1697 1253 1770 Stockholm, Kristiania, St. Petersburg.
1392 1780 1475 1842 5%
771 1777 835 1839 11
149 1794 1491 1899 Ausschnitt aus: „gatsizies Wiener Caff abrun
139 1905 482 2029 vom: %%
474 1938 699 2048 11401
370 2130 1281 2220 * Richtigstellung. In einem Absatz der
273 2205 1271 2252 interessanten Aeußerungen Arthur Schnitzler's
267 2238 1275 2283 über den Censurerlaß (siehe heutiges Morgenblatt)
276 2281 1278 2327 ist eine sinnstörende Verhebung enthalten. Es muß
270 2321 1273 2369 richtig heißen: „nur soll das Publicum so reif sein,
267 2353 1272 2402 daß es nicht für oder gegen die Tendenz sich erklärt,
275 2391 1279 2441 sondern blos darüber urtheilt, ob es dem Dichter
275 2441 1271 2478 gelungen ist, über eine bestimmte Tendenz sich aus¬
265 2475 1274 2522 zusprechen.“ Der Nachsatz, „die man vorher als
270 2503 1271 2560 zulässig erkannt hatte“, ist eine irrthümliche Wieder¬
271 2544 1273 2614 holung aus einem anderen Passus und ist zu
257 2581 497 2651 eliminiren.
622 2699 1119 2776 Bezugs-Bedingungen:
155 2746 240 2818 Für
266 2761 1305 2823 50 Zeitungsanssehnitte (Artikel oder Notizen) Kr. 15.—
1368 2785 1557 2847 inclstve
242 2802 349 2849 100
1217 2799 1354 2875 28.—
1348 2833 1530 2883 Porto.
241 2842 354 2884 200
1211 2852 1345 2897 50.—
238 2877 354 2922 500
1184 2870 1546 2934 110.— Zahlbar
899 2896 936 2937 „
213 2910 360 2973 1000
1189 2909 1581 2979 200.— im Voraus.
267 2943 1583 3012 Im Gegensatze zu anderen Bureaux für Zeitungsausschnitte ist das
152 2984 1589 3057 Abonnement durch keine bestimmte Zeitdauer begrenzt; anen steht es den
146 3047 1459 3107 Abonnenten frei die aufgegebenen Themen zu ergänzen oder zu ändern.
267 3130 1581 3172 Der „OBSERVER“ veranstaltet täglich einen Auszug enthaltend die
155 3168 1583 3213 Inhaltsangabe aller wichtigen Mittheilungen der Wiener Morgen¬
152 3212 1584 3256 blätter (Tagesjournale ausser „Neue Freie Presse“ und „Wiener Zeitung")
157 3257 1586 3296 wodurch eine Uebersicht über das gesammte politische und wirthschaftliche
143 3289 1589 3338 Leben des In- und Auslandes in drastischer Kürze geboten wird. Diese Mit¬
147 3327 1165 3381 theilungen werden in Wien um 9 Uhr Früh verschiekt.
479 3423 1244 3490 Prospecte gratis und fnanco.
2243 543 2710 627 Telephon 12801.
1868 635 3059 689 Alex. Weigl’s Unternehmen für Zeitungs-Ausschnitte
2746 698 3017 782 2 Ausschnitt
1722 726 2788 853 FA IOS „OBSERYEN
2863 758 3135 856 Nr. 41
1756 847 3191 891 I. österr. behördl. conc. Bureau für Zeitungsberichte u. Personalnachrichten
2022 899 2926 970 Wien, I., Concondiaplatz 4.
1756 957 3188 1019 Vertretungen in Berlin, Budapest, Chicago, Genf, London, Newyork, Paris, Rom,
2120 1015 2829 1073 Stockholm, Kristiania, St. Petersburg.
2333 1090 3102 1195 Echstanor Neuesto Fachidant
1754 1139 2331 1221 Ausschnitt aus:
2268 1274 2357 1349 10
1770 1287 2032 1360 vom:
2141 1276 2244 1368 9 7
2044 1431 2869 1536 Oesterreich=Ungarn
1954 1511 2851 1596 6% Wien, 15. April. Der Erlaß über die
1900 1577 2849 1636 Theaterzenfur, den der Ministerpräsident Dr.
1902 1613 2861 1689 v. Körber jüngst an die betreffenden Behörden,
1898 1660 2872 1716 gerichtet hat, findet im allgemeinen ungeteilten
1899 1712 2850 1774 Beifall. Man erkennt durchwegs die wohlwollende
1910 1757 2857 1809 Absicht an, welche den Ministerpräsidenten leitet,
1896 1802 2861 1864 und ist mit dem Versuche, den engherzigen, ver¬
1908 1843 2850 1899 zopften Polizeigeist aus den Verfügungen der
1914 1881 2859 1940 Zensurbehörden zu entfernen, vollständig einver¬
1917 1930 2853 1999 standen. Dennoch wird die Nützlichkeit einiger Be¬
1910 1963 2858 2044 stimmungen des Erlasses angezweifelt. Das „Ill.
1903 2019 2903 2088 Wiener Ertrahlatt hat den Burathenter=Direttor
1892 2076 2910 2134 Dr. Paul Schlenther, den Dichter Dr. Artur 15.—
1771 2066 1877 2150 Für
2847 2097 3168 2193 8.— inelusive
1895 2113 2841 2178 Schnitzler und den Landtagsabgeordneten
2977 2151 3133 2199 Porto.
2853 2170 2945 2218 0.—
1900 2160 2847 2209 und angesehenen Wiener Advokaten Dr. Edmund
2960 2186 3145 2237 Zahlbar
1892 2208 2850 2275 Benedikt über ihr Urteil bezüglich des Erlasses
2843 2221 3184 2296 00.— im Voraus.
1898 2251 2836 2319 befragt, und alle drei Herren haben, obwohl sie den
1893 2285 3191 2339 Erlaß im allgemeinen billigen, einige Einwendun= Isschnitte ist das
2845 2332 3187 2393 auch steht es den
1767 2326 1891 2387 Abon
1902 2340 2841 2403 gen erhoben. Dr. Schlenther findet es für unnütz
2859 2371 3070 2427 zu ändern.
1770 2373 1897 2441 Abon
1899 2387 2841 2426 und ungünstig, daß in den neu zu schaffenden Zen¬
1893 2424 2849 2472 surbeirat auch ein Bühnendichter oder Theater¬
1899 2449 3183 2533 direktor aufgenommen werde. Denn bei der Zensur is enthaltend die
2846 2497 3177 2548 ner Morgen¬
1760 2475 1891 2547 Inhal
1902 2513 2830 2576 kämen keine literarisch=ästhetischen Prüfungen in
2839 2529 3191 2585 Wiener Zeitung")
1768 2537 1887 2591 blä
1894 2563 2833 2617 Betracht, sondern sie könne sich nur auf sittenpoli¬
2833 2575 3192 2636 d wirthschaftliche
1766 2580 1886 2627 wodu
1899 2600 2832 2654 teiliche, rechts= und staatswidrige, religiöse und po¬
2845 2612 3189 2681 wird. Diese Mit¬
1773 2618 1889 2663 Lebei
1907 2651 2834 2701 litische Momente erstrecken. Damit habe aber ein
1766 2658 1894 2723 theilt
1893 2694 2849 2765 literarischer Fachmann nichts zu tun, der nur ein
1894 2741 2854 2801 Geschmacksurteil abgeben könne. Der literarische
1888 2778 2848 2836 Fachmann werde seinem Votum nur sein Ge¬
1890 2826 2841 2885 schmacksurteil zu Grunde legen, und dies sei na¬
1891 2864 2836 2917 mentlich in Zeiten literarischer Kämpfe bedenklich.
1895 2911 2843 2986 Aich wünschte Dr. Schlenther eine präzisere Fas¬
1890 2957 2852 3024 sung einzelner Punkte, z. B. jenes, der über die
1895 3003 2837 3042 Sinnlichkeit handelt; auf Grund des Wortlautes
1898 3043 2831 3117 des Erlasses könnte es einem Zensor immerhin noch
1893 3080 2836 3145 einfallen, „Romeo und Julia zu verbieten. Wenn
1888 3137 2830 3195 schon überhaupt eine Zensur bestehen müsse, so
1900 3176 2845 3237 möge man mehrere Instanzen schaffen, so daß den
1888 3220 2830 3280 Dichtern und Direktoren ermöglicht würde,
1891 3269 2830 3323 gegen ein Zensurverbot den Rechtsweg zu beschrei¬
1893 3313 2835 3367 ten. Dr. Schnitzler fürchtet wiederum, daß der
1881 3355 2836 3406 literarische Fachmann im Zensurbeirat von dem
1878 3403 2843 3457 richterlichen Zensor und dem Verwaltungsbeamtens
1881 3445 2830 3497 zu häufig überstimmt werden wird. Ihm erschiene
1895 3491 2831 3549 es am richtigsten, wenn man die Autoren für ihre
1881 3528 2837 3591 Werke verantwortlich machen würde. Doch gibt er
1888 3571 2841 3634 selbst zu, daß dies nur ein schöner Traum sei. Und
1886 3621 2826 3683 Dr. Benedikt hält ebenfalls von dem literarischen
1884 3664 2823 3708 Fachmann nicht viel. Auch er hält es für wichtiger,
1881 3697 2830 3757 einen Rechtszug an den Verwaltungsgerichtshof
1878 3741 2838 3803 einzurichten. Man solle die Dichter und ihre Werke
1886 3789 2830 3846 dem freien Ermessen der Polizei entziehen und
1885 3833 2831 3905 ihnen ermöglichen, bei den obersten Richtern Schutz
1870 3874 2121 3952 zu finden.“
