3392 4256
1177 230 1629 338 box 41/2
263 263 1025 379 Miscellaneous
1302 1025 2005 1092 E. Koväcs: Das ungarische Drama.
865 1054 966 1147 42
852 1107 2460 1231 wicklung der Weltanschauung. Bünk wird ein seelischer Krüppel, die kluge
857 1173 2448 1275 Königin Gertrud wird ermordet, die schöne Melinda verliert den Verstand,
866 1214 2455 1333 später das Leben, weil . . . ja, weil der Prinz Otto sie verführt hat. Mittels
871 1274 2450 1374 eines Schlaftrunkes verführt. Sie ist dem liebenden und geliebten Gatten
867 1334 2468 1415 nicht untren geworden, ein Bubenstück hat ihre — unser streuger Strafkoder
877 1381 2456 1477 würde sagen — Zurechnungsfähigkeit geraubt. Ein Unglück? Ein ver¬
867 1418 2459 1530 pfuschtes Leben? Eine Tragödie? Einst hat man das so empfunden. Die
881 1470 2461 1569 Vielzuvielen empfinden es heute nicht anders. Aber die Umwertung aller
871 1515 2463 1615 Werte hat begonnen. Der die Frauenehre, nicht die kleinliche, physische, sondern
874 1572 2459 1669 die seelische, die großartige richtig einschätzt, dem wird dies Drama wenig
1957 1621 2470 1687 Shakespeare hat eine
884 1642 1846 1721 sagen. Die Entwicklung der Weltanschanung
883 1670 2468 1774 Komödie geschrieben und wir fühlten die Tragik, ausschließlich die Tragik des
891 1748 1480 1819 „Kaufmanns von Venedig“.
1096 1782 2468 1885 Die mächtige Arbeit des Dreiundzwanzigjährigen hat man nicht be¬
883 1825 2472 1939 merkt. Und die müde Hand ließ die Feder fallen. Und die Vergangenheit
880 1893 2474 1992 des ungarischen Dramas ist durch diesen empörend=einfältigen Zufall — eben
892 1971 1235 2045 Vergangenheit.
1000 2080 2491 2199 Die Gegenwart wird kaum Zukunft werden. Man könnte natürlich auch
893 2186 2480 2250 einen milderen Maßstab nehmen; höfliche Konzessionen machen; die Halb¬
891 2194 2482 2300 talente und die dramatischen Handwerker unterscheiden: aber im letzten
891 2252 2477 2335 Grunde kommt es nur darauf an, daß man mit Höhe und Breite der Er¬
900 2302 2485 2407 scheinungen auch den Maßstab dem Leser angibt. Wenn man also sagl: von
898 2345 2486 2462 dem heutigen deutschen Drama wird der eine Gerhart Hauptmann gewiß,
902 2412 2482 2507 und vielleicht ... vielleicht auch Arthur Schnitzler unser Zeitalter überleben,
908 2450 2488 2542 dann muß man es auch klipp und klar gestehen, daß die Gegenwart des
902 2500 2493 2612 ungarischen Dramas kaum Zukunft werden wird. Es fehlt noch immer die
904 2550 2497 2662 große, überwältigende Persönlichkeit; und die vorhandenen, mitunter sehr
907 2596 2485 2691 reichen Begabungen werden von einer kulturellen Strömung gestört, die man
906 2652 2497 2736 die nationale, vielleicht noch richtiger die politische Tendenz des ungarischen
908 2727 1436 2802 Dramas nennen könnte.
1022 2764 2490 2846 Das ungarische Drama will einen nationalen Charakter haben. (Die
911 2827 2483 2902 Welt als Wille und Theatervorstellung ...) Es ist ja nur eine oberfläch¬
916 2855 2490 2948 liche Theorie, die nicht überlegt, daß die ungarische Dramenliteratur die naur¬
910 2911 2494 3005 nale Note haben muß, auch ohne die fortwährend betonte Absicht; aber die
924 2952 2500 3051 zum Ueberdruß wiederholte, ganz überflüssigerweise unterstrichene Tendenz
920 3005 2501 3090 kann eben die Halbtalente beirrm. Coriolan ist ein englisches, Iphigenie oder
924 3044 2509 3143 der Tasso ein deutsches Kunstoerk; und wenn die ungarischen Dramatiker
907 3111 2507 3188 trotzdem die vaterländische Geschichte der ausländischen womöglich vorziehen,
924 3152 2513 3248 so ist das ihr gutes Recht, — nur darf das historische Allgemeinbewußtsein nicht
924 3211 2509 3282 die persönliche Charakteristik ersetzen. Auch das Gesellschaftsdrama kann ge¬
918 3261 2507 3326 trost die Aeußerlichkeiten der ungarischen Gesellschaft verzeichnen, — nur wird
917 3296 2507 3380 eine allzustrenge Kontrolle dieser Aeußerlichkeiten die inneren Probleme ver¬
923 3342 2512 3445 gessen, vielleicht verdrängen. Dr. Stockmann ist unleugbar der Arzt eines
929 3394 2511 3500 norwegischen Badeortes, von Wehrhahn in der Tat ein preußischer Beamter:
934 3479 2529 3545 wie ist das aber nebensächlich! Menschen soll der Dichter gestalten! Mit
