3392 4352
1141 272 1619 376 box 41/2
210 278 994 412 Miscellaneons
2701 885 3062 978 3. April 1906.
1685 895 2310 988 „Deutsches Volksblatt“
938 896 1313 989 Wien, Dienstag
374 901 603 1000 Seite 2
319 989 3340 1056 Dazu kommt allerdings noch ein nicht zu übersehender Krone verletzen und herabsetzen. Wenn es dem Grafen An=[Druckerei und eine geheime photog
334 1000 3337 1096 Umstand. Die Leitung unserer Hofbühne ist gegen=drassy wirklich so wehe tut, daß die Autorität der Krone entdecktwordenseien. Außerillustriertenrevol
330 1045 3332 1151 wärtig in den Händen eines Mannes, der herabgesetzt werde, dann erlauben wir uns ihm aufs wärmste wurden auch drei Bomben gefund
2556 1107 3343 1173 wurden verhaftet, darunter zwei Frau#
1445 1113 2564 1167 zu empfehlen, daß er sich mit seinen Mahnworten an die
319 1112 1480 1209 trotzdem er bereits eine erkleckliche Reihe von
2555 1143 3334 1207 Wohnung eines gewissen Kornano
1464 1141 2557 1204 Führer der seine Politik unterstützenden Presse wende. Graf
2551 1181 3345 1260 Polizei gestern 700 scharfe Patronen,
326 1194 2567 1253 Jahren Wiener Luft atmet, sich noch immer über die Andrassy möge durch seinen Einfluß bewirken, daß in der
2559 1239 2906 1313 Patronenapparat.
331 1239 2554 1293 Empfindungen der Bewohner der Reichshauptstadt Presse keine Majestätsbeleidigungen verübt werden
321 1263 2562 1344 völlig im unklaren befindet. Die Elemente, zu welchen und daß gegen die Autorität des Königs nicht gehetzt werde.
2612 1296 3336 1393 Die russische Anleihe auf deutsch
331 1301 2568 1388 er in persönliche Beziehungen getreten ist, haben natür= Graf Andrassy möge ferner die Gelegenheit ergreifen, die
1452 1367 2571 1426 Munizipien zu erinnern, daß sie die Wirksamkeit der von
2626 1364 3339 1446 Berlin, 2. April. (Eigene Dra
336 1375 1463 1435 lich ein intensives Interesse daran, daß sih in dieser
1455 1414 2555 1472 Seiner Majestät ernannten Obergespäne nicht unmöglich
2555 1404 3331 1490 In hiesigen Finanzkreisen war heute
332 1420 1459 1501 Beziehung nichts ändert, und so wird Herr Doktor
1450 1461 2554 1510 machen. In erster Reihe muß jedoch der Führer der Koali¬
2553 1460 3340 1523 breitet, daß die deutsche Regierung sich
339 1455 1462 1550 Schlenther sich wahrscheinlich gar nicht bewußt
1441 1496 2563 1555 tion darauf achten, daß die Koalition den gesetzlichen
2562 1513 3341 1569 russische Anleihe auf dem Heutschen Markte
334 1510 1461 1594 geworden sein, wie schwer er sich gegen die Gefühle
1459 1540 2563 1619 Herrscherrechten Seiner Majestät die schul¬
2544 1555 3327 1620 Tatsächlich ist eine Entscheidung darüber
331 1569 1461 1647 der Deutschösterreicher vergangen hat, als er Friedrich
1437 1587 1970 1665 sdige Achtung erweise.
2545 1595 3343 1658 weil erst Untersuchungen eingeleitet wurd
339 1614 1466 1683 Halms hundertsten Geburtstag vorübergehen ließ, ohne
2559 1642 3338 1694 Anleihebedürfnis des deut
339 1654 3344 1746 im Spielplane der Hofbühne auf denselben Rücksicht Ein zur Raison gekommenes Munizipium. die Beteiligung des deutschen Geldmar
326 1712 1464 1784 zu nehmen. Das aber zeigt eben, wie verfehlt es war,
1532 1716 2573 1780 Die Generalversommlung der Stadt Fünfkirchen hat über
2554 1716 3225 1809 Anleihen möglich erscheinen lassen.
337 1746 1464 1833 die Leitung der ersten Schauspielbühne des Reiches
1456 1776 2571 1832 Antrag des Wohlfahrtsausschusses einstimmig beschlossen,
1452 1820 2575 1880 daß die bisher zurückgehaltenen staatlichen Steuern
331 1822 1465 1891 einem Manne anzuvertrauen, dem Empfindung und
1458 1850 2103 1938 abgeliefert werden sollen.
340 1851 1474 1931 Verständnis für das, was dem Deutschösterreicher in
2889 1849 3334 1976 Vom Tage.
340 1911 1475 1979 Vergangenheit und Gegenwart lieb und wert ist, voll¬
1495 1932 2543 2006 Das Pester Bezirksgericht gegen Csapo.
2632 1949 3345 2018 Der Ministerpräsident Freiherr v. G
345 1968 662 2043 ständig fehlt.
1534 1996 3357 2070 Das Bezirksgericht hat heute in einem Bescheide aus= heute zum Kurgebrauche nach Karlsbad bec
1452 2046 2575 2109 gesprochen, daß es den durch den königlichen Kommissär
2565 2044 3349 2122 vom Kaiser in längerer Audienz empfang
1454 2078 2580 2162 des Pester Komitates ernannten Vizegespan Csapo
509 2045 1332 2176 Die Krise in Ungarn.
2628 2116 3333 2164 Das Geheimnis der plötzlichen
1437 2130 2571 2189 [nicht als solchen anerkenne und seine an
2565 2132 3352 2205 Krainer Landtages ist nun enthüllt
1011 2148 1444 2246 Ofen=Pest, 2. April.
1443 2175 2577 2242 das Bezirksgericht gerichtete Zuschrift nicht als amtliche
2569 2190 3356 2253 Eröffnungssitzung teilte der Landespräsid
1453 2231 2564 2280 Zuschrift betrachte. Das Bezirksgericht begründet diese Auf¬
583 2216 1247 2303 (Eigene Draytnachricht.)
2566 2236 3350 2293 daß bei den ganz verschiedenartigen Wi
1452 2277 3354 2341 fassung damit, daß laut Entscheidung des Verwaltungs= Landtage und der Reichsvertretung das
1879 2311 2565 2374 königliche Kommissär
1460 2304 1867 2381 gerichtshofes der
531 2293 1293 2381 Ministerpräsident Fejervary.
2562 2314 3357 2374 Stimmrecht für den Reichsrat kein
2559 2364 3346 2433 sei, den Grundsatz der Interessenv
432 2341 2566 2438 Gegenüber der Meldung vrschiedener Blätter, daß  nicht mehr Rechte ausüben könne als der
1473 2408 3352 2473 Obergespan. Da dieser den Vizegespan nicht zu er- den Landtagen zu verdrängen. Etwe
344 2412 1478 2487 Baron Fejervary morgen nach Wien reisen werde,
1466 2441 2562 2499 nennen berechtigt sei, so stehe dies auch nicht dem könig¬
2569 2447 3363 2511 Vertretung eines Selbstverwaltungskör
343 2446 1481 2517 meldet man von zuständiger Seite, daß für die nächsten
1465 2483 2566 2543 lichen Kommissär zu. Daher sei auch der vom königlichen
2568 2499 3352 2558 anderes sei die Vertretung des großen
342 2503 1469 2579 Tage eine Wiener Reise des Kabinettschefs
1457 2525 2569 2594 Kommissär ernannte Vizegespan Csapo nicht als Vizegespan
2561 2523 3329 2608 Regierung sei überzeugt, daß die
344 2551 1266 2620 nicht in Aussicht genommen sei.
1463 2569 2574 2641 zu betrachten. Der Vizegespan Csapo übergab diesen Be¬
2891 2563 3353 2640 in den Landtage
2571 2572 2900 2635 essenvertretung
1480 2608 2360 2695 scheid dem königlichen Kommissär Rudnay.
2556 2626 3358 2684 Kurienwahlrecht einen wirksamen Schutz
556 2625 1284 2698 Graf Andrassy der Hetzer.
2560 2666 3347 2737 klarer zum Ausdrucke komme bei dem S
449 2702 1490 2761 „Magyar Nemzet“ veröffentlicht heute an
2570 2701 3354 2769 essenvertretung, ergänzt durch eine Kur
337 2737 1475 2794 leitender Stelle folgende Erwiderung auf den gestrigen
2567 2759 3354 2813 gemeinen Wählerklasse, als bei dem al
1515 2710 2537 2835 Die Ereignisse in Rußland.
339 2779 1477 2833 Artikel des Grafen Andrassy: Es ist wohl unmöglich
2561 2787 3349 2847 rechte. — Der gleichzeitig eingebrachte G
343 2814 1493 2895 zu behaupten, die Regierung sei die Ursache, daß wir keine
2569 2833 3367 2893 betreffend die Schaffung einer allgemeine
1757 2831 2280 2929 Keine Judenunruhen.
347 2850 1481 2937 Kanonen haben, daß die Zahlungsfähigkeit des Staates er¬
2572 2884 3352 2941 Bildung von zehn Wahlbezirken vor, di
1532 2887 2573 2967 Peterburg, 2. April. Die „Peteröburger Tele¬
345 2906 1487 2975 schüttert ist und die Munizipien der Regierung nicht parieren.
2579 2910 3359 2984 mäßig nach der Kopfzahl mit je 50.000 Ei
343 2946 2580 3017 Wer hat wohl die Munizipien zu aktivem und graphenagentur“ meldet: Da von verschiedenen Punkten
2573 2975 3360 3033 werden. Abgesehen von der Einführung
1463 2994 2578 3052 des Reiches Meldungen über bevorstehende gegen die
349 2996 1479 3078 passivem Widerstande aufgestachelt? Wer hat alles
2569 3010 3348 3070 enthält die Vorlage einige Aenderungen,
1464 3036 2580 3097 Juden sich richtende Unruhen einlangen, wendeten wir
348 3037 1474 3111 aufgeboten, daß die Armee keine Rekruten bekomme? Welche
2571 3038 3332 3111 Wünschen nach Angliederung einiger
1476 3073 2584 3137 uns an die zuständigste Quelle, um zu erfahren, ob diese
340 3088 1479 3153 Körperschaft hat wohl die Finanzwelt ermahnt, dem Staate
2578 3091 3366 3161 sonstigen größeren Orte an die Kurie der
1475 3126 2579 3177 Meldungen auf Wahrheit beruhen. Es wurde uns
347 3132 1477 3194 keinen Kredit zu bewilligen? Hat das nicht alles die ver¬
2569 3142 3364 3207 und nach einer anderen Aufteilung der
1472 3174 2576 3235 folgendes erklärt: In Regierungskreifen herrscht die Ueber¬
356 3173 1472 3242 blendete Koalition eben auf den Rat des
2580 3173 3363 3241 mandate Rechnung getragen wird. Endlich
350 3219 2587 3274 Grafen Julius Andrassy getan? Es ist eine un= zeugung daß bezeichnete Unruhen aus¬
2567 3226 3369 3287 lage Bestimmungen, welche darauf abziele
1474 3254 2582 3324 geschlossen sind, denn es wurden die weitest¬
338 3257 1476 3324 widerlegliche Tatsache, daß die Koalition seit ihrem Bestande
1470 3272 3358 3355 gehenden Maßnahmen getroffen, um eine Wiederholung Tätigkeit des Landtages zu sichern. Na
348 3304 1478 3377 bis zum heutigen Tage nichts anderes getau hat, als immer
2580 3315 3363 3376 Geschäftsordnungsdebatte, in der sich die A##
1482 3340 2589 3397 der seinerzeitigen Ruhestörungen zu verhindern. Gestern
355 3346 1475 3403 neue und neue Methoden zu ersinnen, wie sie immer schreck¬
2573 3353 3356 3416 herr v. Schwegel (deutsch) und S
1471 3394 2579 3446 hat der Minister des Junern über Auftrag des Minister¬
351 3391 1481 3467 lichere Verwüstungen im Lande anrichten könne. Die ganze
2579 3389 3370 3463 wenischklerikal) für die sofortige Zuweis###
1482 3414 2579 3494 präsidenten Grafen Witte an die Gouverneure der Provinzen
355 3435 1485 3511 Krise beweißt, daß die Herren von der Koalition nur dann
2585 3440 3361 3504 an eine Kommission und mündliche Beri
1480 3471 2588 3529 mit jüdischer Bevölkerung ein Rundschreiben gesendet, worin
359 3480 1482 3537 einträchtig sind, wenn es gilt, zu zerstören. Wenn jedoch
1480 3491 3364 3579 sie angewiesen werden, die energischesten Maßnahmen zu geordneter Hribar (slowenischliberal) a
349 3518 1487 3587 davon die Rede ist, daß sie produktive Arbeit ermöglichen,
1469 3531 3364 3614 ergreifen, um Ruhestörungen im Keime zu ersticken und das gesprochen hatten, wurde im Sinne der e
349 3570 1480 3622 dann bricht sofort der Hader zwischen den Verbündeten aus.
2582 3581 3358 3642 ordneten entschieden und der Landtag auf
1466 3595 2589 3664 Leben und Eigentum der jüdischen Bevölkerung durch Sol¬
358 3624 1484 3674 Mit welchem Rechte also wagt es Graf Andrassy, der Re¬
2579 3621 2766 3691 vertagt.
355 3672 2597 3721 gierung vorzuwerfen, daß sie die Politik der Zerstörung daten schützen zu lassen. Sollten trotzdem Unruhen aus¬
2650 3642 3366 3734 Vorgestern fand hier der Partei
354 3681 2595 3751 betreibe? Die Regierung hat alle Hände voll zu tun, brechen, so werden hiefür die lokalen Behörden die Verant¬
2578 3712 3372 3766 alldeutschen statt. Die Anwesenden
1482 3729 2590 3813 wortung zu tragen haben und vor Gericht gestellt werden.
359 3751 1493 3817 das Land vor den verhängnisvollen Folgen der
2575 3749 3365 3813 die Berichte aus den einzelnen Kronlän#
354 3778 1492 3865 Zerstörungsarbeit der Koalition, nach Möglichkeit
1708 3782 2372 3871 Revolutionäre Werkstätten.
2582 3804 3358 3869 Standes der Bewegung entgegen und
357 3822 1498 3892 zu bewahren. Sehr pathetisch gab Graf Andrassy
1545 3829 3302 3905 Petersburg, 2. April. Die „Nowoje Wremja“sin Böhmen allein bei der
369 3858 1496 3933 seinem Schmerze darüber Ausdruck, daß die Handlungen
358 3926 3364 3982 der Regierung seiner Anschauung nach das Ansehen der meldet aus Moskau, daß dort eine geheimeratswahl dreißig Bewerber aufzust
