3344 4256
902 203 999 264 US
359 204 541 269 isc
240 236 1013 302 —
1168 197 1618 281 box 41/2
1432 940 1826 1018 Telephon 12801.
1068 1034 2191 1092 Alex. Weigls Unternehmen für Zeitungs-Ausschnitte
1271 1101 2007 1228 „OBSERVER“
1082 1236 2192 1282 L. österr. behördl. konz. Bureau für Zeitungsberichte u. Personalnachrichten
1259 1288 2038 1361 Wien, I., Concordiaplatz 4.
1504 1356 1789 1413 Vertretungen
1094 1384 2194 1454 in Berlin, Budapest, Chicago, Genf, London, New-York,
1087 1450 2191 1493 Paris, Rom, Mailand, Stockholm, Christlania, St. Petersburg.
1353 1488 1928 1561 (Quellenangabe ohne Gewähr.)
1084 1592 1560 1663 Ausschnitt aus:
1545 1596 2284 1690 grankfurter Zeitung
1375 1643 1567 1714 30. 10 19
1084 1707 1274 1760 vom:
1119 1783 2169 1849 =Berliner Theater.] Man schreibt uns aus Verlin
1071 1812 2172 1890 vom 28. Oktbr.: Während Maurice Baucaires Komödie
1072 1844 2172 1934 „Fesseln der Liebe“ („Petdt Chaurm“) über die Bühne
1074 1894 2173 1967 des Lustspielhauses ging, dünkte einen das Stück ermüdend
1092 1937 2177 2001 und dürftig; jetzt, nachdem der Vorhang längst gefallen. übt es
1077 1984 2172 2040 eine leise Macht, und Stimmungen, die es im Augenblick vergeblich
1083 2000 2178 2082 gerufen, wachen auf. Es gibt Landschaften, die erst in der Erinne¬
1097 2060 2169 2127 rung Reiz gewinnen, und Tage, deren stille Bedeutung man nur
1091 2092 2183 2163 verspürt, nachdem sie längst entschmunden; etn as Derartiges gilt
1092 2110 2177 2193 auch von unserem Bühnenwerk. Schuld an dem Versagen der
1088 2157 2194 2245 Augenblickswirlung trug die dürftige Darstellung des Lustspiel¬
1093 2211 2183 2268 hauses, die von allem nur ein Ungefähr, und zwar ein verzerrtes
1102 2241 2186 2324 Ungefähr gab. Frl. Tetzlaff versagte günzlich in der weiblichen
1098 2289 2179 2350 Hauptrolle, Herr Spira, sonst ein sympathischer Darsteller, fand
1095 2321 2180 2383 sich weder in den Charakter, den er zu verkörpern hatte, noch
1093 2362 2181 2427 in die Stimmung hinein, Frl. Sorger hatte zwar ein
1101 2399 2183 2463 paar gute, seelisch beredie Momente, aber auch sie ver¬
1104 2417 2190 2505 mochte nicht die Eigenart ihrer Rolle wirksam hervorzukehren.
1395 2488 2182 2550 An gleicher Weise Vaucaires
1096 2522 2194 2579 Komodte selbst, denn ihr fehlt alles dram##iche Leven. Was:
1093 2602 2188 2667 Vaucaire zu sagen hatte, hat er gesagt, nicht gestaltet. Er erzählt,
1106 2632 2189 2703 und man mag zuhören; nirgends ist auch nur der Versuch gemacht,
1108 2682 2194 2729 die seelischen Vorgänge in Handlung, in deutbares Geschehnis, in
1110 2714 2197 2775 greifbare Anschaulichkeit umzusetzen. Es ist eine Komödie, die
1108 2761 2192 2809 man am besten daheim, im Lehnsessel am Kamine liest, und bei der
1106 2795 2193 2849 man auch dann noch den gänzlich stilwidrigen, dümmlichen ersten
1107 2844 2188 2889 Akt überschlagen muß. Immerhin, Vaucaire hatte etwas zu
1105 2863 2205 2926 sagen. Er kennt genau die Stimmungen, die den modernen
1102 2922 2187 2969 Großstadtmenichen überkommen, wenn es von den holden Freuden
1108 2946 2200 3004 des Junggesellendaseins Abschied nehmen heißt. Die kleine
1106 2990 2200 3034 Schauspielerin, mit der man verkehrte, ist einem unversehens
1102 3031 2191 3089 recht sehr aus Herz gewachsen, es wird ein Ende haben mit
1101 3059 2200 3131 den reizvollen Soupers im Restaurant „Madrid“ — von unten
1096 3105 2191 3166 tönen die Klänge der Zigennerkapelle leise hinauf — ein Ende
1108 3146 2193 3193 mit den Abenden voll zärtlicher Schwärmerei in Versailles. Man
1103 3184 2187 3231 wußie sich geliebt, — wird man es fürderhin sein? Es ist so schwer,
1103 3224 2194 3281 diese jungen, emanzipierten Mädchen, aus deren Reihen man irgend
1105 3256 2201 3324 eine heiraten wird, kennenzulernen. Man liebt sie nicht, — oder
1103 3305 2198 3369 liebi man sie doch?, das ist das Problem, das Baucaire umspielt,
1097 3335 2200 3391 um es schließlich lächelnd zu bejahen. Es wird Sommer, und der
1102 3374 2202 3438 Frühling ist schon geschieden, während man sich aber erst rüstet von
1112 3411 2192 3465 ihm Abschied zu nehmen. Es ist die Mischung von Hyperkuliur
1102 3454 2195 3519 und Sentimentalität (die eine wird durch die andere leidlich er¬
1109 3497 2206 3544 träglich) die den Jung=Parisern wie den Jung=Wienern in gleichem!
1103 3533 2203 3587 Maße eigen und die die Farbengebung ihrer Lyrik bestimmt. So
1106 3564 2198 3628 erscheint #s wehr als nur ein Zufall zu sein, daß der Dichter des
1118 3610 2220 3669 Anatol“ der Vaucaire'schen Komoole die Einleitung geschrieben.
1116 3642 2192 3702 Aus meinen kleinen Schmerzen mach' ich die großen Lieder ...
2034 3688 2097 3743 E.
1222 3698 1642 3779 rarr.„ „
