3436 4256
2235 256 2715 334 Ctnier Houtnar
135 262 1602 419 1. Miscellançons box 41/2
1819 321 3087 416 meister Kapelter; das Drahster wird auf sechtig Dam vefärt,
1817 393 3091 455 da das Streichquartett allein aus achtunddreißig
1817 435 3091 520 Musikern bestehen wird.“ Ich bin nicht sehr musikalisch, aber für
1817 493 2887 564 ein Quartett halte ich das doch entschieden für zuviel.
1921 524 3091 618 Baronin Suttner feierte vor Kurzem ihren sechzigsten Ge¬
1805 574 3085 677 burtstag. Es ist bekannt, daß dieser ausgezeichneten Frau aus
2597 632 3100 715 der civilisirten Welt
1818 654 2615 724 jenem Anlaß aus allen Theilen
1817 688 3097 763 allerlei Ovationen dargebracht worden sind. Den Vogel
1820 735 3085 813 scheint mir der Festartikler einer Berliner Zeitschrift abgeschlossen
1815 793 3079 862 zu haben. Er hat zunächst galante Anwandlungen und weist nach,
1825 838 3093 905 daß das Alter keine Rolle spiele, auf den Geist komme es an,
1818 875 3102 948 der ja noch jung sei. Einem ähnlichen Schmeichler hat Fürstin
1826 930 3094 1005 Pauline Metternich an ihrem fünfzigsten Geburtstage eine hübsche
1824 974 3092 1050 Antwort gegeben: „Sie sagen, fünfzig Jahre sei noch kein Alter.
1826 1024 3097 1102 Kein Alter vielleicht für eine Kathedrale, aber doch schon etwas
1838 1081 3103 1144 für eine Frau!“ Der Festartikler schreibt dann: „Wir feiern
1833 1127 3088 1199 doch den sieghaften Geist und nicht den Leib,
2790 1168 3095 1242 gottbegnadeten
2259 1176 2755 1237 Träger eines
1814 1179 1935 1260 den
1974 1175 2260 1241 faulen
2841 1226 3093 1297 der noch
1828 1218 2820 1284 Genies, wir feiern den Geist einer Frau,
805 1202 1630 1314 (Lustige Entgleisungen.
1826 1263 3094 1326 in jugendlicher Frische prangt und hochzeitslüstern, liebedurstig,
988 1269 1769 1356 Eine Meisterleistung Minister Feiervary's.
571 1265 920 1357 Nur echte Perlen.
1831 1324 3095 1393 lebensfroh die Welt überragt.“ Hiezu wäre zu bemerken, daß
1052 1306 1840 1385 = Dunkle Absichten einer Locomotive. — Wie
577 1309 1010 1384 Ein Luftballonwunder.
565 1369 1833 1453 man Junggesellen fängt. — Die arme Baronin Suttner. — Eine ge¬
1828 1373 3096 1444 Baronin Suttner, völlig niedergeschmettert durch den Tod ihres
1177 1402 1589 1492 Der arme Schnitzler.
836 1406 1150 1487 fährliche Fahrt.
1829 1409 3100 1469 congenialen Gatten, in tiefster Trauer und Zurückgezogenheit ihre
960 1462 1469 1516 Von Baldnin Groller.“
1825 1462 3099 1540 Tage verbringt. Der Festartikler aber fährt fort: „Griechische
686 1489 3105 1558 Einen Schatz will ich heben, Perlen heraufholen aus der[Heiterkeit und einen italienischen Himmel
570 1551 3093 1620 Tiefe, aus der Tiefe meines Schatzkästleins. Ich habe ein wohl= wollen wir uns dazu erdenken, feurige Weine wollen
560 1609 3092 1676 gefülltes Kästlein und habe meine Freude dran. Wie ein richtiger wir schlürfen, Weinlaub um die Schläfen winden, den
573 1652 3096 1740 Geizhalz vermehre ich den Schatz mit Liebe, nehme ihn in stiller,[Thyrzusstab in die Lüfte schwingen, Evos rufen und
573 1708 3093 1761 unbewachter Stunde vor und wühle gehobenen Gemüthes in ihm,[Weihrauch den Göttern opfern. So stelle ich mir eine
573 1754 3099 1826 aber in einem Punkte wenigstens will ich nicht dem Geizigen Suttner=Feier vor, wie sie der edlen Trägerin dieses großen
568 1789 3107 1871 gleichen. Ich will mittheilen von meinem Schatze. Auch mein Namens würdig wäre.“ Ueber den Geschmack läßt sich nicht
573 1844 1837 1906 Leser soll eine Freude haben, und er wird sie haben. Ich bin
1834 1851 3108 1914 streiten; es geht weiter: „Und sollen wir dem trägen Leibe
565 1890 1836 1958 meiner Sache gewiß und bin dabei nicht einmal unbescheiden.
1833 1884 3107 1960 zähe Kraft wünschen, daß er noch lange des edlen Geistes irdische
563 1947 1841 2009 Denn nicht ich habe die hübschen Schmuckstücke geformt und
1833 1929 3101 2008 Stütze bleibe? Wozu?“ (Man sollte meinen, daß sich dafür doch
574 1996 1838 2053 ciselirt, ich habe sie nur gesammelt. Es sind Kostbarkeiten, heraus¬
1830 1975 3104 2052 vielleicht irgend ein Grund finden ließe.) „Es ist der Geist, der
573 2042 1834 2103 gefischt aus dem Meere der Zeitungs= und der Buchliteratur.
2327 2036 3103 2110 aber dann hätte sich der edle Geist
1843 2046 2299 2110 sich den Körper baut,“
2981 2078 3106 2153 „es
570 2098 2936 2164 Unsere Freude wird eine harmlose sein, und wir werden uns nicht mit dem „faulen Träger“ nicht besonders ausgezeichnet!
572 2129 3113 2223 überheben, mein lieder Leser. Etwas Menschliches passirt Jedem ist der Geist, der nimmer müde das träge Lastthier
567 2205 3008 2249 einmal, und es ist Menschliches, allzu Menschliches, was uns Menschenleib“ — Schon wieder! Ich weiß nicht,
573 2239 1844 2289 unterhalten wird. Eines möchte ich vorweg noch betonen: meine
1845 2235 3088 2300 eine Frau, auch wenn sie sechzig Jahre alt geworden ist, es sich
570 2288 1844 2351 Schätze sind echt. Es gibt da nicht eine einzige Fälschung. Auch
1831 2275 3100 2347 gefallen lassen muß, daß mit ihrem Leib so umgesprungen werde!
575 2338 1842 2392 nur eine solche würde die ganze Sammlung um ihren Credit
1892 2331 3094 2391 „an seine Pflicht gemahnt und ihn aufrecht hält. Und wird
574 2370 1841 2442 bringen. Die Provenienz ist bei jedem Stück genau festgestellt,
1834 2387 3105 2453 er dennoch müd' und träg', nützt selbst des hohen Geistes
576 2434 1838 2497 und immer bin ich in der Lage, Quelle und Datum genau an¬
1831 2426 3099 2495 rühriger Ansporn nicht mehr, dann steigen Menschen von der
581 2477 1030 2561 zugeben. Ich beginne:
1837 2475 3114 2538 Größe unserer Suttner lächelnd noch und stillbeglückt
701 2517 1840 2586 Eine von ihrem Correspondenten sonst vortrefflich bediente
1836 2524 3110 2599 den Weg hinab in das Gebiet, von deß Bezirk kein Wanderer
568 2576 3107 2648 Wiener Zeitung bringt unter dem versprechenden Titel „Sturm!“ wiedergekehrt.“ Das möchte ich nicht so schroff hingestellt haben,
581 2627 3044 2694 folgenden dramatischen Situationsbericht aus dem ungarischen aber Eines ist sicher, der Mann ist ein Schmeichler! —
576 2674 1854 2742 Parlament: „Kaum sind diese Worte des Ministers
1943 2678 3126 2739 In einer Tageszeitung fand ich folgende Correspondenz:
579 2722 1840 2782 verhallt, erhebt sich im ganzen Hause ein fürchterlicher Sturm.
1837 2707 3111 2792 „Eine gefährliche Donaufahrt. Aus Szent=Endre schreibt
577 2766 1838 2826 Es hat den Anschein, als ob eine weitere Verhandlung unmöglich
1847 2781 3108 2834 man uns: Von Sziget=Monostor wollten heute Früh mehrere
580 2818 3109 2881 wäre. Sämmtliche Abgeordneten springen von ihren Sitzen auf ungarische Landleute mit einem Wagen über die scheinbarf
572 2862 1847 2923 und eilen der Mitte des Saales zu. Abgeordneter Molnar ist
1827 2859 3107 2939 zugefrorene Donau auf das jenseitige Ufer nach Szent=Endre zum
570 2913 1844 2967 ganz außer sich. Es kommt zu drohenden Handbewegungen.
1840 2919 3105 2989 Wochenmarkt. Als sie ungefähr die Mitte des Stromes erreicht
577 2965 1845 3022 Man glaubt, daß der Streit in Thätlichkeiten ausarten werde.
1842 2952 3100 3025 hatten, setzte sich das zu schwache Eis unter ihnen in Bewegung,
582 3012 1853 3073 Mehrere Mitglieder der Rechten eilen herbei und legen sich
1837 3017 3101 3093 und Wagen und Pferde versanken rettungslos
578 3043 1846 3110 ins Mittel. Graf Andrassy und Szentivanyi suchen die Mit¬
1851 3068 3116 3140 zwischen den treibenden Eisschollen. — Wenige Stunden nach
571 3098 1848 3165 glieder der Opposition, die, äußerst aufgebracht, in der Mitte
1851 3103 3106 3188 dieser Katastrophe ereignete sich ein Vorfall, der leicht noch
581 3155 1849 3228 des Saales einen Knäuel bilden, zu beschwichtigen. Es kommt
1837 3155 3089 3223 verhängnißvollere Folgen hätte haben können.“
582 3200 1848 3267 zu einem Wortwechsel zwischen Justh und dem Grafen Julius
1850 3210 3099 3263 Es wird erzählt, daß noch einige Landleute die Fahrt wagen
577 3244 1851 3305 Andrassy. Minister Fejervary steht während dieser stürmischen
1849 3262 3101 3319 wollten, aber es wird nicht mitgetheilt, was noch Schlimmeres
580 3297 3112 3375 Sitzung ruhig mit verschränkten Armen da und passiren konnte, als rettungslos zu versinken. Jedenfalls hatte
584 3338 3113 3437 ordnet ruhig seine Papiere." Ich habe es aber der Correspondent recht, eine solche Donaufahrt als eine
585 3384 1850 3449 immer gesagt, daß Minister Fejervary kein gewöhnlicher Mensch
1856 3411 2396 3486 „gefährliche“ zu bezeichnen.
581 3439 1855 3509 ist, und finde es ganz in der Ordnung, daß diese seine Leistung
1945 3436 3115 3516 Aus einem Fachblatt für Theater, Musik und Literatur
587 3487 1419 3557 in die Welt hinaustelegraphirt worden ist.
1841 3505 3112 3572 hebe ich einen Artikel hervor, der mit vollem Namen unterzeichnet
703 3512 1849 3593 In einer großen Anzahl von Zeitungen war
1844 3550 3115 3619 ist. Der Verfasser steht also ein für das, was er geschrieben. So
587 3578 1845 3653 kürzlich folgendes Originaltelegramm aus Rom zu
1845 3578 3114 3679 ist's recht! Der Artikel ist Arthur Schnitzler gewidmet und hebt
586 3638 1857 3700 lesen: „Währent der Kaiserrevue unternahmen zwei
1852 3651 3101 3716 an: „Mitten auf der Straße des Lebens begegnen wir
586 3686 1841 3744 Genieofficiere einen Ballonaufstieg. Gegen 2 Uhr Nachmittags
1843 3696 3114 3771 einem Mann, dem der Genius seine leuchtenden Zeichen ins
588 3737 1849 3791 begann der Ballon in der Nähe von Castelnuovo zu sinken.
1858 3744 3117 3810 Auge geprägt hat.“ So ’was thut weh! „Wir halten
596 3786 1855 3853 Einer der Officiere entstieg dem Ballon; in demselben Momente
2845 3793 3110 3853 dieses be¬
1848 3797 2837 3860 ihn zuerst für einen großen Zauberer; denn —“
593 3831 1851 3892 öffnete sich aber das Sicherheitsventil, und der stark erleichtete
1844 3848 3105 3910 gründende „denn“ ist besonders zu beachten! — „denn seine
589 3881 1854 3937 Ballon stieg mit seinen Insassen mit Blitzesschnelle in die Höhe
1854 3897 3119 3949 Worte prägen sich in unseren Geist ein und schlagen dort
587 3938 3119 4015 und verschwand in den Wolken. Von dem Luftschiffer hat man bis Wurzel. Weich und süß klingen sie durch unsere
587 3975 1865 4044 heute noch keine Spur.“ Der Fall ist ein compleirter. Es
1848 3983 3113 4050 Herzen, wild und mächtig schlagen sie in unsere
597 4017 1856 4082 mag ja in der That recht fatal sein, wenn bei einem
1856 4035 3118 4106 Seele ein; grausig und gräßlich kriechen
594 4073 1849 4138 Luftballon das Ventil zu unrechter Zeit sich öffnet oder ge¬
2995 4083 3127 4143 mir
2475 4068 2984 4155 Die Bilder scheinen
1860 4074 2453 4160 sie durch unser Hirn.“
590 4115 1855 4190 öffnet wird, aber dann wird der Ballon nicht mit Blitzesschnelle
592 4137 3114 4221 gen snnn mmchinn sinten, weil hach bee 1#bnm gi; stücklich gewählt. Innächst wird
