3392 4320
1926 99 3103 171 enenenen eenen en enenen iun deren
1838 145 3102 202 merklich — man verspürte den Brustton der Ueberzeugung. Artur
1838 192 3093 274 Schnitzler saß dem Sprecher gegenüber und hörte aufmerksam zu.
1835 239 3105 307 Plotzlich zuckte er zusammen. Der Mann aus Rußland rief: „Sie
1828 276 3092 361 haben ja keine Ahnung, wie verstümmelt die Stücke selbst der be¬
1155 272 1620 375 box 41/1
800 286 956 351 OI
143 288 1016 395 1. Miscellan
1833 338 3103 416 rühmtesten deutschen Autoren in Rußland aufgeführt werden.
1842 387 3099 464 Ich denke an Herrn Dr. Artur Schnitzler und sage
1831 443 3101 512 Ihnen, er würde sich i m Grabe umdrehen,
1828 472 3107 525 wenn er einer russischen Aufführung eines seiner Stücke
1830 524 3103 595 beiwohnen würde!“ Schallendes Gelächter im ganzen Saale. Alle
1835 580 3105 649 Blicke sind auf Schnitzler gerichtet, der gerade gelassen sein Nacht¬
1830 623 3107 696 mahl verzehrt. Der Redner ist über seinen Heiterkeitserfolg
1835 673 3093 743 erstaunt, stockt eine Weile und verbessert sich rasch: „Jawohl,
1840 723 3098 789 Schnitzler würde sich im Grabe umdrehen ... ich meine natürlich
1834 765 3092 833 ffeinerzelt. So wollte der gute Mann seinen kleinen Lapsus
1834 821 3092 885 wieder gut machen. Aber auch jetzt blühte ihm wieder ein Lach¬
1843 867 3107 948 erfolg. Er mag die russischen Zustände genau kennen, unsere
1841 911 2818 985 heimischen Unsterblichen scheinen ihm fremd zu sein.
1942 953 3097 1027 Von einem frischen Grabe soll hier auch gesprochen werden.
1831 997 3098 1078 Die Direktion des Deutschen Volkstheaters hat am Allerseelen¬
1823 1052 3099 1136 tage das Grab des ehemaligen Direktors Emmerich v. Bukovics
1841 1104 3086 1168 mit Blumen geschmückt. Das ist ein schöner Zug, der die Richtig¬
1829 1155 3109 1224 keit aller Aussprüche über die Pietätlosigkeit der Mimen über den
1833 1199 3091 1266 Haufen wirft. Man hat dem wackeren Manne, der große Be¬
822 1167 1647 1308 Theater und Kunst.
1827 1240 3094 1327 liebtheit genoß, ein schönes Andenken bewahrt. Und Allerseelen
1842 1296 3100 1385 sah man es deutlich, daß der Name des früheren Direktors noch
910 1317 1535 1414 Hinter den Kulissen.
1838 1348 2556 1417 im Repertoire aller Herzen fortlebt.
573 1363 952 1457 (Der große Krach.
1947 1371 3095 1465 „Lieber sterben, als weiter so leben!“ ruft dafür Herr Schmedes.
1009 1385 1343 1452 Der Exdirektor.
1402 1375 1843 1460 Die Antrittsvisite bei
566 1431 851 1493 Schlenther. —
836 1433 1778 1496 Ein gehaltenes Versprechen. — Eine Lautenburgiade.
1832 1417 3103 1506 Er fühlt sich nämlich sehr unbehaglich. Allerlei Privatangelegen¬
573 1476 857 1534 Die Pächter.
929 1479 1534 1530 Der geschlagene Konkurrent.
1577 1476 1777 1539 Operette
1840 1490 3092 1558 heiten bedrücken sein Gemüt. Sie kosten ihn Geld, so viel Geld,
574 1502 809 1561 Trumpf. —
789 1505 1363 1575 Die Direktoren als Verleger. —
1348 1516 1835 1581 Ein Theatertrust. — Die
1831 1535 3102 1605 daß er es jedem erzählt, wie nötig er eine Gageerhöhung hat.
1532 1559 1592 1605 —
570 1541 1032 1608 Interessen der Autoren.“
1055 1545 1517 1618 Der lebendige Schnitzler.
1753 1560 1834 1610 im
1567 1559 1774 1613 Was er
1837 1587 3095 1650 Jetzt ist er zum Fürsten Montenuovo gegangen. Vorgestern machte
577 1584 1364 1658 Grabe täte. — Das Malheur des Redners,
1349 1593 1842 1662 — Der pietätvolle Kollege
803 1627 970 1704 Weisse.
952 1636 1639 1700 — Die Sorgen des Herrn Schmedes.)
1827 1631 3100 1710 er dem Allgewaltigen der Hoftheater einen Besuch und trug ihm
1838 1683 3102 1755 seine Schmerzen vor. Er verlangte eine Erhöhung seiner Bezüge
679 1686 1840 1761 Man hört nicht auf, davon zu sprechen. Von Lautenburgs
1880 1728 3100 1805 das war das erste; dann beanspruchte er die Garantie für
576 1722 1840 1802 Glück und Ende nämlich. Alles, was zum Theater gehört, be¬
1832 1769 3106 1850 einen vierwöchigen Urlaub in der Saison — das war das
581 1785 1842 1855 schäftigte sich mit der Angelegenheit: sie drängte alle übrigen Er¬
1840 1828 3095 1894 zweite; dann wollte er einen Modus geschaffen wissen, daß
569 1832 1839 1905 eignisse in den Hintergrund. Ein bißchen Schadenfrende macht sich
1837 1880 3101 1940 man ihm in Krankheitsfällen nicht das ganze Spielhonorar
580 1881 1832 1952 natürlich geltend. Herr Lautenburg hatte proklamiert, daß er
1837 1914 1989 1983 streiche
2077 1911 3091 1988 das war das dritte. „Sonst nichts?“ dachte
571 1919 1842 2001 den Wienern zeigen werde, wie man Theater spielen müsse. Nun
1840 1965 3091 2045 Fürst Montenuovo. Aber Herr Schmedes hatte eine Reihe von
566 1976 1839 2048 weiß man es. Ehe er sein Amt übernahm, machte er eine An¬
1818 2011 3095 2085 Argumenten zur Hand, um seine Bitte zu unterstützen. Er hatte
573 2029 1126 2096 standsvisite bei Schlenther.
1819 2064 3102 2138 im vorigen Monat sehr häufig abgesagt, und als der Gagetag
703 2108 3091 2142 „Sie können ruhig sein, ich werde Ihnen keine Konkurrenz kam, erhielt er eine so kleine Summe ausgezahlt, daß ihm nach
578 2114 3090 2235 bereiten“, versicherte er und Schlenther meinte in seiner üblichen Abzug aller seiner Verpflichtungen ungefähr 150 Kronen für den
578 2188 1858 2243 trockenen Manier: „Ich hoffe, Sie werden Ihr Versprechen
1831 2204 3102 2278 ganzen Monat zum Leben übrig blieben. Natürlich hat er noch
577 2232 755 2307 halten.“
1826 2255 3099 2334 sonst einiges Geld, aber die Tatsache selbst besteht und Herr
696 2289 3099 2383 Jetzt erinnert man sich an diesen Dialog. Man zitiert aber Schmedes will unter allen Umständen von seiner Kunst auch den
572 2343 3100 2403 auch zur Illustration jene hübsche Anekdote, wie Lau enburg im Vorteil haben. Lieber geht er nach Amerika. Und der Fürst
576 2386 1847 2451 vergangenen Sommer nach Berlin kam und das Plakat einer
1835 2400 3105 2463 hörte ihn wohlwollend an, sagte ihm ein paar freundliche Worte
585 2440 1839 2497 großen Ausstattungspantomime studierte: „Die letzten Tage von
1838 2442 3095 2514 und entließ ihn mit der Versicherung, daß die Wünsche und Be¬
583 2492 1835 2549 Pompeji“. Kopfschüttelnd las er den Titel und fragte: „Die
1829 2497 3118 2583 schwerden geprüft werden sollen. Herr Schmedes ist jetzt ein
584 2536 2154 2609 letzten Tage von Pompeji? Wieso? Sind denn die Leutewenig getröstet.
581 2575 859 2653 schon pleite?“
695 2615 1871 2690 Es war eine kurze Herrlichkeit. Von der Literatur schwenkt!
575 2671 1845 2756 man zur Operette ab. Karczag, Wallner und Lehar haben das
578 2736 1851 2796 Rennen im Raimund=Theater gemacht. Die Direktoren Aman und
576 2777 1855 2841 Eibenschitz sind verstimmt; sie hatten sich gleichzeitig um den Pacht
575 2825 1857 2909 beworben, aber sie boten bloß 100.000 Kronen; die Konkurrenz
573 2867 1849 2945 schlug sie mit 102.000 Kronen. An solchen Kleinigkeiten scheitern
574 2935 1851 2996 oft die schönsten Pläne. Das Wiener Theaterleben soll also jetzt
580 2973 1847 3053 ganz von der Operette beherrscht werden; nächstes Jahr kommt
570 3023 1850 3082 noch das Johann Strauß=Theater hinzu, und überall
579 3070 1856 3148 wird es singen und klingen. Solange gute Werke auf den Markt
569 3115 1861 3165 kommen, ist ja auf Erfolg zu rechnen. Aber wenn die Produktion
574 3168 1848 3238 der Nachfrage nicht standhält, kann es bös werden. Immerhin:
571 3217 1856 3272 erbaulich ist es nicht, daß wieder einmal für Autoren, die ernsten
567 3267 1862 3323 und heitere Komödien schreiben, eine Bühne weniger vorhanden
576 3314 1862 3383 ist. Wir sind armselig genug bestellt. Man braucht bloß den
572 3349 1857 3415 Fall zu setzen, daß plötzlich irgendwo ein Mann erstünde, der
570 3410 1859 3473 einen „Verschwender“ schreibt. Was geschieht? Er kann sich
570 3453 1859 3518 bestenfalls ans Deutsche Volkstheater wenden. Er reicht das
578 3499 1866 3568 Stück ein, es bleibt ein Jahr ungelesen liegen, dann bekommt er
583 3548 1847 3605 es zurück: „Sehr hübsch, aber für uns nicht geeignet.“ Das
571 3582 1853 3666 Bedürfnis nach einer Bühne für harmloses, volkstümliches
570 3640 1859 3713 Amüsement wird sich fühlbar machen. Aber die Erfahrungen
578 3695 1861 3773 haben gelehrt, daß die Geschichte in der Regel verkehrt angefaßt
581 3747 1854 3803 wird und plötzlich alle schönen Grundsätze ins Wasser fallen.
573 3785 1855 3857 Beispiele sind genügend vorhanden. Das beweist aber nichts gegen¬
582 3835 1727 3893 die Ideen, sondern nur gegen die Leute, die sie ausführen.
691 3860 1845 3954 Nun haben die Herren Karczag und Wallner eine Operetten¬
577 3924 1859 3996 bühne mehr. Es sind zwei geschickte Direktoren, das muß man
584 3970 1857 4042 ihnen lassen. Aber in der Eile hat man übersehen, daß für
575 4029 1854 4095 die Opern= und Operettenautoren eine neue, große Gefahr herauf¬
576 4073 1852 4138 beschworen wird. Karczag und Wallner sind seit einem Jahr
583 4121 1840 4184 nimlich auch Bühnenverleger. Das heißt: sie erwerben die Werke
