3392 4352
190 278 1016 378 1 Miscellancous
1179 266 1618 353 box 41//2
1957 131 2974 216 das Publitum gestern nicht ein. Fiel ihm nicht ein!
1949 187 2989 257 Und doch ist weder der warme Beisall Schnitzlers un¬
1960 213 2981 296 aufrichtig, noch das kühlere Urteil der gestrigen
1962 255 3014 339 Zuhörerschaft ungerecht. Es ist eben nicht gar so —
1953 299 2988 366 selten, und es war anscheinend diesmal der Fall, daß
1960 345 2994 417 ein Stück beim Lesen mehr bietet als bei der Auf¬
1950 393 2990 457 führung. Die „Fesseln der Liebe“ haben
1961 441 2379 504 gestern nicht gefesselt.
2021 459 2993 534 Das Stück ist gelegentlich der Pariser und
1957 501 3005 578 gelegentlich der Wiener Aufführung an dieser
1970 534 3008 618 Stelle besprochen worden. Man kennt also
2900 579 2998 627 der
2637 582 2865 639 Jüngling,
2488 594 2624 644 dem
2446 597 2487 638 410
1969 600 2454 665 die Geschichte von
1970 613 3007 686 verlobt ist, aber von seiner Geliebten nicht lassen
1976 659 3017 737 kann. Er feiert mit ihr wochenlang wehmütigen
1975 707 3008 771 Abschied. Als er aber bei solch einem Sektabschied
1980 740 3014 813 erwischt wird und nun aus der Verlobung nichtt
1986 787 3010 859 werden soll, da entdeckt er plötzlich die Liebe zu seiner
1982 819 3011 899 Brant. Auch sie wird durch die Trennung zur Liebe
1986 866 3015 947 geführt, und so finden die beiden sich denn wieder,
1990 899 3022 980 indes die Geliebte entsagt — wehmütig, aber doch mit
1984 941 3029 1008 der Aussicht auf einen Tröster. Im „Abschieds¬
1998 994 3022 1066 Souper“ von Schnitzler selbst vollzieht die Trennung
1994 1038 2558 1107 sich schneller und ergötzlicher.
2052 1048 3022 1136 Der kleine und nicht gerade sehr überraschende
1990 1122 3026 1179 Gedanke, der dem Stücke zugrunde liegt, der Ge¬
1996 1152 3028 1223 danke, daß kleine Schmerzen die Liebe erhalten
2007 1182 3050 1269 „Petit chagris“ lautet denn auch der besseren
2000 1233 3032 1308 sranzösische Titel), ist Her breit und eintönig be¬
1994 1267 3044 1338 handelt und kommt ###, nicht eben klar zum
2002 1302 3049 1386 Ausdruck. Eine wehmütige Stimmung liegte
1999 1340 3042 1434 zunächst über dem immer wieder hinausgezögertens
2376 1387 3033 1456 uares. Etwas von der weichen,
2004 1418 2264 1478 Abschied des
2353 1431 3040 1519 Die der „Amants“ von Donnay##
2006 1457 2268 1518 schmelzenden
2392 1471 3055 1544 Die Liebe in Konflikt mit einer
2343 1477 2385 1546 0
2001 1503 2214 1566 klingt da
2297 1512 3046 1588 das ist immerhin eine Idee, eine#
2012 1544 2217 1600 Verlobun¬
2270 1547 3048 1631 Alnation. Aber der Mann, der erst zähr
2006 1589 2196 1650 dramatis¬
2013 1588 3050 1663 an der ##oten hängt, weil man ihn verloben will,
2020 1633 3050 1711 der aber ann mit aller Leidenschaft zur Braut strebt,
2011 1678 3052 1760 weil mun die Verlobung lösen will — dieser Manni
2014 1710 3057 1801 wird schließlich läppisch und verliert unser Interesse.)
2010 1760 3062 1853 Um seiner kleinen Idee, um seiner These willen hatt
2022 1797 2887 1878 sich Maurice Vaucaire sein Stück verdorben.
2028 1819 3062 1925 Die drei Akte, so kurz sie an sich sind, verarmen
2032 1875 3063 1962 schnell, leiden an Längen und ermüden. Die Ueber¬
2039 1911 3059 2006 setzung von Otto Eisenschitz, der sonst manche
2043 1954 3059 2040 schöne Uebertragung lieferte, scheint in allzugroßer
2032 1997 3066 2092 Eile angefertigt und hat nichts getan, die Monotonie¬
2036 2031 3067 2119 zu bannen. Der Dialog wimmelt von französischenz
2033 2077 3084 2170 Wendungen wie etwa: „Und der Brief an Deiner
2041 2119 2878 2194 Mutter? Wolltest Du ihr nicht schreiben?“
2102 2144 3088 2242 Die Infzenierung von Victor Barnowsky
2048 2202 3079 2288 hat sehr viel getan, um dem Werke einen reizvollen
2045 2251 3077 2327 Rahmen und eine gewisse Frische zu geben. Die drer
2057 2286 3078 2363 Szenerien boten wahre Meisterwerke echter und
2048 2322 3084 2402 intimer Bühnen=Ausgestaltung. Die Kolonnade vor
2057 2359 3080 2447 dem Brunnentempelchen eines Badeortes, das raff ierte
2048 2398 3066 2496 ausgestattete Extrazimmer und Souper in eien
2049 2453 3069 2544 eleganten Restaurant, endlich das Heim einer junger
2781 2484 3069 2551 Bühnenbilder
2733 2503 2778 2528 24
2393 2498 2734 2555 lanter prächtige
2060 2519 2278 2585 Künstlerin
2302 2524 2854 2608 (Fortsetzung in der 1. Beilage.)
2366 2574 2784 2632 Hierzu 3 Beilagen.
2012 2605 2160 2689 4441—
2255 2641 2882 2711 (Fortsetzung aus dem Hauptblatt.)
2056 2657 3092 2746 In der Darstellung ragte Frl. Antonie Tetz=
2055 2720 3087 2784 laff ganz besonders hervor. Von Stuttgart,
2063 2761 3085 2828 von Hamburg her vernahmen wir mancherlei über
2060 2803 3086 2868 dietes eigenartige Talent, es waren früher auch schong
2067 2845 3088 2904 Unterhandlungen wegen eines Engagements der
2059 2883 3088 2947 Künstlerin für eine große hiesige Bühne im Gange,
2060 2924 3106 2986 aber gestern zeigte sie sich zum ersten Male demg
2054 2965 3096 3019 Berliner Publikum. Eine interessante künstlerische“
2055 2990 3095 3075 Bekanntschaft. Frl. Tetzlaff traf in der eleganten
2067 3046 3083 3111 und pikanten Erscheinung, im munteren Ton ganz das
2067 3091 3084 3152 Wesen der jugendlichen, aus dem Konservatorium in
2058 3128 3085 3188 den Lebensgenuß hineinspringenden Künstlerin. In
2067 3171 3087 3235 der Wehmnt über die Trennung, in der Regung
2069 3214 3087 3271 verhaltenen Schmerzes lag wahres und echtes
2071 3255 3089 3321 Empfinden. Die kleine Schwips=Szene war
2065 3291 3094 3360 diskret und reizvoll durchgeführt. Die Gegenfigur,
2071 3327 3095 3396 das junge Bürgermädchen, fand in Frl. Sorger
2071 3380 3089 3447 die richtige Darstellerin, die den Uebergang vom
2074 3418 3089 3487 jungen Gänschen zum liebenden und für seine Liebe
2068 3465 3101 3512 eintretenden Weib glaubhaft darstellte. Der sentimen¬
2076 3506 3101 3562 tale Liebhaber war dagegen keine Aufgabe für das
2073 3542 3098 3600 Talent des Herrn Spira, das auf so ganz anderem
2071 3581 3096 3636 Gebiete liegt. Heir Franz Schönfeld gestaltete den
2071 3620 3108 3678 alternden und restqnierenden Lebemann mit großem
2077 3660 3105 3717 Charakterisierungs=Geschick und einem wirksamen Zug¬
2072 3685 3113 3754 heiterer Selbstironie aus. Den übrigen Darstellern
2191 3740 3107 3811 irgendwie bemerkenswerte Aufgaben nicht
2073 3757 2179 3804 sind
2074 3794 3103 3843 gestellt. So darf denn die Darstellung für
2076 3817 3110 3873 sich allein den Beifall in Anspruch nehmen, der freilich
2071 3856 3112 3920 schnell ermattete und zuletzt gegen einen Widersprucht
2070 3904 3111 3956 anzukämpfen hatte, der dem Stücke galt. Jedenfalls
2080 3940 3105 3996 kam das „Lustspielhaus“ mit seinen Darstellern und
2082 3980 3110 4037 seiner Regie gestern weit besser fort als Vancaire mit
2072 4022 3113 4088 seinen „Fesseln der Liebe“ die wenig Gegenliebe
2918 4065 3081 4131 J. #
2081 4077 2209 4133 fand.
