3344 4320
1990 177 2262 280 —.—
1112 281 1584 389 box 41/1
789 293 873 367 01
133 298 988 410 1. Miscellanesus
2595 561 3028 679 Sonntag,
1367 606 1469 712 0
1526 584 1636 735 22
782 515 892 743 2
2397 677 3195 805 25. Jannar 1903.
1662 557 2420 811 zeitung.
886 706 1439 820 Krcher
139 728 627 823 Docne
1492 734 1647 844 T
646 743 902 855 6
225 863 3179 975 zum andern persönliche Gefühle, wenn nicht nehmen; Versöhnungsversuche zur unrechten Zeit! seine Internationalität. Nur die ganz Großen
2188 915 3185 994 dieser Welt ringen sich in der Fremde nicht
245 926 2206 1016 tonangebend, so doch mitschwingend. Der und von falscher Hand geleitet, haben oft gerade
2205 974 3177 1039 wegen, sondern trotz ihrer Nationalität durch.
244 992 2209 1075 Kompler dieser Imponderabilien wird mit dem die entgegengesetzte Wirkung. Der Groll muß
2197 993 3191 1093 Ihr Theatervolapük empfiehlt Sudermanns
240 1034 2205 1114 abgegriffenen Wort unsympathisch bezeichnet. Ist erst verrauchen, ehe freundlichere Gefühle seine
136 1045 249 1126 ister
2197 1078 3187 1138 Werke. Darauf baut sich sein Erfolg jenseits
237 1086 2205 1169 uns ein Mensch „unsympathisch“, so suchen wir Nachfolgerschaft antreten können. Wir können
2201 1113 3186 1194 des Kanals und des Ozeans, wo es zur Zeit an
247 1143 2208 1213 ihn uns nach Kräften vom Leibe zu halten; wir diesen Zustand tief bedauern; zur Zeit vermögen
2203 1152 3193 1250 heimischen Bühnentalenten gebricht. Nur so
1223 1187 1804 1261 wir nicht, ihn zu ändern.
250 1192 1241 1266 weichen ihm aus, wir wehren ihn ab. Und doch
2204 1212 3183 1300 können wir die erstaunliche Popularität eines
1301 1206 2212 1294 Alles, was wir tun können, ist: die Hilfe
242 1241 1239 1315 hat vielleicht jeder von uns die Erfahrung ge¬
2206 1262 2794 1340 Kulissenmatadors verstehen.
1226 1275 2198 1349 der völkerverbindenden Macht Literatur anrufen.
249 1286 1232 1366 macht, daß er, wenn es ihm gelang, die
136 1298 264 1386 eine
2279 1290 3188 1378 Ich sagte es schon: einem mittlern Literatur¬
1234 1329 2213 1400 Wir dürfen den Engländern mit bester Absicht
255 1342 1235 1416 persönliche Abneigung zu überwinden, in dem
123 1356 259 1415 man
2202 1350 3200 1427 produkt ist die Bodenständigkeit, der Duft der
1227 1373 2213 1446 raten, sich mit deutscher Literatur etwas intimer
244 1376 1242 1463 anfänglich Gemiedenen ungeahnte Vorzüge ent¬
3047 1403 3208 1473 Rein
2214 1409 3040 1483 heimatlichen Scholle nicht förderlich.
1237 1429 2212 1494 vertraut zu machen. Bei ihrer verhältnismäßig
258 1424 1237 1501 deckte. Bei einem Volke urteilen wir nach den
2205 1454 3202 1533 nationale Gegenstände können kaum auf die
1240 1468 2223 1549 mangelnden Sprachkenntnis wird dies nur durch
260 1478 1239 1549 Vertretern, die uns zu Gesichte kommen. Nun
140 1495 266 1561 ihm
2214 1498 3193 1585 Liebe des Auslands rechnen; im besten Fall
1238 1519 2217 1587 das Medium von Uebersetzungen zu erzielen
245 1537 1236 1618 ist es ein Unglück, daß sich die Kenntnis so
134 1551 256 1613 ele¬
2210 1547 3196 1637 erwecken sie ein Kuriositätsinteresse, wie z. B.
1231 1574 2213 1640 sein. Seit Coleridge und Walter Scott unsere
255 1580 1234 1654 vieler Deutschen vom Engländertum lediglich
130 1600 255 1664 nter
2209 1598 3191 1678 augenblicklich Gorki. Alles, was mit dem Ge¬
1231 1625 2207 1704 Klassiker eingebürgert — nein: einzelne ihrer
248 1632 1242 1705 auf jene Exemplare stützt, die auf der Durch¬
130 1644 252 1725 eite,
2220 1632 3196 1731 schlechtsleben zusammenhängt, wird am spontansten
1237 1673 2217 1734 Werke vortrefflich umgedichtet haben, seit
258 1690 1241 1750 reise begrifsen sind. Hundertmal ist es gesagt
149 1698 259 1759 der
2210 1699 3197 1782 nachempfunden — alles, sofern es in der fremden
1238 1706 2228 1779 Bayard Taylor den Engländern einen anständigen
677 1724 1251 1804 da nicht des erlesensten
263 1735 691 1802 worden, daß wir
133 1747 261 1809 Knast
2215 1744 3202 1823 Zone ein Aequivalent findet. Liebe, Treue,
1233 1778 2226 1839 Begriff vom „Faust“ gegeben, hat nichts von
259 1781 1249 1847 Materials ansichtig werden. Gevatter Schneider
135 1794 263 1857 äftig
2211 1802 3209 1878 Ehebruch (wieviel Ehebrüche hat wohl Suder¬
1253 1810 2229 1894 künstlerischem Belang bei ihnen festen Fuß ge¬
261 1826 1255 1900 und Handschuhmacher werden leider mit der
144 1831 270 1909 hien
2218 1856 3201 1916 mann zeit seines Lebens behandelt?), Ver¬
1240 1865 2216 1934 faßt. Ganz sporadisch ist ein Roman wie Spiel¬
256 1873 1261 1940 englischen Nation identifiziert. Wer ein Volk
157 1885 264 1954 t es
2213 1905 3196 1959 lobung, aufgehobene Verlobung: das gehört zum
1249 1905 2217 1984 hagens „Problematische Naturen“ eingedrungen.
257 1921 1240 1991 will recht verstehen, muß in Volkes Lande gehen.
133 1925 259 2006 üben
2218 1934 3197 2021 eisernen Bestand des Welttheaters. Aber eine
1239 1959 2218 2032 Im allgemeinen erfreut sich die ausländische
255 1958 1253 2043 Und es ist eine unumstößliche Tatsache, daß
147 1990 258 2048 und
2221 1999 3207 2066 Institution wie das „Verhältnis“ zwischen Un¬
1247 2008 2219 2083 Memoirenliteratur größerer Beliebtheit: Bis¬
256 2031 1250 2086 jeder Deutsche, der einmal in England geweilt,
137 2037 256 2099 und¬
2219 2016 3221 2105 verheirateten geht den Amerikanern bereits über
1251 2054 2219 2126 marcks „Gedanken und Erinnerungen“ sind z. B.
262 2064 1256 2138 sein Urteil in wesentlichen Punkten berichtigt
139 2081 261 2149 nnte
2222 2089 3209 2158 den Horizont. Ein Mädchen, das sich ohne den
1259 2097 2224 2175 sofort in die Uebersetzermühle gewandert. Aber
271 2116 1246 2207 hat. Ich meine, das sollte uns zu denken geben.
2228 2139 3203 2204 Segen der Kirche hingiebt, ist eine (die Feder
1256 2150 2232 2222 ich habe nie Grillparzer und Hebbel, Gottfried
330 2175 1250 2237 Von zehn Deutschen, die Paris recht gut
2924 2188 3213 2257 eine Dirne;
2216 2175 2885 2269 sträubt sich, es niederzuschreiben)
1243 2193 2234 2273 Keller und Fontane in einer englischen Ausgabe
258 2212 1259 2304 kennen, ist kaum einer in London gewesen. Der
175 2191 258 2309 inm
2227 2231 3210 2302 einerlei, aus welchen Motiven sie es tut. Sie
1240 2252 2219 2333 erblickt; ich habe nie einen Engländer getroffen,
262 2265 1245 2333 Kanal, den man in drei Stunden durchfährt,
2212 2261 3214 2349 steht mit der Geld einstreichenden Liebesdienerin
1251 2305 2223 2371 der ein Buch des Schweizers gelesen hatte.
265 2310 1258 2382 trennt die beiden Länder, als ob er ein kleines
146 2305 252 2392 die
2216 2323 3210 2410 auf einer Stufe. Christine in Schnitzlers
1247 2360 2215 2430 Fehlt es den Verlegern in London an Unter¬
270 2369 1242 2426 Weltmeer wäre. Pariser Leben, Pariser Gesell¬
2228 2377 3210 2461 „Liebelei“, wie Stine in Fontanes „Irrungen
1241 2403 2223 2466 nehmungsgeist? Nein — der Grund ist, wie
262 2397 1260 2478 schaft, Pariser Mode, Pariser Kunst, Pariser
2221 2427 3207 2501 und Wirrungen“ sind für den Bürger der
1240 2446 2227 2531 bald dargetan werden soll, anderswo zu suchen.
265 2452 1252 2522 Theater, Pariser Romane:: unsere Zeitungen
2232 2473 3211 2556 Vereinigten Staaten nichts mehr und nichts
1317 2493 2238 2569 Von den Zeitgenossen ist dem einzigen
279 2519 1254 2575 sind voll davon. Der unbedeutendste Korrespon¬
155 2525 269 2584 und
2239 2517 3208 2602 weniger als —. Alle Erinnerung an Gretchen
1255 2532 2236 2612 Hermann Sudermann die Ehre widerfahren, in
274 2564 1254 2626 dent, der in Paris sitzt, schreibt einen amüsanten
130 2572 270 2648 Pforb
2230 2563 3209 2648 und Klärchen ändert sein drakonisches Urteil
1254 2572 2233 2666 England und vielleicht mehr noch in den Ver¬
279 2606 1251 2669 Artikel, wenn er drei französische Blätter ge¬
143 2608 286 2689 elcher
2233 2628 3208 2690 nicht. Shakesveare, ruft er moralpatzig aus,
1261 2633 2239 2714 einigten Staaten von Amerika gekannt zu
280 2663 1269 2718 (esen hat. Alles, was sich in Paris ereignet,
139 2669 285 2731 eiden
2231 2669 3210 2745 läßt seine Julia noch rasch Hochzeit machen.
1253 2688 2240 2764 werden. Seine bleibende Bedeutung wird ver¬
279 2702 1269 2769 wird uns tagläglich sein zubereitet serviert;
142 2702 290 2776 —aß
2235 2716 3210 2781 Wir sind geschlagen, vernichtet. Ein Mann wie
1245 2720 2243 2821 mutlich darauf beruhen. Im Ausland gilt er
284 2751 1256 2820 nicht der kleinste Skandal bleibt uns erspart,
160 2759 292 2829 will
1244 2760 3216 2837 als „the German dramatist“. Dank seiner Schnitzler mit seiner ewigen Melodie vom Ver¬
289 2802 1261 2860 und die großen hören gar nicht mehr auf.
168 2806 286 2865 wie
2232 2804 3212 2870 shältnis wäre bei den Engtändern, denen
1262 2819 2248 2906 Heimat“ genaunt „Magda“. (Als ich Ende
274 2819 1271 2925 Neben dieser bevorzugten Schwester steht London
139 2844 297 2920 andte
1254 2841 3215 2937 Oktober die Kunstbarbarei New=York verließ, Tacitus' Lobspruch auf die alten Germanen zu¬
276 2893 1259 2962 als Aschenbrödel da. Ein Ehescheidungsprozeß,
143 2909 282 2964 ehen.
1255 2903 3223 3013 führte Mrs. Patrick Campbell gerade allabendlich jkommt, in partibus. Daß eine verheiratete
284 2943 1266 3013 eine empörende Gerichtsverhandlung verirrt sich
146 2955 290 3014 näher
2233 2955 3212 3039 Frau ihren Mann betrügt (siehe Schnitzlers
1256 2968 2246 3040 „The Joy of Living“ — gemeint ist: „Es lebe
283 2997 1262 3060 wirklich einmal in die Spalten unserer Zeitungen.
138 3004 300 3078 Maß
1265 2994 3219 3094 das Leben!“ — zum Schmerz aller Moral=,Novelle „Die Toten schweigen“), das ist allge¬
277 3026 1272 3107 Aber ein Schmöker von Pierre Louys wird
146 3054 289 3117 agen,
1273 3049 3219 3148 trompeter auf, die in der Presse einen Feldzug mein verständlich; daß aber ein junges Mädchen
286 3088 1272 3159 ausführlicher behandelt als die Tagebücher Lord
137 3087 291 3164 ischer
1264 3103 3225 3199 gegen dieses „drama of dirt“ eröffneten mit jewie Christine anständig bleiben kann, wird hart¬
284 3130 1270 3199 Byrons, und jahraus, jahrein wird uns von
152 3147 291 3210 eines
2227 3149 2629 3220 #näckig geleugnet.
1261 3164 2248 3249 einer Erbitterung, die einer bessern Sache
291 3183 1266 3257 krassen Nichtwissern versichert, Englands zeit¬
144 3194 294 3260 einem
2310 3173 3220 3271 Erotische Gegenstände überwiegen ja heut¬
1254 3210 2248 3293 würdig gewesen wäre.) „Heimat“, für unser
290 3229 1273 3300 genössische Literatur komme überhaupt für den
161 3250 293 3316 alles
2234 3239 3232 3321 zutage in der Literatur so sehr, daß (ich
1260 3249 2250 3350 aller Geschmack ein gezwiebeltes Theaterstückt
289 3288 1268 3348 Kontinent nicht in Betracht. Jeder Maler wall¬
2247 3295 3226 3367 glaube) Wilhelm Scherer den Ausspruch tat, man
297 3297 2251 3391 fahrtet nach Paris, um im Louvre und Luxem= mit einer Dynamitrolle, gilt den Völkern der
160 3331 302 3412 wäre
2245 3338 3231 3434 könne heute kein fünfaktiges Drama mehr
1263 3341 2261 3436 #englischen Zunge als der Gipfel des modernen;
290 3376 1288 3438 bourg die französischen Meister aus eigener An¬
147 3382 304 3467 haßte
2246 3382 3226 3463 schreiben, ohne die Liebe irgendwie vorzubringen:
1264 3411 2251 3485 Realismus; der Oberstleutnant a. D. Schwartze,
293 3421 1280 3496 schauung kennen zu lernen; aber er hat nie
183 3444 295 3499 den
2254 3437 3237 3510 Hauptmanns „Weber“ widerlegen die gewagte
1274 3440 2246 3528 als der bewundernswerte Vertreter stramm¬
301 3476 1273 3547 davon gehört, welche Schätze die Tate=Gallery
193 3487 304 3547 die
2250 3488 3226 3568 Behauptung sofort. Immerhin, wir wissen,
1271 3494 2247 3577 preußischer Tugend. Scherz beiseite: sie sehen
302 3517 1282 3588 oder Hampton Court birgt; die Präraphaeliten
174 3524 306 3605 Das
2243 3524 3226 3604 wies gemeint war und daß es ein Recht zu
1260 3533 2247 3620 in diesem „besten Drama unserer Tage“ ein
305 3575 1277 3658 sind ihm bestenfalls ein artistisches Intermezzo.
149 3588 295 3648 über¬
2255 3567 3234 3665 solcher Meinung gibt. „Die Weber“, denen in
1271 3595 2243 3681 verblüffend getreues Abbild deutschen Wesens;
363 3621 1265 3703 Die Wurzel alles Uebels ist die Unkenntnis,
160 3630 300 3703 Sohn
2241 3624 3227 3718 Paris zugejubelt wurde, wären in London un¬
1269 3646 2247 3723 und wenn sein Verfasser sich zu einer Amerika¬
294 3644 1274 3734 Davon sind weder die Engländer noch die
177 3679 306 3748 daß
2243 3682 3230 3767 denkbar. Nur ein Thema wüßte ich namhaft
1276 3701 2244 3771 fahrt entschließen wollte, wäre ihm drüben ein
292 3713 1279 3805 Deutschen freizusprechen. Sie kennen sich nicht
163 3714 296 3805 chsen.
2246 3724 3232 3806 zu machen, das auch in der englischen Welt
1279 3748 2248 3815 Empfang sicher, wie er seit Dickens und dem
307 3770 1279 3838 und sie wollen sich nicht kennen. Vorurteil,
168 3775 303 3845 noch
2247 3783 3241 3852 Teilnahme finden könnte, obwohl es als spezifisch
1267 3796 2247 3872 kläglich verkrachten Mascagni keinem Sterblichen
308 3817 1277 3886 Befangenheit spukt in den Köpfen. Statt schlank¬
147 3820 316 3904 Polkes
2245 3829 3227 3911 deutsche Institution empfunden wird: das Duell.
1276 3856 1671 3932 zu teil geworden.
298 3862 1274 3944 weg einzuräumen: England ist uns terra
2247 3876 3237 3953 Darauf gründet sich z. B. der Erfolg von
153 3870 313 3953 gegen
1347 3857 2247 3948 Die Erklärung für so überschwenglichen
307 3914 1286 3985 incognita, gürtet sich der Deutsche mit dem
192 3928 305 3985 nie
2254 3926 2776 4006 Sudermanns „Fritzchen“.
1286 3932 2251 4017 Preis liegt auf der Hand. Wer so gut wie
303 3957 1286 4023 überlieferten, durch die Tradition geheiligten
197 3971 318 4042 der
2313 3948 3237 4038 Nun gibt es seit mehreren Jahren ein
1281 3982 2253 4065 nichts kennt, hält sich notgedrungen an das,
310 4015 1275 4073 Gefasel. Statt ihren bewährten common sense
2246 4007 3239 4087 deutsches Theater in London, in das sich auch
1287 4032 2251 4108 was er kennt. Sudermann geht als Sieger
316 4058 1289 4126 sprechen zu lassen, schleppen die Engländer ihre
147 4049 314 4141 Hunden
2259 4064 3231 4134 einmal ein Engländer verläuft. Die Vorstellungen
304 4084 2243 4172 Karikaturvorstellung von Deutschland bis zum durchs Ziel, weil kein anderer mitläuft. Doch
150 4125 318 4187 uflein
2248 4119 3230 4184 sollen — ich kann leider nicht aus eigener An¬
158 4112 2250 4222 In und! Grabe. In dem Augauhlick in sich die Völker dies wäre nicht möglich, wenn sich seine Werke
