3344 4320
1157 232 1615 325 box 41/2
814 227 999 304 OUS
176 240 999 350 1. Miscellant—
865 659 1018 738 — —
451 687 638 744 s
1019 701 1088 752 12120
1100 682 1286 755 WEERE FA 2—
450 704 1296 769 #. uugEU  iP WE
516 760 553 784 —
841 759 977 781 —
732 762 1065 834 # unenie 1n dn Reiunt un—
459 765 615 819 8
675 779 819 835 —
1210 804 1271 835 Gra
459 787 662 858 g
1135 798 1185 860 700
1080 813 1328 884 un
576 819 696 869 20
456 820 686 897 C
447 863 658 924 ·a
887 824 1153 928 S
507 886 575 917 WIT
456 854 975 951 MHIIE
451 921 690 975 LERRRE
531 950 601 977 2
453 962 695 1028 P
978 972 1233 1057 S
354 1052 1129 1161 usschnitt aus: # 10. 1900
326 1138 1416 1245 vom: BERLINER TAGBLATE
223 1297 1435 1370 E. II. Im Lustsptelhaus wurde gestern zum ersten Mal
176 1356 1417 1430 Maurice Baucaires dreiaktige Komödie „Fesseln der
187 1393 1425 1464 Liebe“ — der echte Titel lautete: „Petit chagrin“ — aufgeführt.
180 1439 1428 1501 Arthur Schnitzler hat über das französische Werk außerordentlich
189 1498 1425 1548 warme Worte geschrieben und veröffentlicht, und bei seiner Auf¬
1122 1527 1204 1577 So
1207 1520 1431 1574 kam man
187 1524 1111 1589 führung in Wien fand es vielen Beifall.
194 1565 1429 1645 mit einigen Hoffnungen ins Theater. Aber wie so
181 1600 1432 1681 oft: enttäuscht ging man heim. Ein Stoff, der einen hübschen Ein¬
190 1650 1432 1729 akter abgeben könnte, die zwischen zwei Frauen unsicher pendelnde
189 1699 1431 1761 Liebelei eines guten Jungen, deren Fäden ein zart empfindender Meister
191 1736 1430 1813 nüancierten Stils wie etwa Schnitzler auch vielleicht mit Glück breiter
192 1774 1441 1863 ausgesponnen hätte — er ist hier mit geringer Bühnengeschicklichkeit,
205 1820 1443 1887 mit geringem Geiste und geringem Humor in die Länge gezogen
198 1856 1442 1941 worden. Und dieses schwache Stück wurde in den tragenden Rollen
202 1892 1438 1976 von ungeeigneten Darstellern vorgeführt. So mußte es einen un¬
192 1937 1443 2011 lustigen Abend geben, und nur die Allerliebenswürdigsten der Zuhörer
205 1999 1435 2066 rafften sich dazu auf, dem zweiten und dritten Akt einigen Applaus
199 2052 469 2107 nachzusenden.
256 2065 1444 2137 Der Inhalt dieser Komödie ist schnell erzählt. Der junge be¬
198 2102 1442 2170 güterte Georges Breteau, der ein herzliches Liebesverhältnis mit der
202 2154 1457 2216 netten Konservatoristin Mimi Foy unterhält, ist von seinen Eltern,
209 2195 1443 2268 halb mit seinem Willen, mit einem Mädchen aus ihrer Gesellschafts¬
211 2242 1465 2315 schicht nerlobt worden. Nun gilt's, von Mimi sich trennen. Bei
249 2291 1458 2356 inem sorgsam zugerichteten Mahl im Bois wollen sie feierlich
238 2334 1464 2388 Abschied nehmen. Aber Mimis treuherzige Schwärmerei besiegt den
252 2378 1478 2436 schwachen Georges: er will bei ihr bleiben und der Verlobten ent¬
233 2417 1460 2488 sagen. Doch wieder wendet sich sein Schicksal. Als die Eltern seiner
234 2486 1467 2519 Braut, die von dem Liebesverhältnis mit Mimi erfahren haben,
239 2502 1468 2564 ihren Zorn entfliehen lassen und Georges verzeihen, da kehrt er in
230 2543 1478 2610 die Arme der Verlobten zurück. Man wird erkennen, daß nicht
230 2585 1472 2647 der Stoff, sondern nur seine Formung den Wert dieses Schauspiels
236 2628 1468 2690 ausmachen kann. Da aber erweist sich Bancaires Kraft als zu
246 2665 1470 2734 gering. Er vermag die leisen und wechselnden Empfindungen,
237 2718 1469 2768 die die Herzen dieses Georges und dieser Mimi durchziehen,
233 2754 1476 2820 nicht in Worte zu fassen er zeigt nur selten Grazie und
229 2796 1476 2871 Humor. Die Unterredung bei dem Abschiedsmahl, die den
230 2835 1471 2906 ganzen zweiten Akt ausmacht, bleibt in den Keimen stecken:
227 2879 1475 2925 und im dritten Akt verliert der Autor vollends den Halt, und sein
236 2921 1475 2978 Georges erscheint als erbarmenswerter Trottel, und die beiden Frauen,
232 2967 1472 3030 die ihn lieben, treten sich in einer stilwidrigen Szene voller falscher
230 2990 1480 3079 Tragik gegenüber. Man denkt an ähnliche Szeuen, die Arthur
246 3054 1466 3106 Schnitzler in seinem „Abschiedssouper“ und seiner „Liebelei“ ge¬
243 3086 1472 3149 schaffen hat — wie haben sie uns mit ihrem weichen Humor
240 3118 1475 3187 und ihrer süßen Melancholie ergriffen, wieviel höher steht der
238 3168 1476 3241 Deutsche über dem Franzosen, den er durch so liebenswürdige Worte
242 3227 587 3286 ausgezeichnet hat!
286 3256 1480 3325 Doch die Wirkung dieses Lustspiels wäre gestern gewiß nicht!
316 3304 1480 3353 peinlich gewesen, wenn sich für die Hauptrollen zwei
242 3314 310 3363 so
235 3348 1471 3401 Meister ihrer Kunst eingesetzt hätten. Fritz Spira und
245 3389 1470 3438 Antonie Tetzlaff waren solche Meister leider nicht. Vor
243 3425 1485 3484 allem der junge Herr Spira scheiterte vollkommen an seiner
250 3474 1470 3523 Aufgabe. Er war trocken, kalt und ungelenk, wo er herzlich,
242 3513 1476 3571 liebenswürdig und gewinnend sein sollte. Kaum eine Spur von
247 3554 1487 3634 dem schwachen, aber guten und lieben Juligest, als welcher er gewiß
333 3610 1471 3672 lei Sympathie sich gewinnen könnte. Etwas glücklicher wirkte
456 3633 1486 3711 zlaff, die wenigstens in die wichtige Abschiedsszene einige
449 3684 1478 3752 Liebesstimmung brachte. Aber im übrigen erkannte man
466 3737 1483 3802 wohl eine gewandte Schauspielerin ist, hier aber an eine
465 3782 1477 3840 ung wenig entsprechende Stelle geraten war. Von den
472 3823 1478 3863 virkenden verdient nur noch Franz Schönfeld
482 3861 1477 3929 erden, der einen Don Inan mit gutem Humor ver¬
517 3903 1467 3973 Iuszenierung war sehr hübsch und üppig; leider
658 3940 930 4008 ht zu retten.
1781 49 2650 154 e ehet bonn, hurenau ur elen   ee
1962 121 2721 224 Wien, I., Concordiaplatz 4.
2190 205 2501 261 Vertretungen
1790 217 2892 320 in Berlin, Budapest, Chicago, Genf, London, New-Vork,
1797 272 2897 379 Taris, Rom, Mailand, Stockholm, Christiania, St. T’etersburg.
2074 323 2636 415 (Quellenangabe ohne Gewähr.)
1792 417 3077 528 Ausschnitt aus:
1800 540 2459 637 voln:
2147 640 2783 715 Hus dem Kunstleben.
2260 702 2648 770 Lustspielbaus.
2103 753 2820 816 Vaucaire: „Fesseln der Liebe“.
2287 803 2645 862 (Petit chagrin).
1994 854 2992 904 Dichter, selbst so klare und vernunftbegabte Wesen
1927 892 2992 953 wie der feinsinnige Wiener Poet Arthur Schnitzler,
1925 938 2989 1000 sind oft recht unzuverlässige Kritiker. Schnitzler
1921 974 3000 1031 hat zur deutschen, von O. Eisenschütz besorgten
1931 1028 3002 1081 Ausgabe dieses Stückes mit dem unglaublich nichts¬
1931 1067 2985 1121 sagenden, banalen und tausendfach dagewesenen
2783 1110 2986 1164 Vorwort
2660 1109 2754 1162 ein
1926 1112 2610 1175 Titel „Fesseln der Liebe“
2673 1151 2993 1209 den Verfasser
1934 1153 2659 1218 in Gestalt eines Briefes an
1932 1205 2995 1261 geschrieben, in dem die „Komödie“ so ziemlich als
1927 1233 3000 1293 das Rührendste und Geistvollste ihrer Gattung hin¬
1937 1289 3002 1341 gestellt ist. Nachdem wir das Stück gestern Abend
1934 1327 2990 1375 selbst erlebt haben, müssen wir sagen: Es ist ein
1942 1366 3006 1431 Glück, daß uns Schnitzler durch die Tat bewiesen
1939 1427 3004 1470 hat, wie viel geistreicher und rührender er selbst zu
1944 1453 3005 1514 gestalten weiß, als Herr Vaucaire. Sonst könnte
1931 1507 2981 1556 man aus seinem Urteile über „Petit chagrin“
1941 1559 3004 1605 wahrhaftig peinliche Schlüsse auf die Anspruchslosig¬
1936 1584 3007 1645 keit ziehen, mit der er der Gestaltungsfähigkeit
2667 1634 2996 1690 Schnitzler hat
1940 1628 2612 1695 eines Dichters gegenübersteht.
2671 1673 3005 1733 den gleichen
2015 1669 2658 1734 seiner „Liebelei“ ungefähr
1946 1687 2018 1735 in
1934 1730 3003 1772 Stoff behandelt, wie gestern Herr Vaucaire.
1942 1762 2994 1822 Eine „Geliebte“, ein braves, ehrlich und selbstlos
1944 1808 3004 1867 liebendes Mädchen aus dem Volke, ist gerade gut
1947 1836 3017 1908 genug, einem jungen Herrn über die Langeweile und
1945 1893 3001 1949 Triebhaftigkeit seiner Liebes=Flegeljahre hinwegzu¬
1937 1942 3004 1994 helfen. Sobald der „reifere Mann“ in ihm erwacht,
1937 1980 3009 2045 naht die standesgemäße Verlobung mit irgend einer
1939 2017 3009 2095 höheren Tochter besserer Stände; das brave Mädchen
1935 2069 3003 2124 aus dem Volke aber, das liebte und geliebt wurde,
1950 2121 2994 2175 sitzt verlassen und halb mißachtet da. Es gibt solche,
1943 2153 3010 2210 die von da an einen resoluten Entschluß für's Leben
1943 2193 3004 2254 fassen und erfahrungsgewitzigt entweder höchst
1941 2249 3007 2308 unsentimental ihren Handschuhmacher heiraten,
1954 2285 3002 2349 oder als desillusionierte Abenteuerinnen ihre
1948 2329 2996 2399 Rache an eben der Gesellschaft nehmen, die
1947 2373 2999 2430 sie betrog. Es gibt aber auch solche, deren
1939 2420 3002 2471 Zukunft fortan die Vergangenheit bleibt, die über
1950 2472 3006 2522 der Erinnerung hängen und brüten und an dem
1950 2503 3012 2569 einmal erlittenen Choc zugrunde gehen. Schnitzler
1944 2547 3011 2610 und Vaucaire haben die letztere Abwandlung des Stoffes
1943 2600 3012 2652 gewählt. Auch Fontane hat ihn übrigens in seinem
1952 2639 3003 2694 Roman „Irrungen, Wirrungen“ neu gefaßt. Aber
1948 2684 3001 2745 was die beiden Deutschen leibhaftig darstellen,
1943 2725 3006 2798 bleibt bei Herrn Vaucaire alles zwischen den
2147 2773 3011 2834 Die Personen behaupten nur immer,
1940 2783 2107 2842 Zeilen.
1943 2816 3015 2872 daß es so oder so in ihnen aussehe, das
1951 2848 3012 2923 was etwa wirklich in ihnen vorgehen könnte, spricht
1956 2921 3016 2956 nicht selbst zu uns. Sie reden über ihre Leiden¬
1953 2949 3011 3007 schaft, über ihr Geschick, Geschick und Leidenschaft sind
1950 2987 3015 3042 nicht persönlich vorhanden, um sich tätig zu vertreten.
1948 3028 3021 3099 So wird aus dem Ganzen ein recht langweiliges
1951 3075 3024 3138 Gemisch von sogenannter Tollheit und von Wehmut.
1957 3116 3017 3192 Nur daß beide Stimmungen, die, wie es scheint,
1948 3162 3011 3222 ganz Vaucairische Besonderheit erhalten haben, daß
1952 3209 3020 3287 einem bei der Wehmut toll und bei der Tollheit
1958 3251 3017 3313 weh werden kann. Daß ein kenntnißreicher und
1956 3294 3012 3363 hochbegabter Autor, wie Schnitzler, mit der ange¬
1953 3339 3025 3411 führten Vorrede in solcher Weise mehr seinem guten
1925 3397 2986 3454 zen, als seinem Urteile Ehre zu machen im¬
1943 3415 3012 3511 stande war, scheint uns nur daraus erklärbar, daß
1949 3483 2999 3540 er mit Dichterangen auf dies Werk, wie auf einen Ver¬
1943 3524 3000 3579 wandten seines eigenen, ihmliebgewordenen Kindes, sah.
1939 3560 3007 3622 Was an dem Rohstoffe ihn gereizt hatte, fand er
1954 3613 3007 3672 auch hier. Was aber in der Ausgestaltung fehlte, an
1950 3652 3009 3711 allen Ecken und Enden zu vermissen blieb, das tat er
1953 3695 3007 3761 aus dem eigenen Werke, in dem es so menschlich=schlicht,
1947 3748 3013 3810 ergreifend und ohne Anklägerpose hingestellt war,
1957 3788 3012 3851 ergänzend hinzu. Dichter sind Schwindler. Sie
1954 3839 2355 3900 flechten und weben.
2027 3860 3016 3932 Was etwa an dem Stück noch hie und da geist¬
1963 3894 3014 3976 reich und besser empfunden war, ward durch eine
1954 3963 3019 4028 schier dilettantenhafte Vorstellung vollends verdorben.
1957 3999 2894 4059 Es lohnt sich wirklich nicht, davon zu sprechen.
2589 4040 2958 4115 Paul Mahn.
