3392 4256
1145 308 1614 403 box 41/1
148 318 451 400 1. Mis
384 323 995 429 Scellaneons
320 1287 1161 1372 Auch ein Epigone Raimunds!
253 1358 1303 1431 Ein Gebiet gibt es noch, wo das Judentum in
164 1412 1300 1485 Wien unbeschränkt herrscht. In der Politik hat man
163 1462 1306 1533 es in den Hintergrund gedrängt, auch in der frei¬
168 1521 1308 1569 sinnigsten Gesellschaft hält man den Juden nicht mehr
162 1562 1300 1635 für ganz salonfähig, im Wirtschaftsleben sind Ansätze
157 1607 1296 1685 zu einer Emanzipation vom jüdischen Spekulations¬
169 1663 1300 1718 kapital vorhanden, selbst in der Wissenschaft wurde
162 1694 1317 1772 dem Gelehrtenring um Eisler manch kräftiger
170 1746 1298 1813 Stoß versetzt — nur in unseren Theatern besteht die
166 1798 1312 1867 Alleinherrschaft des Judentums noch unangefochten
552 1847 1310 1920 hat den Anschein, als sollte
171 1850 335 1914 fort,
298 1899 689 1962 diesem Gebiete
175 1901 287 1961 auf
715 1893 1302 1969 die gefährliche Macht
169 1952 1307 2011 noch gestärkt werden. Felix Dörmann soll
171 1996 1314 2074 artistischer Leiter des Raimundtheaters werden. Grasser
171 2038 1302 2100 könnte nichts den Verfall des Theater=Wien
170 2093 1307 2148 charakterisieren, als die Tatsache, daß man ernstlich
172 2146 1302 2207 daran denkt, jene Bühne, die den Namen des
167 2197 1315 2255 Klassikers der deutschen Komödie, des größten Wiener
162 2241 1300 2292 Volksdichters trägt, einem Felix Dörmann, richtig
169 2287 1299 2347 Biedermann, auszuliefern. Raimund=Dörmann! Das
172 2338 1307 2389 klingt wie eine Lästerung. Es ist eine Vergewaltigung
164 2384 1300 2435 der Manen Raimunds. Auch Lautenburg, der ge¬
162 2430 1300 2500 gangene Direktor des Raimundtheaters, stammte aus
177 2480 1292 2543 dem Ghetto. Aber er zwang sich wenigstens zur Geste,
168 2528 1295 2587 als wäre er der Erbe großer Traditionen, wie der
176 2579 1305 2656 Parvenü das erworbene Schloß mit erworbenen
866 2626 1000 2689 Aber
570 2621 774 2694 schmückt.
172 2617 494 2689 „Ahnenbildern“
1060 2629 1299 2691 Dörmann
178 2672 1309 2726 kommt aus dem Zentrum der Schmonzes¬
610 2725 723 2787 der
451 2719 555 2782 Er,
166 2719 407 2786 Literatur.
768 2722 888 2785 als
399 2727 454 2782 905
923 2721 1301 2789 Dekadent mit
166 2764 1306 2844 neurotischen Gedichten den ersten Gehversuch ins
173 2819 1297 2879 Literatencafé machte, soll nun das Raimundtheater
167 2871 1296 2937 retten, an dessen Wiege Raimunds Volksweise ihren
177 2922 1299 2990 Segen sprach. Wie sich Dörmann diese Rettung des
172 2967 1309 3039 Theaters in der Wallgasse vorstellt, das erfährt man
168 3019 1302 3073 aus den Reklamenotizen der jüdischen Presse: er will
168 3068 1308 3116 Werke der „Wiener Volksdichter“ (!) Werkmann (!),
180 3119 1307 3183 Schrottenbach und Artur Schnitzlen(!) aufführen.
178 3159 1309 3211 Buchbinder und Salten werden vermutlich folgen und
177 3204 1308 3261 die „ledigen Leute“ des „Herrn von Abadessa“ werden
172 3255 1301 3323 uns wohl auch nicht erspart bleiben. Raimund wird,
171 3305 1306 3354 nach allen Anzeichen zu schließen, in der Wallgasse ein
176 3351 1299 3409 Kabarett zu patronisieren haben. Der Freudenhaus¬
181 3402 1305 3467 poesie der diversen Nachtlokale wird eine gefährliche
178 3451 1311 3510 Konkurrenz erwachsen. Vielgeprüftes Raimundtheater!
181 3507 1305 3556 Nach den verunglückten Experimenten Guttenbrunn,
187 3554 1295 3613 Gettke, Lautenburg, ein Experiment Dörmann. Und
182 3599 1311 3651 da soll „Wien als Theaterstadt“ nicht auf den Hund
612 3639 1151 3726 Maw-##enn 7
182 3640 396 3717 kommen!
2103 217 2188 290 —
2078 1314 2540 1405 Telephon 12801.
1695 1404 2919 1496 Alex. Welgl’s Unternehmen für Zeitungs-Ausschnitte
2690 1467 2928 1533 Ausschnitt
2627 1504 2669 1555 0
2564 1501 2634 1566 46
2739 1514 3002 1613 Nr. 39
1926 1485 2600 1618 „OBSERYER‘
1588 1590 3028 1698 I. österr. behördl. conc. Bureau für Zeitungsberichte u. Personalnachrichten
1822 1670 2825 1762 Wien, IX/1, Tünkenstrasse 17.
1999 1744 2618 1820 Filiale in Budapest: „Figyelö“
1594 1808 3031 1868 Vertretungen in Berlin, Chicago, Genf, London, Newyork, Paris, Rom, Stockholm.
1597 1951 2134 2041 Ausschnitt aus:
2157 1936 2863 2055 St. Petersburger Heroick,
1619 2067 2184 2196 vom: ###%
1969 2262 2670 2380 Zuschrift an die Redaction.
1746 2286 1885 2400 □—
2043 2326 2829 2420 Berlin, den 25. (12.) November 1902.
1941 2405 2436 2486 Sehr geehrte Redaction!
1807 2419 2863 2521 Eben kommt mir Ihre Besprechung des Charlotte Wiehe¬
1772 2466 2865 2563 Gastspieles in Theater Schabelskajn zu Gesicht. Ich er¬
1777 2521 2864 2607 sehe daraus, daß Frau Wiehe auch die von mir verfaßte
1777 2549 2864 2656 „Colombine“ gespielt hat. In Ihrem geschätzten Blatt,
1782 2611 2879 2681 sowie in anderen Petersburger Zeitungen ist als Autor:
1772 2630 2877 2744 dietes Stückes Schnitzler angegeben. Gestatten Sie mir,
1777 2695 2370 2784 diesen Irrthum zu berichtigen.
1962 2715 2537 2826 Mit vorzüglicher Hochachtung
2274 2778 2658 2850 Ihr sehr ergebener
2451 2780 2855 2868 Dr. Erich Korn.]
2389 2844 3022 2927 Berlin, Zimmerstraße 26. Jlusive
1610 2864 1724 2933 Für
2834 2896 2991 2949 Porto.
1736 2869 1889 2953 150 1
2604 2911 3013 2993 „ 50.—) Zahlbar
1730 2895 2137 3006 20 1.—.—
1652 2963 1691 3007 n
2604 2969 2782 3033 „ 110.—
2465 2981 2520 3034 9
1721 2988 1840 3035 500
2239 2991 2301 3038 „
2612 2978 3044 3052 „ 200.—) im Voraus.
1661 3001 1709 3047 „
2356 3021 2419 3069 „
1656 3024 1849 3089 „ 1000
1742 3031 3056 3111 Im Gegensatze zu anderen Bureaux für Zeitungsausschnitte ist das
1623 3096 3066 3162 Abonnement durch keine bestimmte Zeitdauer begrenzt; — auch steht es den
1634 3128 2941 3212 Abonnenten frei die aufgegebenen Themen zu ergänzen oder zu ändern.
1749 3201 3060 3281 Der „OBSERVER“ veranstaltet täglich einen Auszug enthaltend die
1637 3248 3066 3329 Inhaltsangabe aller wichtigen Mittheilungen der Wiener Morgen¬
1638 3286 3051 3358 blätter (Tagesjournale ausser „Neue Freie Presse“ und „Wiener Zeitung“)
1642 3352 3076 3393 wodurch eine Uebersicht über das gesammte politische und wirthschaftliche
1631 3365 3071 3441 Leben des In- und Auslandes in drastischer Kürze geboten wird. Diese Mit¬
1642 3412 2658 3493 theilungen werden in Wien um 9 Uhr Früh verschickt.
1955 3494 2847 3599 Pnospecte gnatis und france.
