3392 4320
2017 173 2163 266 ——
1128 278 1590 371 box 41/1
145 294 996 393 1. Miscellaneons
1774 387 3037 472 1die Rede war, so ist unter Umständen gar nicht abzusehen, wie
1785 451 3042 530 die Autoren diesem Ring mit Erfolg sich entgegenstellen könnten.)
1781 491 3044 565 Man hat jetzt viel von der Macht der Organisation gesprochen; es ist
1794 551 3038 629 sogar eine Union der dramatischen Schriftsteller und Komponisten
1782 594 3044 676 entstanden, die manches Hühnchen mit den Wiener Theaterdirektoren
1781 653 3037 717 zu pflücken gedenkt. Die Sache steht freilich auf schwachen Füßen.
1781 687 3050 774 So lange die Bühnenleiter den Standpunkt einnehmen, daß man
1780 751 3049 817 ein Theater wie einen Krämerladen betrachten muß, ist nicht viel
1786 784 3048 874 zu hoffen. Die Versimpelung der Zustände schreitet rastlos
1778 827 2007 896 vorwärts.
1906 859 3051 941 „In Rußland ist's noch ärger", versicherke bei der
1776 901 3047 991 Gründungsversammlung der Autoren=Union ein Delegierter der
1774 965 3048 1035 russischen Gesellschaft dramatischer Schriftsteller. Bei dieser Gelegen¬
1775 1023 3050 1096 heit passierte aber dem Redner eine entzückende rednerische Entgleisung.
1774 1073 3046 1148 Er entwarf ein anschauliches Kulturbildchen. Er erregte sich hiebei
1782 1117 3044 1186 merklich — man verspürte den Brustton der Ueberzeugung. Artur
1786 1174 3048 1229 Schnitzler saß dem Sprecher gegenüber und hörte aufmerksam zu.
1790 1221 3046 1274 Plötzlich zuckte er zusammen. Der Mann aus Rußland rief: „Sie
1787 1268 3049 1324 haben ja keine Ahnung, wie verstümmelt die Stücke selbst der be¬
1774 1313 3042 1381 rühmtesten deutschen Autoren in Rußland aufgeführt werden.
1776 1366 3054 1437 Ich denke an Herrn Dr. Artur Schnitzler und sage
1789 1403 3048 1469 Ihnen, er würde sich im Grabe umdrehen,
1776 1454 3054 1510 wenn er einer russischen Aufführung eines seiner Stücke
1771 1497 3046 1577 beiwohnen würde!“ Schallendes Gelächter im ganzen Saale. Alle
1769 1558 3043 1610 Blicke sind auf Schnitzler gerichtet, der gerade gelassen sein Nacht¬
1779 1602 3060 1680 mahl verzehrt. Der Redner ist über seinen Heiterkeitsepfolg
1777 1647 3052 1725 erstaunt, stockt eine Weile und verbessert sich rasch: „Jawohl,
1780 1703 3060 1767 Schnitzler würde sich im Grabe umdrehen... ich meine „natürlich
1773 1730 3060 1795 Ffeinerzelt. So wollte der gute Mann seinen kleinen Lapsus
1780 1795 3048 1859 wieder gut machen. Aber auch jetzt blühte ihm wieder ein Lach¬
1776 1845 3063 1926 erfolg. Er mag die russischen Zustände genau kennen, unsere
1777 1883 2776 1949 heimischen Unsterblichen scheinen ihm fremd zu sein.
1886 1928 3043 2016 Von einem frischen Grabe soll hier auch gesprochen werden.“
1777 1978 3052 2061 Die Direktion des Deutschen Volkstheaters hat am Allerseelen¬
1786 2037 3045 2106 tage das Grab des ehemaligen Direktors Emmerich v. Bukovics
1791 2090 3041 2153 mit Blumen geschmückt. Das ist ein schöner Zug, der die Richtig¬
1779 2130 3048 2207 keit aller Aussprüche über die Pietätlosigkeit der Mimen über den
1777 2182 3036 2242 Haufen wirft. Man hat dem wackeren Manne, der große Be¬
738 2153 1599 2293 Theater und Kunst.
1782 2221 3063 2286 liebtheit genoß, ein schönes Andenken bewahrt. Und Allerseelens
1788 2280 3062 2347 sah man es deutlich, daß der Name des früheren Direktors nocht
1779 2327 2534 2393 im Repertoire aller Herzen fortlebt.
867 2296 1480 2400 Hinter den Kulissen.
1900 2358 3060 2423 „Lieber sterben, als weiter so leben!“ ruft dafür Herr Schmedes.
522 2362 897 2435 (Der große Krach.
924 2373 1305 2436 — Der Exdirektor.
1317 2356 1803 2441 —. Die Antrittsvisite bei
520 2422 1745 2479 Schlenther. — Ein gehaltenes Versprechen. — Eine Lautenburgiade.
1788 2406 3050 2494 Er fühlt sich nämlich sehr unbehaglich. Allerlei Privatangelegen¬
517 2464 808 2522 Die Pächter.
874 2459 1468 2511 Der geschlagene Konkurrent.
1530 2465 1729 2528 Operette
1787 2474 3043 2520 heiten bedrücken sein Gemüt. Sie kosten ihn Geld, so viel Geld,
532 2495 759 2551 Trumpf. —
1692 2498 1784 2553 Die
743 2503 1646 2546 Die Direktoren als Verleger. — Ein Theatertrust.
1780 2513 3048 2584 daß er es jedem erzählt, wie nötig er eine Gageerhöhung hat.
520 2539 1463 2590 Interessen der Autoren. — Der lebendige Schnitzler.
1520 2541 1780 2594 Was er im
1790 2564 3043 2630 Jetzt ist er zum Fürsten Montenuovo gegangen. Vorgestern machte
527 2564 1785 2642 Grabe täte. — Das Malheur des Redners, — Der pietätvolle Kollege
757 2614 1589 2679 Weisse. — Die Sorgen des Herrn Schmedes.)
1783 2603 3052 2684 er dem Allgewaltigen der Hoftheater einen Besuch und trug ihm
632 2664 3044 2720 Man hört nicht auf, davon zu sprechen. Von Lautenburgs seine Schmerzen vor. Er verlangte eine Erhöhung seiner Bezüge
1846 2713 3046 2778 das war das erste; dann beanspruchte er die Garantie für
530 2727 1804 2782 Glück und Ende nämlich. Alles, was zum Theater gehört, be¬
534 2767 3040 2835 schäftigte sich mit der Angelegenheit: sie drängte alle übrigen Er= einen vierwöchigen Urlaub in der Saison — das war das
1792 2796 3045 2880 zweite; dann wollte er einen Modus geschaffen wissen, daß
533 2824 1798 2887 eignisse in den Hintergrund. Ein bißchen Schadenfrende macht sich
1789 2854 3041 2925 man ihm in Krankheitsfällen nicht das ganze Spielhonorar
529 2858 1788 2928 natürlich geltend. Herr Lautenburg hatte proklamiert, daß er
1793 2898 1948 2966 streiche
2024 2896 3044 2960 das war das dritte. „Sonst nichts?“ dachte
524 2919 1789 2986 den Wienern zeigen werde, wie man Theater spielen müsse. Nun
1788 2956 3050 3014 Fürst Montenuovo. Aber Herr Schmedes hatte eine Reihe von
529 2970 1790 3029 weiß man es. Ehe er sein Amt übernahm, machte er eine An¬
1782 2993 3047 3064 Argumenten zur Hand, um seine Bitte zu unterstützen. Er hatte
521 3012 1071 3077 standsvisite bei Schlenther.
1780 3051 3039 3112 im vorigen Monat sehr häufig abgesagt, und als der Gagetag
651 3057 1789 3141 „Sie können ruhig sein, ich werde Ihnen keine Konkurrenz
1787 3080 3053 3160 kam, erhielt er eine so kleine Summe ausgezahlt, daß ihm nach
660 3118 721 3152 7
535 3110 1791 3179 bereiten“, versicherte er und Schlenther meinte in seiner üblichen
1794 3139 3049 3203 Abzug aller seiner Verpflichtungen ungefähr 150 Kronen für den?
521 3172 1789 3238 trockenen Manier: „Ich hoffe, Sie werden Ihr Versprechen
1782 3187 3053 3252 ganzen Monat zum Leben übrig blieben. Natürlich hat er noch
527 3216 710 3290 halten.“
1779 3243 3044 3308 sonst einiges Geld, aber die Tatsache selbst besteht und Herr
648 3267 3054 3331 Jetzt erinne# man sich an diesen Dialog. Man zitiert aber Schmedes will unter allen Umständen von seiner Kunst auch den
527 3314 1786 3386 auch zur Illustration jene hübsche Anekdote, wie Lau enburg im
1789 3329 3048 3394 Vorteil haben. Lieber geht er nach Amerika. Und der Fürst
528 3371 1787 3438 vergangenen Sommer nach Berlin kam und das Plakat einer
1794 3374 3050 3451 hörte ihn wohlwollend an, sagte ihm ein paar freundliche Worte
527 3414 1786 3487 großen Ausstattungspantomime studierte: „Die letzten Tage von
1789 3429 3045 3491 und entließ ihn mit der Versicherung, daß die Wünsche und Be¬
521 3466 1789 3536 Pompeji“. Kopfschüttelnd las er den Titel und fragte: „Die
1777 3471 3070 3564 schwerden geprüft werden sollen. Herr Schmedes ist jetzt ein
533 3522 2117 3602 letzten Tage von Pompeji? Wieso? Sind denn die Leutewenig getröstet.
534 3567 807 3635 schon pleite?“
649 3614 1812 3688 Es war eine kurze Herrlichkeit. Von der Literatur schwenkt
522 3659 1808 3741 man zur Operette ab. Karczag, Wallner und Lehar haben das
520 3708 1804 3763 Rennen im Raimund=Theater gemacht. Die Direktoren Aman und
530 3762 1810 3833 Eibenschitz sind verstimmt; sie hatten sich gleichzeitig um den Pacht
527 3813 1804 3885 beworben, aber sie boten bloß 100.000 Kronen; die Konkurrenz
534 3864 1799 3932 schlug sie mit 102.000 Kronen. An solchen Kleinigkeiten scheitern
537 3911 1796 3976 oft die schönsten Pläne. Das Wiener Theaterleben soll also jetzt
533 3960 1810 4022 ganz von der Operette beherrscht werden; nächstes Jahr kommt:
533 4013 1807 4073 noch das Johann Strauß=Theater hinzu, und überall
531 4055 1802 4112 wird es singen und klingen. Solange gute Werke auf den Markt
530 4095 1798 4176 kommen, ist ja auf Erfolg zu rechnen. Aber wenn die Produktion
1563 4132 1807 4188 # n
1240 4131 1482 4201 ###s merd
527 4135 788 4196 de. dI. #
