3344 4352
1097 261 1575 361 box 41/2
104 281 1070 393 1. Miscellaneens
2827 1391 3272 1501 di
1517 1384 1873 1502 OD
2292 1401 2765 1508 Ael
1374 1413 1526 1505 5
799 1423 1173 1528 Ar
365 1430 448 1540 4
2918 1494 3299 1585 etdonkpoment für bie
500 1523 963 1605 Abonnement für Wien:
357 1556 1026 1631 Gitläglich zweimal. Zustellung ins Hausn Biertenl. K. 9
3141 1566 3254 1631 P9
2914 1567 3059 1633 end K. Shee
379 1574 1121 1672 Wonal. K. 3.20; odne Iustedlung in d u k. 1. Tobaltallied
2836 1603 3027 1667 Bostesenbung
1577 1546 2429 1697 Morgen-Ausgabe.
597 1632 847 1676 monatl. F. 9.00.
468 1657 997 1701 Telegramm=Abresse. „Beraant. Wien“.
2820 1649 3008 1723 Ihs Goutfn
385 1669 1112 1734 Perniprecher: Schrintleitung 19. 250, Bexwalinno 11.975.
368 1659 1103 1750 Garnieit. u Verwalt.; Vien, 9. Bez. Josesegs. —.
2825 1691 3082 1781 Gür alle dem a
371 1723 1102 1772 Kminahmestell für Kleine Anzeigen: 1 Bro., Schulerct, 20.
3071 1705 3299 1795 R
1565 1719 2445 1813 Herausgeber: Grust Vergani.
375 1753 1077 1822 Greis dieser Rummeri Wien 8 Heuer, Prooinz 10 bed
2888 1800 2976 1870 —
1508 1799 1597 1873 1
3048 1848 3306 1948 XVII. 2
1436 1863 2484 1955 Wien, Dienetag, 3. April 1906.
353 1875 701 1986 Nr. 6196
3087 1931 3176 2015 A
2413 1915 2560 2022 Se Mrte n
1361 1947 1464 2025 S
1404 2058 3294 2133 gerufen, daß die Welt nur in äußerst wenigen Fällen Und doch hat Heine alles gekan, wa
612 2070 1135 2162 Inhaltoübersicht.
1417 2114 3266 2178 die Grundsätze der Gerechtigkeit zur Richtschnur Kräften stand, um das Deutschtum
381 2132 1421 2197 In Chicaao wurde ein Stgatsanwalt auf dem
2342 2151 3308 2230 tausend für die Deutschen Oesterreichs lag gen
2221 2158 2369 2220 es
1406 2169 2215 2245 ihres Handelns nimmt, und daß
303 2173 1426 2247 elektrischen Hinrichtungsstuhle während der Be¬
3182 2204 3270 2259 3
2186 2205 3207 2280 ihr Urteil vor, sich Heine gegenüber
1417 2208 2207 2289 andere Rücksichten sind, die
299 2222 1424 2297 sichtigung desselben durch den slektrischen Strom
1398 2248 3296 2314 beeinflussen. Daß dem so ist, das hat sich erst in den haltent wie die Stammesbrüder im
293 2279 536 2353 getötet.
1402 2301 3307 2375 letzten Tagen wieder ermieten Der hundertste Geburts=ses bis jetzt gelungen ist, es zu verhind
388 2281 1305 2364 Der Ausstand in Fiume ist beendet.
391 2339 1421 2409 In dem Besinden der bei der Grubenkatastrophe
292 2346 3311 2440 von Courrières Geretteten ist eine Besserung ein¬ tag eines deutschösterreichischen Dichters, der für die auf deutschem Boden ein Denkma
1404 2394 3302 2485 Zeit, in der er lebte und schuf. unendlich viel bedeutete Diese Zeilen würden ihre Bestimmung
295 2436 516 2515 getreten.
2515 2442 3302 2522 erfüllen, wollten wir nicht die Un
1417 2449 2532 2517 und dessen Name in der Geschichte des Schrifttums
391 2452 1424 2521 Die deutschen Retter von Courrières
1399 2486 3300 2552 des deutschen Volkes stets mit Achtung genannt werden rügen, deren sich die Wiener B#
297 2498 1413 2579 wurden vom deutschen Kaiser empfangen und
293 2558 871 2629 äußerst herzlich belobt.
1422 2547 3304 2616 wird, wurde gefelert, ohne daß weitere Kreisé davon besondere aber das Hofburgtheater
397 2560 1422 2649 In Lille wurde von ausständigen Kohlen¬
1426 2575 3290 2667 Notiz genommen hätten, und es ist wohl mehr als be= Halm gegenüber schuldig gemacht
301 2617 1435 2701 arbeitern ein Dynamitanschlag auf den
2522 2628 3261 2711 bem mehrere der Dramen des
1411 2644 2530 2715 zeichnend, daß es einem jungen, aufstrebenden Vereine,
302 2666 832 2748 Bahnkörper versucht.
2529 2669 3309 2757 jetzt noch dem Repertoire des Burgthe
1417 2697 2540 2767 der sich die Förderung literarischer Zwecke zur Aufgabe
390 2697 1431 2764 In Zarzicz wurde eine Hochzeitsgesellschaft
1421 2730 3315 2812 gemacht hat, vorbehalten blieb, an Halms hundertstem und trotzdem Halm zu dieser Bühne in e
296 2739 1423 2815 überfallen und mehrere Stunden eingesperet
1422 2798 3312 2859 Geburtstage eine würdige Gedenkfeier zu ver= gestanden ist, hat man es doch unterl
292 2791 522 2877 gehalten.
399 2806 1440 2905 In Ostschlesien tritt die Genickstarre epi¬
2499 2835 3305 2908 abend des 2. April durch eine A
1425 2853 1728 2925 anstalten ...
291 2863 624 2946 demisch auf.
1507 2883 3319 2966 Es soll hier nicht die Rede sein von den Vor= dieser Schöpfungen eine gewisse Weihe
396 2889 1444 2988 Bei Unruhstadt ermordeten Zigeuner drei
1417 2934 3311 3026 zügen und Fehlern der Halnschen Dichtungen. Was den toten Dichtern — auch wenn sie
307 2945 603 3019 Personen.
1410 2993 3311 3058 unbestritten ist, ist die Tatsache, daß er einer der Literatur mehr bedeuten als Halm —
1421 3031 3318 3106 Söhne Deutschösterreichs ist welche bewiesen haben, viel Federlesens gemacht. Die Klassik
555 3059 1219 3168 Ein Versäumnis.
1410 3080 3311 3161 daß der Zweig des deutschen Stammes, der auf das Gebiet noch immer eine stattliche Schar
2999 3115 3197 3193 zumeist
2677 3116 2972 3198 das sind
398 3120 2671 3205 Daß die Mitwelt denen,' die es perdienen der Ostmark herüberragt nicht verdorrte, sondern jeder= aber
305 3175 3321 3284 würden, nur sselten Kränze flicht und daß huch die Nach=zeit Blüten trieb und Früchte trug. Jedenfalls war er —listen, die mit den billigen Plätzen
3156 3226 3226 3276 st
309 3227 3156 3321 welt in dieser Beziehung nicht immer ihre. Schuldigkeit dafür hat er Beweise in großer Zahl erbracht — ein müssen. Die „Modernen“
307 3268 3318 3373 tut, ist eine so alle Wahrheit, daß über dieses Themaj deutschbewußter Mann, der seine Begabung stets in und Stümpfer sie auch in ihrer Meyr
313 3370 3288 3407 nichts Neues mehr gesagt zu werden braucht. Die Un= den Dienst seines nationalen Empfindens gestellt hatl hintet sich eine einflußreiche Clique,
306 3412 3311 3463 dankbarkeit ist (nnn einmal der bei den Menschen am und der schon deshalb verdient hätte, daß man den ihrer Mittel nicht wählerisch ist, wenn
316 3410 3312 3515 meisten verbreitete Fehler und er wird es wohl bleiben. Erinnerungstag an seine vor hundert Jahren er=setzen will. Und was das wichtigste ist
307 3472 3319 3552 Aber nicht darum handelt es sich, daß nur zu oftlfolgte Geburt nicht sang= und klanglos verstreichen frepräsentiert einen Teil der „öffent
322 3513 3315 3612 derjenigen vergessen wird, die in einem engeren oder ließ. — Man erinnert sich da unwillkürlich daran, daß und davon, ob diese gut oder schlecht
320 3610 3317 3660 weiteren Wirkungskreise für ihr Volk etwas geleistet erst vor kurzem dem Andenken an Heinrich Heine, urteilt, hängt es ab, ob Logen und
318 3652 3316 3716 haben, sondern was so schmerzlich und peinlich den man mit aller Gewalt zum „deutschen". Dichter sind oder leer bleiben. So kommt ##
320 3693 3262 3757 empfunden wird, ist das, daß zuweilen Lebende und stempeln will, während man ihn bei gerechter Beurteilung dem Franzensring vor den #
320 3688 3325 3805 Tote mit Ehrungen überhäuft werden, die eigentlich nur als einen talentierten Juden gelten lassen kann, Lothare tutti quanti einen heillo
322 3804 3316 3861 niemals etwas getan haben, was des Lobes wert durch eine von der „Konkordia“ arrangierte Feier ein während man sich den Teufel darum
313 3846 2774 3887 ware, das ihnen so überreich gespendet wird. Erst Tribut gezollt wurde, an dem sich unter dem Drucke einen der
309 3801 3323 3992 Vdadurch wird in uns der häßliche Eindruck wach= der Verhöltnisse auch arische Sünftler hatailianes mukian i a Toten, die der de
