3344 4352
1117 334 1582 423 box 41/1
121 342 1037 450 1. Miscellaneons
573 1380 1022 1470 Telephon 12801.
183 1465 1425 1557 Alex. Welgl’s Unternehmen für Zeitungs-Ausschnitte
1197 1523 1418 1604 Ausschnitt
1263 1583 1500 1678 Nr. 70
420 1555 1108 1694 „OBSERYER“
140 1656 1527 1763 österr. behördl. conc. Bureau für Zeitungsberichte u. Personalnachrichten
315 1728 1329 1810 Wien, IX/1, Türkenstrasse 17.
491 1806 1122 1883 - Filiale in Budapest: „Figyelö“
135 1848 1539 1955 Vertretungen in Berlin, Chicago, Genf, London, Newyork, Paris, Rom, Stockholm.
117 1952 1459 2135 Ausschnitt aus: Tägache Uuneuehen,
134 2150 669 2241 0
321 2341 1402 2426 Das angebliche Telegramm Artbur Schnitzlere.
401 2429 1402 2491 Der Verdacht, den ich in der heutigen Morgen¬
335 2466 1415 2535 nummer aussprach, nämlich: „daß man mit dem
337 2519 1400 2584 Namen eines feinfühligen Poeten argen Mißbrauch
334 2559 1395 2628 getrieben“ habe, erweist sich als begründet. Auf
336 2603 1404 2676 eine heute früh drahtlich an Herrn Dr. Schnitzler
336 2638 1409 2702 in Wien gerichtete Anfrage, ob er vorgestern
332 2674 1397 2757 sein Telegramm an mich abgesandt habe, das mich
333 2741 1394 2801 kauf die „Urpremiere“ von „Die Kinder der Armen“
326 2776 1400 2844 hinwies, lief heute Mittag seine Antwort ein:
321 2829 1406 2887 Schnitzler hat jenes Telegramm nicht
325 2879 1399 2930 abgesandt, er weiß nichts davon und bittet mich
323 2914 917 2971 um gelegentliche Aufklärung.
1359 2912 1524 2967 gelusive
242 2926 352 2992 50 :
128 2941 232 3023 Für
395 2951 1512 3020 Es handelt sich also hier um einen groben Porto.
241 2983 326 3030 100
333 2985 1526 3047 litterarischen Schwindel, der zur Vermeidung ähna#bar
234 3030 1545 3102 200 lichen Unfugs unbedingt auf seinen Urheber ver¬ Voraus.
229 3060 324 3108 500
328 3076 1565 3149 folgt werden muß. Ob der Verfasser des unsinnigen ist das
227 3100 326 3152 1000
319 3135 1574 3196 Volksstücks selber oder ein guter „Freund“ ht es den
246 3140 335 3199 Im
149 3186 1461 3242 Abonneme in Wien das Telegramm aufgegeben hat, wird ja ru.
151 3210 1401 3281 Abonnent wohl herauszubekommen sein; vorläufig sei hier nur
324 3253 1584 3322 sein trauriger Autorname noch einmal festgenagelt, altend die
260 3299 1577 3379 Deer lautet: Ernest von Jurco; das Schundstück lorgen¬
1523 3334 1592 3394 9
1381 3342 1549 3398 Zeitung“
154 3356 1371 3414 Inhaltsar aber, das er in vier Akten verbrochen hat: „Die
1365 3378 1588 3431 schaftliche
158 3397 1593 3474 blätte Kinder der Armen“. Vielleicht wird der Erfolg piese Mit¬
165 3439 1380 3486 wodurch dieses starken Stückes überraschender und durch¬
159 3476 1394 3563 Leben d schlagender für ihn sein, als die liebe Seele es sich
155 3508 508 3571 theilung wünscht.
887 3524 1321 3590 Karl Strecker.
494 3558 920 3660 Propisee 1
2010 829 2458 921 Telephon 12801.
1614 920 2841 1021 Alex. Weigl’s Unternehmen für Zeitungs-Ausschnitte
2574 973 2851 1043 Ausschnitt
2669 1033 2919 1122 Nr. 69
1860 1017 2519 1123 „OBSERVER‘
1505 1113 2956 1210 I. österr. behördl. conc. Bureau für Zeitungsberichte u. Personalnachrichten
1744 1178 2754 1267 Wien, IX/1, Türkenstrasse 12.
1918 1252 2564 1340 - Filiale in Budapest: „Figyelö“ —
1524 1304 2956 1403 Vertretungen in Berlin, Chicago, Genf, London, Newyork, Paris, Rom, Stockholm.
1526 1426 2875 1572 Ausschnitt aus: Tegaenn Hendschen
1536 1593 2144 1697 vom. 4707
1977 1906 2584 1996 Theater und Musik.
1749 1978 2781 2048 Ein litterarisch-dramatischee Bochetapler¬
2155 2037 2432 2110 stücklein?
1815 2078 2826 2166 Am Donnerstag Mittag erhielt ich aus Wien ein an
1758 2135 2817 2204 meine persönliche Adresse gerichtetes Telegramm, das also
1755 2171 1930 2234 lautete:
1813 2197 2827 2289 „Freitag Karl Weiß=Theater Urpremiere von „Kinder
1747 2265 2808 2337 der Armen“ empfiehlt geneigter Aufmerksamkeit er¬
1743 2303 1907 2375 gebenst
2289 2313 2753 2378 Arthur Schnitzler.
1804 2351 2956 2429 Von diesem Telegramm würde ich selbstverständlich [lusive
1545 2383 1656 2450 Für
1671 2387 2931 2466 50 Zniemals öffentlich Notiz genommen haben, wenn ich an= forto.
1583 2443 1634 2489 „
1666 2430 2947 2514 100 nehmen könnte, daß es wirklich von Schnitzler aus litterari= sulbar
1666 2465 1771 2514 200
2810 2484 2977 2547 Voraus.
1654 2483 2509 2555 500 schem Interesse abgesandt worden sei
2565 2499 2817 2555 selbst dann
1598 2554 2991 2596 " 1000 nicht, wenn mein Urteil nicht ganz mit seinerist das
1671 2587 3004 2647 Im Wertschätzung übereingestimmt hätte. Leider liegt st es den
1555 2634 2874 2690 Abonneme aber für mich nach Betrachtung dieses „Volksstückes“ der #1.
1560 2668 2807 2714 Abonnentehandgreifliche Verdachi nahe, daß hier ein arger Miß¬
1738 2698 2996 2758 brauch mit dem Namen eines feinfühligen Poeten getrieben tend die
2805 2751 2994 2802 orgen¬
1689 2753 2809 2820 De worden ist. (Ein Kollege vom „Berliner Tageblatt“ hat
2949 2779 2999 2813 #
2808 2791 2986 2838 Zeitung)
1568 2797 2799 2864 Inhaltsar übrigens genau dasselbe Telegramm zur selbigen Stunde er¬
2806 2829 3004 2879 haftliche
1577 2842 2788 2904 blätte halten). Unter diesen Umständen sehe ich mich genötigt, die
2802 2860 2998 2923 jese Mit¬
1580 2878 2800 2949 wodurch offene Frage an Schnitzker zu richten, ob er diese seltsame Auf¬
1581 2904 1762 2957 Leben d
1729 2925 2797 3002 munterung wirklich abgefaßt hat? Wenn nicht (und das
1580 2951 1744 3014 theilung
1747 2979 2804 3043 nehme ich an), so liegt es ebenso in seinem Interesse wie
1739 3023 2798 3079 in dem der Ehre unserer deutschen dramatischen Litteratur,
1745 3069 2795 3134 daß dieser Herr Verfasser, Ernest von Jurco
1735 3109 2326 3170 nennt sich die Kapazität,
2707 3113 2804 3170 Es
2363 3116 2675 3173 entlarvt wird.
1739 3154 2796 3212 ist nicht der kürzesten Rede wert dies „Soziale Volksstück
1735 3192 2631 3265 in 4 Akten“. Was es an Thatsachen enthält, ist
2677 3210 2800 3271 sagt
1741 3239 1953 3298 der Zettel
2005 3244 2796 3319 dem „Sensationswerk“ von C. Antono
1742 3285 2792 3349 Traversi „J. Fanciulla“, entnommen, was dra¬
1737 3338 2794 3396 matisch dabei herausgekommen ist, wirkt brutal,
1733 3370 2106 3428 trivial, alltäglich.
2137 3384 2795 3449 Dargestellt wurde das elendige
1732 3419 2802 3490 Machwerk beinahe so schlecht, wie es geschrieben
1732 3468 2793 3532 worden war. Indessen ein hoffnungerweckendes
1744 3507 2783 3560 Talent wäre hier vielleicht für findige Bühnenleiter zu
1733 3560 2792 3613 entdecken: ein kleines Wesen Namens Martha Hardt
1736 3598 2783 3642 gab den achtjährigen „Carletto“ mit staunenswerter Fertig¬
1731 3625 2807 3713 keit und prächtigem Humor. Sonst waren nur Herr
1733 3676 2784 3744 Tyrkowsky und allenfalls noch Frl. Piusacka und
1728 3716 2798 3809 Herr Scheibach erträglich. Da sich der Fall Schnitzler
1726 3771 2789 3840 inzwischen hoffentlich aufklären wird, morgen noch wenige
1725 3808 1884 3862 Worte.
2352 3815 2738 3884 Karl Strecker.
1788 3840 2024 3915 aten
