3392 4352
1128 336 1580 420 box 41/1
137 345 987 449 1. Miscellaneons
621 1304 1070 1385 Telephon 12801.
241 1398 1459 1474 Alex. Welgl’s Unternehmen für Zeitungs-Ausschnitte
1197 1452 1475 1521 Ausschnitt
1291 1513 1553 1601 Nr. 65
339 1484 1136 1624 05 „OBSERYER
146 1594 1573 1662 I. österr. behördl. conc. Bureau für Zeitungsberichte u. Personalnachrichten
364 1675 1362 1730 Wien, IX/1, Türkenstrasse 17.
550 1728 1171 1799 Filiale in Budapest: „Figyelö“-
153 1777 1574 1870 Vertretungen in Berlin, Chicage, Genf, London, Newyork, Paris, Rom, Stockholm.
150 1927 844 2015 Ausschnitt aus:
833 1881 1535 2076 Nae Treie Prosn
145 2036 727 2156 # 72
903 2124 1244 2267 VO00
864 2324 960 2420 #
331 2446 1432 2509 [Eine mysteriöse Theater=Affaire. Aus Berlin
234 2493 1421 2567 wird uns telegraphirt: Der Kritiker der „Täglichen Rundschau“
229 2549 1426 2589 #und ein Kritiker des „Berliner Tageblatt“ erhielten vor der
248 2598 1426 2645 gestrigen Aufführung des Volksstückes „Kinder der Armen“ im
241 2621 1433 2687 Berliner Karl Weiß=Theater folgendes aus Wien abgesendete
244 2674 1423 2731 Telegramm: „Freitag Karl Weiß=Theater Urpremiere von
255 2718 1425 2775 „Kinder der Armen“ empfiehlt geneigter Aufmerksamkeit ergebenst
252 2770 1426 2821 Arthur Schnitzler.“ Der Kritiker der „Täglichen Rundschau“,
253 2801 1432 2853 der, wie er schreibt, den Verdacht hegt, daß hier ein arger Mißbrauch
259 2849 1555 2900 mit dem Namen eines feinfühligen Poeten getrieben worden ist, ölusive
157 2844 245 2914 Für
248 2880 1536 2924 richtet an Arthur Schnitzler öffentlich die Frage, ob er das selt= forto.
258 2926 1540 2979 same Telegramm wirklich abgefaßt hat. Der Kritiker der „Täg= #hlbar
257 2966 1570 3032 lichen Rundschau“ nimmt an, daß das Telegramm nicht von Voraus.
250 3012 1596 3071 Arthur Schnitzler herrührt, und erklärt, es liege ebenso in dessen ist das
248 3053 1596 3112 Interesse, als im Interesse der deutschen dramatischen Literatur, ii es den
167 3112 1471 3155 Abo den Schwindel aufzudecken. Das Stück „Die Kinder der Armen“ u.
168 3138 1420 3186 Abo bezeichnet der Kritiker der „Täglichen Rundschau“ als ein
251 3174 1592 3237 eler es Machwerk. Verfasser ist ein gewisser Ernst v. Jurco. tend die
252 3230 1588 3284 Wir erhielten heute Nachts aus Berlin eine Depesche, die von orgen¬
162 3251 1581 3315 Inh einem uns unbekannten Herrn Nahodil unterzeichnet ist und Zeitung“,
262 3308 1591 3361 „einen glänzenden, von Act zu Act sich steigernden, wahren Sen= schaftliche
251 3351 1594 3408 sations=Erfolg“ des socialen Volksstückes „Die Kinder der Armen“ Diese Mit
253 3389 1420 3453 meldet. Wir haben diese Depesche, da sie nicht von unserem
248 3441 1429 3498 ständigen Berliner Correspondenten herrührt, selbstverständlich nicht
249 3484 1412 3539 publicirt, geben aber nunmehr von derselben angesichts der Mit¬
239 3521 1112 3602 Stheilung der „Täglichen Rundschau“ Kenntniß.
1103 3562 1163 3627 M18
1238 3555 1359 3621 —
2095 1297 2541 1376 Telephon 12801.
1723 1378 2951 1452 Alex. Weigl’s Unternehmen für Zeitungs-Ausschnitte
1593 1435 1846 1529 105
1939 1434 2948 1574 „OBSERYEP“
2757 1489 3004 1584 Nr. 77
1607 1570 3050 1638 I. österr. behördl. conc. Bureau für Zeitungsberichte u. Personalnachrichten
1840 1639 2842 1732 Wien, IX/1, Türkenstrasse 17.
2013 1706 2655 1781 - Filiale in Budapest: „Figyelö“ -
1623 1760 3063 1852 Vertretungen in Berlin, Chicago, Genf, London, Newyork, Paris, Rom, Stockholm.
1612 1919 2135 1991 Ausschnitt aus:
2207 1871 2965 2022 Mnckakiener ungea Aeltunz hin
1615 2049 2187 2164 vora:# 1-7 11102.
1869 2230 3022 2365 * Arthur Schnitzler II. Unser Theaterreferent erhielt
1782 2321 3009 2419 am Freitag ein an seine persönliche Adresse gerichtetes Tele¬
1790 2357 3010 2452 gramm aus Wien, dessen Absender sich Arthur Schnitzler
1781 2413 2998 2499 nannte und um Berücksichtigung der „Urpremière“ eines
1775 2460 3022 2536 Dramas „Kinder der Armen“ bat, die am Freitag im,
1772 2488 2993 2588 Karl Weiß=Theater stattfinden sollte. Da es uns völlig un
1772 2530 2997 2631 glaublich vorkam, daß der feinfühlige Dichter der „Liebeleit“,
1786 2581 2996 2675 in so formloser Weise eine Bitte vortrüge, und daß ein von
1782 2621 3000 2711 ihm empfohlenes und für hervorragend gehaltenes
1778 2660 2518 2740 Werk an keiner anderen, als
2548 2695 2647 2741 an
2647 2695 2996 2762 einer Vorstadt¬
1768 2689 3003 2807 Bühne gegeben werden sollte, deren Spielplan; sonst durch
1775 2753 2982 2849 Meisterwerke wie „Hannemann vom Viehhof und der kleine
1767 2793 2977 2895 Cohn“ eingenommen wird, so haben wir die telegraphische
1624 2825 1731 2893 Für
1773 2829 2981 2936 Bitte unberücksichtigt gelassen. Nach dem, was wir nun über
1771 2878 2939 2978 das aufgeführte Stück von Kollegen hören und lesen, is
1768 2927 2982 3016 unsere Handlungsweise vollkommen richtig gewesen. Augen¬
2969 2949 3052 3007 us.
1675 2998 1733 3056 „
1764 2967 3067 3061 scheinlich hat hier irgend ein homo ignotus seine zufällige das
1769 3009 2962 3118 Namensgleichheit mit dem Wiener Dichter benutzt, um mit
2964 3057 3071 3121 den
1633 3070 1756 3127 Abon
1759 3046 2964 3156 dem Gewicht dieses Namens die Berliner Kritiker zum Besuche
1646 3094 2970 3202 Luam eines Theaters zu bestimmen, mit dem sie sonst keine Ver¬
1750 3155 3068 3244 anlassung haben, sich zu beschäftigen. Belangen kann man ja die
1754 3195 2943 3298 einen derartigen Herrn nicht, aber öffentlich festgenagelt soll
2948 3217 3067 3270 gen¬
1641 3219 2101 3287 Inha er doch werden!
2952 3251 3062 3306 ung")
1655 3262 2430 3322 blätter Tagesjournale aussei „Neus —.
2946 3297 3072 3348 liche
1661 3299 2777 3360 wodurch eine Uebersicht über das gesammte politische und
1640 3320 3069 3396 Leben des In- und Auslandes in drastischer Kürze geboten wird. Diese Mit¬
1651 3388 2674 3443 theilungen werden in Wien um 9 Uhr Früh verschickt.
1964 3464 2737 3540 Prospecte gratis und franco.
