3296 4352
166 143 1091 241 rlin, Sonntag den 3. Februar
605 318 1797 375 dafür zu gelten, das Symptom einer gewissen Dekadenz liegen,
603 375 1792 422 denn es ist gewiß pervers, wenn Jemand durchaus krank und
167 399 578 487 eine eigene Seite ein¬
589 418 1794 464 abgelebt sein will, darin einen Vorzug sieht; aber das ist
604 445 1800 507 nur die keineswegs mehr originelle Mode=Dekadenz, die man
193 487 574 565 dichtet, kann sich
598 503 1797 555 täglich auf den Boulevards, auf dem Ring und Unter
1278 546 1792 607 wenn junge Männer,
159 545 573 607 mit den sonderbaren
605 545 1266 611 den Linden beobachten kann,
600 593 1805 643 und selbst bartlose Burschen, mit krummem Rücken,
158 588 586 657 st; da die Zahl dieser
596 644 1794 692 blödem Ausdruck und schlaffer Haltung dahintrotten, als wären
160 636 573 710 lt es sich, hier einige
603 686 1801 739 sie entkräftete Greise, die nur mehr durch die absonderlichsten
606 731 1797 780 Genüsse aus ihrer müdn Stumpfheit aufgerüttelt werden
600 764 1798 823 können. Mit einem Worte; de Dekadenz Dörmanns ist
164 750 527 824 der Welt, Tioko?!“
607 813 1804 865 Gigerl=Dekadenz; jedenfalls ist sie es zum größten Theile,
182 809 575 881 (Geschliffene grüne
610 856 1801 902 wenn es ja auch immerhin sein mag, daß seine Perversität
610 903 1804 954 à la Baudelaire nicht nur Pose ist. Von der schweren, echten
608 953 1802 1002 Dekadenz eines Altenberg oder auch nur eines Hofmannsthal
611 985 1807 1045 ist bei ihm wenig zu spuren; er erfreut sich vielmehr eines
609 1043 1805 1095 ganz klaren Denkvermögens und eines immerhin be¬
597 1072 1804 1128 achtendwerthen Talents. Sein Schauspiel „Ledige
153 1057 580 1128 selle aus dem Kapitel
605 1119 1798 1172 Leute"*), das ein großstädtisches Sumpfmilien mit dra¬
157 1120 588 1186 Herr Peter A. nicht
597 1161 1808 1222 stischemt Naturalismus darstellt, ist der beste Beweis dafür. Und
158 1165 587 1229 nes der vielen Räthsel
609 1220 1804 1281 selbst seine berüchtigten Gedichtsammlungen „Neurotica“ und
605 1260 1798 1314 „Sensationen“ sind trotz aller blutrünstigen, sadistischen
613 1305 1803 1355 Evotik, Einiges ausgenommen, ganz vernünftig und machen
609 1341 1804 1396 nur den Eindruck, er wolle damit renommiren, worauf ja
162 1338 346 1413 zu ihm —
610 1387 1800 1445 auch die reklamehafte Titelwahl deutet. Manche Gedichte tragen
612 1431 1794 1483 sogar den Stempel echter Poesie, z. B. das „Schneeflocke“ be¬
613 1482 1804 1535 nannte. Im großen Ganzen freilich wirkt diese posirende
143 1459 574 1536 swegs aufs Gerathe¬
609 1512 1805 1568 Hyperwollust wenig erquicklich, ja langweilig. Nicht nur
151 1518 583 1571 trlegt und bemessen.
609 1558 1804 1631 toujours perdrix wird auf die Dauer fade, auch toujours
159 1561 587 1626 chriftsteller sich in ihrer
609 1602 776 1671 cochon.
156 1609 592 1660 Porten zu suchen, ver¬
679 1636 1805 1693 In seinen in diesem Jahre erschienenen Novellen, die den
153 1652 592 1710 das armselige Wort¬
163 1699 573 1771 eimniß der Gedanken¬
608 1688 1807 1748 ebenso gesuchten als geschmacklosen Titel „Warum der
604 1737 1815 1791 schöne Fritz verstimmt war"**) führen, zeigt er, daß er
611 1786 1813 1836 ebensowenig im Stande ist, episch zu gestalten, wie fast alle
170 1761 576 1845 nicht wie man nach
607 1830 1802 1877 seine Kollegen von der „Moderne“. Jedenfalls steht die
155 1821 591 1891 ben ganzen Band aus.
607 1871 1809 1939 Sammlung sowohl seinem Schauspiel als seinen Gedichten er¬
147 1872 588 1936 Arbeit, die der Autor
605 1916 861 1983 heblich nach.
151 1919 592 1980 Namen gegeben, wie
680 1949 1813 2017 Dieser für die junge Literatengeneration so charak¬
147 1961 589 2024 seiten, die auch meist
604 1999 1806 2058 teristische Mangel der Erzählkunst macht sich auch in
158 2003 530 2067 n weiße Damen —
607 2052 1818 2108 den Romanen Ludwig Wolffs bemerkbar, der wenigstens
145 2035 584 2118 hentlich „Theobronia“
612 2092 1814 2149 den Versuch unternommen hat, mehr zu bieten als novell.stische
151 2094 591 2160 aten Arbeit zeien hier
607 2144 1811 2200 Skizzen und Stimmungsbilder. Beide Romane, „Im todten
158 2134 589 2214 n Peter A. auf der
600 2180 1812 2236 Wasser"***) und Studentenroman“ sind entschieden
605 2206 1804 2286 mißlungen, wenngleich sie ein gewisses Talent verrathen,
141 2216 325 2292 eristisch
605 2254 1805 2321 namentlich der zweite, der aber andererseits in wahrhaft kläg¬
185 2263 500 2331 „Genie“ als —
606 2318 1811 2367 licher Weise im Sande verrinnt und dadurch die Ohnmacht
172 2311 585 2379 manches Mal. Wo
612 2358 1811 2419 seines Verfassers offenbart. Hat sich dessen Talent für die
149 2358 593 2428 leicht nur schwächlich,
1456 2398 1822 2462 — als ganz un¬
612 2412 1446 2465 größere Erzählung — wenigstens bisher
146 2409 588 2468 Tage. Wie wenn Je¬
605 2458 1821 2504 zulänglich erwiesen, so kommt es in der ganz kurzen Skizze
166 2449 587 2515 giebt ihm feine un¬
606 2487 1810 2551 bisweilen recht wirksam zur Geltung. So in den literarischen
169 2495 594 2563 wird er, und milde
616 2537 1809 2599 Momentaufnahmen aus dem Kokottenleben, die unter dem
147 2533 592 2604 Menschen, welche aus
609 2580 1823 2644 gemeinsamen Titel „Professional love“ in der Skizzen¬
217 2583 582 2656 er ganz zart und
611 2623 1824 2687 sammlung „Dunkle Sehnsucht“f) enthalten sind, dem
607 2665 1807 2730 ersten Buche des Autors, bei dem übrigens Maupassant,
138 2653 592 2734 eren berichtet, daß sie
611 2711 1735 2764 Schnitzler und Altenberg ungewollt Pathe gestanden sind.
151 2717 423 2781 sitzen bei ihr:
699 2744 1812 2819 So ein Dutzend=Talent scheint auch Felix Salten zu
173 2746 593 2828 den Thiren des
877 2798 1821 2859 der Novellettensammlung „Der Hinter¬
619 2793 827 2860 sein, der
617 2850 1820 2910 bliebene“|f) erst im vergangenen Jahre als Erzähler debütirt
146 2836 598 2929 be einen Satz ge¬
618 2885 1828 2939 hat. Die Geschichte von der klugen Schauspielerin, die in der Er¬
619 2935 1818 2983 kenntniß, daß ihre Bluthezeit bald zu Ende sein werde, den
603 2971 1816 3024 ahtkellner des Restaurants heirathet, in dem sie ungezählte
160 2963 602 3054 42— und wenn sie
613 3016 1819 3073 Male intime Soupers eingenommen hat — diese Geschichte ist
623 3063 1813 3120 sogar vortiefflich, aber sie könnte ebenso gut von Schnitzler
640 3110 1362 3187 em; ein eigenes Gesicht hat sie nicht.
686 3187 1816 3241 Die im Vorausgegangenen gegebene literarische Charak¬
160 3192 445 3263 wacht sie ——
151 3227 479 3305 schön ruiniren“ —
623 3229 1824 3302 terisirung einiger Schriftsteller des sogenannten „Jungen
619 3285 1818 3348 Wien“ macht keinen Anspruch darauf eine lückenlose Liste
160 3288 436 3356 icht, schläft sie“
619 3330 1827 3381 aller Auforen zu bieten, die zu dieser Gruppe gehören oder
144 3336 593 3406 nd rauchen Zigaretten.
620 3378 1824 3437 sich doch dazu rechnen; schon darum nicht, weil sich überhaupt
619 3415 1825 3475 nicht genau feststellen läßt, wer dazu gehört und wer nicht;
153 3398 591 3475 ähernd so dekadent ist
629 3459 1834 3519 ohne Zweifel giebt es noch Manche, die hätten miteinbezogen
148 3462 604 3527 edeutet für ihn freilich
617 3505 1822 3563 werden können, zum Mindesten, die hierauf ein Recht zu haben
147 3506 599 3575 kank und dekadent sein,
158 3559 600 3626 in einem oft zitirten
713 3613 1798 3670 *) Ledige Leute. Schauspiel. Leipzig, R. Friese. 1897.
146 3617 296 3707 elesen,
750 3657 1755 3702 Neurotica. Leipzig, A. Schulze, Lit. Anstalt. 1891.
152 3697 186 3741 in
737 3696 1519 3747 Sensationen. Wien, L. Weiß. 1892.
692 3725 1828 3794 **) Warum der schöne Fritz verstimmt war. Wien,
941 3779 1060 3832 1900.
148 3772 339 3839 d krank.“
617 3769 926 3834 Wiener Verlag.
699 3810 1823 3860 **) Im todten Wasser. Roman. 1899. Studentenroman.
143 3821 601 3893 hühens gelingt es ihm
625 3850 1145 3911 1900. Dresden, C. Reißner.
158 3877 601 3940 läubig ist) die Ueber¬
746 3889 1827 3952 Dunkle Sehnsucht. Novellen, Leipzig, F. E. Neupert.
151 3920 607 3981 der müde, leben= und
630 3932 745 3996 1898.
152 3965 596 4013 ist, der er zu sein vor¬
747 3945 1832 4024 Der Hinterbliebene. Kurze Novellen. Wien, Wiener
148 4008 602 4075 sonderbaren Bestreben,
627 4007 890 4079 Verlag 1900.
1389 4126 1824 4173 sie im hellen Morgen¬
1196 4128 1353 4175 aus, Wi
153 4125 587 4176 chultern. „Haben Sie
2679 139 2903 230 1901.
1823 325 3009 385 glauben: die Autoren aber, die für „Jung=Wien“ typisch sind,
1825 372 3015 418 die genannt werden müssen, wenn es gilt, ein anschauliches
1821 417 3026 469 Bild dieser Literaturgruppe zu geben, die sind hier alle ver¬
1822 458 1952 526 treten.
1900 513 3022 558 Was vor Allem in die Augen springt, ist der allen Ver¬
1820 547 3026 597 tretern „Jung=Wiens“ fast ausnahmslos eigene Mangel an
1822 592 3022 647 Natürlichkeit: er offenbart sich ebenso in der graziösen Kofetterie
1826 639 3022 704 Schnitzlers (zumal im „Anatol“ und „grünen Kakadu“),
1830 682 3030 739 als in den Posen und Sensationstricks Bahrs, wie in
1821 724 3023 774 der dekodenten Gedankenstrich=Poesie Altenbergs. Was des
1820 767 3033 828 Weiteren auffallen muß, ist der ausgesprochene Mangel an
1826 811 3027 868 Humor. Die meisten Vertreter „Jung=Wiens“ besitzen davon
1827 853 3026 916 nicht die leiseste Spur, so besonders Hofmannsthal und Wolff;
1829 904 3028 960 selbst Schnitzler hat nur wenig Humor, und wenn er ihn
1825 944 3021 1003 zeigt, so ist es im Grunde mehr witzige Frivolität als Humor.
1827 982 3028 1037 Nur Bahr verfügt über eine genugende Dosis dieser Eigen¬
1817 1024 2943 1093 schaft, allerdings grobkörniger und ebenfalls frivoler Art.
1914 1080 3033 1135 Hand in Hand mit diesem Mangel an Humor geht eine
1828 1131 3022 1182 gewisse Blasirtheit, Müdheit und Freudlosigkeit der Lebens¬
1820 1174 3037 1217 auffassung, die zwar stark zur Schau getragen wird und darum
1825 1220 3026 1267 gewiß nur zum Theil echt ist, die aber immerhin ein charak¬
1823 1250 3035 1303 teristisches Merkmal bildet. Es ist eine Art Licht= und Luft¬
1834 1292 3033 1351 scheue eine Vorliebe für das Dunkle, Schwüle, die sich in der
1997 1339 3035 1393 der Stoffe deutlich ausprägt; unerquickliche
1822 1328 1963 1399 Wahl
2147 1386 3030 1443 brüchige Charaktere sind die Regel;
1822 1383 2144 1442 Milieus und
1821 1436 3034 1485 auch die häufige Verwendung des Themas „Tod“ ist dafür
1825 1482 3038 1535 symptomatisch. In Saltens einzigem Buche kommt es unter
1834 1514 3039 1568 neun Skizzen nicht weniger als viermal vor, und von den sechs
1830 1551 3035 1613 Novellen Schnitzlers gelten nicht weniger als drei, also die Hälfte,
1829 1605 3043 1660 diesem Thema. Auch Beer=Hofmann und Hofmannsthal
1829 1643 3048 1711 haben sich damit schon eingehend beschäftigt, obwohl sie erst so
1830 1691 2300 1757 wenig geschrieben haben.
1913 1720 3040 1794 Die beständige Wiederkehr gewisser Motive ruft den Ein¬
1828 1774 3039 1833 druck der Einförmigkeit hervor, die sich auch in dem steten
1828 1828 3042 1871 Betonen und Breittreten des erotischen Moments äußert, und
1840 1864 3036 1926 sie läßt auf eine gewisse Beschränktheit des Ideenkreises, eine
1841 1916 3034 1965 Armseligkeit der Erfindung schließen. Für diese spricht auch
1914 1955 3042 2018 merkwürdige Thatsache daß die Autoren „Jung¬
1829 2012 3031 2058 Wiens“ episch über die Skizze nur selten hinaus¬
1844 2058 3041 2111 gekommen sind und nur ganz wenige größere Erzählungen ge¬
1834 2084 3047 2138 schrieben haben; bloß Bahr macht da eine Ausnahme. Schon
1841 2134 3051 2193 die Novelle, geschweige denn der Roman, verlangt denn doch
1841 2188 3046 2235 etwas mehr als psychologische Stimmungsmalerei; Anderes
1833 2223 3049 2288 und mehr zu geben als das, dazu scheinen diese Herren aber
1832 2264 3051 2326 keine Lust zu haben, wohl darum, weil sie, wenn auch un¬
1842 2304 3047 2364 bewußt, fühlen dürften, daß sie nicht die Kraft dazu haben.
1843 2348 3043 2409 Wo sie dennoch den Versuch machen, da mißlingt er kläglich,
1846 2397 3054 2453 wie das Wolfss zwei Romane beweisen. Es scheint, daß ihnen
1842 2442 3041 2493 ebenso wie die Erfindungsgabe auch die epische Kraft fehlt,
1840 2496 3054 2548 daß sie nicht die Fähigkeit besitzen eine Fabel längere
1833 2544 3044 2591 Zeit mit sicherer, ruhiger Hand fortzuführen und nament¬
1841 2579 3051 2629 lich deren feste Form zu bewahren, sie nicht ab¬
1835 2617 3055 2676 irren und nicht zerfließen zu lassen. So erklärt es sich, daß
1829 2666 3046 2725 es ihren Arbeiten in der Regel an künstlerischer Straffheit so
1847 2710 3052 2767 sehr fehlt, daß sie so kraft= und saftlos erscheinen, so ver¬
1842 2759 3053 2815 se vimmen und zerflattern; bis zu welchem Grade dies gehen
1847 2797 3061 2854 känn, das zeigt Beer=Hofmanns jüngstes Buch in erschreckender
1834 2844 2088 2907 Deutlichkeit.
1920 2892 3051 2949 Mit diesem Mangel an Kraft dürfte noch eine andere
1850 2940 3048 2994 Eigenthümlichkeit „Jung=Wiens“ in Zusammenhang stehen:
1842 2978 3049 3050 dessen auffallende Unfruchtbarkeit. Es ist geradezu erstaunlich,
1839 3027 3054 3089 wie wenig produktiv es ist: Autoren, die sich den Vierzig
1848 3075 3054 3135 nähern, die seit einem Jahrzehnt literarisch thätig (besser: un¬
1847 3120 3056 3177 thätig) sind haben nicht mehr geschrieben als einige
1854 3153 3047 3214 wenige dünne Bändchen mit Stimmungsbildern! Es
1862 3212 3052 3262 soll damit keineswegs etwa großer literarischer Frucht¬
2651 3246 3056 3308 im Gegentheil:
1849 3249 2649 3313 barkeit das Wort geredet werden,
1850 3281 3045 3346 diese bedeutet für einen Schriftsteller fast unfehl¬
1856 3323 3050 3390 baren Ruin; aber es giebt doch gewisse Grenzen, nicht nur,
1853 3390 3057 3438 über die man nicht hinausgehen, sondern auch unter denen
1843 3428 3063 3483 man nicht zurückbleiben darf. Wer so wenig hervorbringt
1850 3465 3064 3521 wie „Jung=Wien“ und diesen quantitativen Mangel nicht
1846 3517 3060 3576 qualitativ durch bedeutende Werke wett zu machen vermag, der
1848 3569 3062 3626 muß es sich gefallen lassen, wenn man deshalb seine künstlerische
1854 3607 2222 3674 Potenz bezweifelt.
1927 3630 3057 3692 Alle diese den Vertretern „Jung=Wiens“ mehr oder
1863 3709 3054 3745 weniger gemeinsamen Eigenschaften, die zugleich Mängel sind,
1851 3734 3063 3787 kennzeichnen sie als Das, was man unter dem Namen Dekadent
1857 3785 3063 3835 versteht, so daß man mit vollem Rechte, so paradox es auch
1860 3820 3060 3879 klingt, behaupten darf: Die Renaissance des literarischen Wiens
1982 3866 3053 3922 die Décadence. Wie eine schwere, trübe Dunstwolke
1989 3902 3061 3967 diese Décadence=Stimmung auf „Jung=Wien“
1856 3910 1981 3976 lastet
2800 3954 3067 4013 die stickige,
1845 3953 2801 4006 und die Atmosphäre in der es lebt, ist
1862 4006 3052 4064 dumpfe Kaffeehausluft, in der es geboren ist, denn
1853 4112 3062 4171 die Familie Zielinski obgleich sie, wie alle Polen,
