3344 3968
233 221 1366 334 2. Cuttings box 37/2
396 1005 482 1103 ∆
619 1042 803 1131 Dt.
1209 927 1551 1156 zur
435 1269 771 1363 Nr. 17a.
760 1365 826 1435 S
855 1444 1435 1523 Die Welt ist eine große Seele,
850 1495 1373 1557 Und jede Seele eine Welt;
859 1526 1451 1607 Das Auge ist der lichte Spiegel,
853 1582 1442 1645 Der beider Bild vereinigt hält.
1143 1614 1504 1698 E. Rittershaus.
719 1729 1145 1844 „Jung=Wien.“
464 1802 1403 1909 Studienblätter von Theodor v. Sosnosky.
714 1881 1153 1949 (Nachdruck verboten.]
403 1919 1533 2006 Im letzten Viertel des 19. Jahrhunderts hat Berlin in
312 1957 1540 2054 der deutschen Literatur eine führende Rolle gespielt. Die
321 2030 1540 2095 anderen deutschen Großstädte konnten sich literarisch neben
308 2064 1538 2125 Berlin kaum bemerkbar machen, nur München ist dies, aller¬
314 2107 1535 2170 dings in sehr bescheidenem Maße, geglückt, ohne daß es der
308 2168 1531 2230 Hegemonie Berlins aber auch nur entfernt Abbruch zu thun
322 2208 1527 2277 vermochte. Wien kam für die deutsche Literatur so gut wie
321 2244 746 2321 garnicht in Betracht.
404 2283 1529 2351 Dieses krasse Mißverhältniß der beiden Kaiserstädte in
306 2337 1538 2390 ihren Beziehungen zur Literatur bestand noch in den neunziger
321 2375 1539 2423 Jahren. — Da, gegen Ende des Jahrhunderts, tauchte der
319 2422 1531 2487 Name „Wien“ in der Literatur wieder auf. Auge und Ohr stießen
304 2464 1540 2526 da und dort auf ihn; immer häufiger zeigte er sich, immer
307 2509 1528 2574 größer wuchs er heran, immer vernehmlicher wurde seine
322 2560 1531 2618 Stimme; schließlich eroberte er sich in der Literatur einen
306 2593 1540 2661 Platz, der, zwar immer noch bedeutend geringer als der
309 2645 1524 2720 Berlins, doch selbst dem arg kurzsichtigen großen Publikum er¬
312 2680 1342 2753 kennbar ist und darum ernstlich in Betracht kommt.
388 2735 1539 2791 Das unleugbare Verdienst, den Namen Wien in der
312 2774 1537 2842 Literatur nach so langer Zeit wieder zur Geltung gebracht
298 2825 1528 2875 zu haben, gebührt wohl unbestritten Hermann Bahr.
315 2857 1520 2921 Es mag ja sein, daß dieser Umschwung auch ohne ihn
302 2916 1529 2972 eingetreten wäre, es ist sogar wahrscheinlich; aber jedenfalls
305 2954 1517 3014 hätte es noch ein Weilchen gedauert, bis es geschehen wäre.
317 2999 1517 3062 Jedenfalls ist Bahr es gewesen, der die Aufmerksamkeit des
312 3024 1519 3093 Publikums wieder auf Wien gelenkt hat; wie er dies gethan,
300 3077 1514 3139 ist eine andere Sache; aber mag man dagegen noch so viel
303 3133 1518 3194 einwenden, sein Verdienst um das literarische Wiederaufleben
307 3173 1488 3226 Wiens kann dadurch nicht aus der Welt geschafft werden. —
301 3223 1521 3273 Mit dem „Wie“ freilich kann man sich durchaus nicht ein¬
297 3264 1524 3309 verstanden erklären, denn die Art seines Vorgehens war und
301 3305 1528 3363 ist nichts weniger als löblich und nachahmenswerth. Nicht
303 3350 1523 3409 durch hohe Kunstleistungen, nicht durch überzeugende Geistes¬
298 3398 1521 3450 werke hat er die Aufmerksamkeit auf sich und damit auf Wien
303 3446 1514 3491 gelenkt, nicht die Erkenntniß, daß in ihm eine bedeutende lite¬
295 3488 1522 3552 rarische Persönlichkeit verkörpert sei, hat das Publikum veran¬
302 3527 1511 3602 laßt, von ihm Notiz zu nehmen, sich mit ihm zu beschäftigen:
302 3569 1525 3633 nein er hat es nur besser verstanden, Reklame zu
301 3618 1510 3682 machen, als seine zahlreichen Konkurrenten seine Stimme,
303 3648 1523 3721 mit der er seinen Namen unaufhörlich in die Welt
299 3704 1524 3755 rief, ist eben stärker, und seine Hand, die die Reklame¬
289 3756 1521 3813 trommel rührte, darin geschickter und unermüdlicher
305 3790 1516 3844 gewesen. Die sattsam bekannte Theilnahmslosigkeit des deut¬
297 3832 1524 3915 schen Publikums konnte ihn nicht irre machen, nicht abschrecken:
288 3887 1522 3941 gelang es ihm nicht, dessen Aufmerksamkeit in der einen Rolle
1160 3924 1375 3972 auhorge
1681 1069 2973 1176 Kordbeutschen
3096 1077 3343 1177 ten
2228 1312 3311 1416 Berlin, Sonntag den 20. Jannar
2587 1385 2684 1472 S
1562 1456 2778 1542 Symbolistik, daß dieser radikalste Stürmer und Drän¬
2797 1471 3346 1560 Literatur jene Stellung zu e
1669 1527 1944 1580 dereinst in
1981 1530 2778 1588 der Redaktionsstube des „Neuen
2785 1535 3353 1606 dazu haben dagegen seine
1568 1567 2778 1636 Wiener Tagblatts“ sitzen werde, in der der äußerste
2790 1584 3346 1650 leugbar geschickt gemacht un
1560 1604 2780 1687 Konservatismus im Künstlerischen Hausgesetz ist: wer hätte das
2787 1634 3342 1692 denen jener ungenirte bursch
1559 1651 2776 1721 gedacht!? Man wird vielleicht sagen, der Bahr vom Jahre
2797 1684 3331 1736 zige echte Eigenart Bahrs i
1564 1701 2782 1781 1900 sei eben ein ganz Anderer als der von 1890 oder sogar
2784 1716 3350 1790 Wic schon im Roman „The¬
1560 1750 2779 1812 als der von 1896, er habe sich in diesen zehn Jahren, weiß
2793 1759 3352 1825 spielen „Tschaperl“ und
1563 1786 2772 1857 Gott wie oft, gehäutet. Das ist aber doch nicht so richtig, als es
2789 1800 3347 1866 Persönlichkeiten auf die Szen
1565 1825 2781 1889 scheint: Man hat sich daran gewöhnt, in Bahr einen literarischen
2785 1853 3347 1908 wirken, da das Publikum derl
1558 1875 2783 1942 Proteus zu sehen, der eine Kunstrichtung nach der andern
2786 1898 3353 1953 kanntlich zu lieben pflegt. Rec
1562 1920 2780 1993 „überwindet“, um diesen durch ihn zum geflügelten Worte ge¬
2784 1933 3341 2005 süchtiges Apartseinwollen ist
1554 1965 2771 2033 wordenen Ausdruck zu gebrauchen; es ist ja auch ganz mog¬
2787 1984 3333 2040 zum Pantoffelhelden, vom
1556 2004 2768 2092 lich, daß er in einigen Jahren, vielleicht schon im
2778 2014 3328 2076 Napoleon in seinem Stücke
1558 2053 2772 2115 nächsten, wieder ein Anderer zu sein scheint als heute;
2775 2073 3333 2136 de alle Welt, Freund und F
1553 2096 2769 2141 aber auch nur zu sein scheint. Darin liegt es! Im
2782 2113 3353 2176 einen großen Mann sieht, ha
1557 2132 2774 2208 Grunde ist er nämlich doch immer derselbe: ein Mann,
2781 2153 3354 2218 als lächerliche Null hinzu
1550 2176 2303 2240 der eine feine Witterung hat,
2305 2193 2764 2254 aus welcher Rich¬
2777 2206 3353 2258 als andere Leute. Nun, der
1549 2219 2763 2293 tung der nächste Wind wehen wird, und der sein
2780 2242 3340 2301 wird diese à tout prix-Opposi
1545 2263 2763 2336 Mäntelchen daher früher nach ihm drehen kann als andere
2772 2291 3347 2354 zu glauben, hieße Bahrs Bed
1550 2313 2766 2382 Leute, was ihm den Nimbus des Bahnbrechers verleiht; er
2781 2335 3331 2385 hat Napoleon eben klein
1542 2343 2771 2413 ist immer derselbe kluge Menschenkenner, der weiß, daß in
2772 2371 3346 2430 schon nicht groß, so doch inte
1543 2396 2772 2482 unserer raschlebigen, sensationslüsternen Zeit nur Der interessant
2768 2424 3355 2477 Bahrs Bedeutung liegt üb
1540 2431 2774 2499 bleibt, der immer für Abwechslung sorgt, der immer einen
2768 2458 3353 2522 lerischen Thätigkeit, sonder
1550 2499 2772 2567 neuen Trick in seinem Programm hat, mit dem er die nach¬
2770 2506 3343 2574 Mit allen seinen Erzählu
1537 2535 2774 2605 lassende Theilnahme des Publikums aufs Neue anregt. Mag
2766 2541 3339 2610 bühnenwirksamen Stücken w
1550 2576 2768 2642 er was immer für eine Pose oder Gestalt annnehmen, was
2769 2587 3354 2655 so viel von sich reden zu mac
1546 2612 2764 2678 ihn dazu bewegt, ist doch immer dasselbe: Originalitäts= und
2768 2645 3348 2700 Theater, Literatur, Malerei
1549 2672 2763 2740 Sensationssucht. Damit soll aber nicht etwa gesagt werden,
2780 2684 3354 2746 Gebiete nimmt er thatsächlich
1554 2712 2755 2774 daß jede dieser Posen und Metamorphosen lediglich kühle
2782 2729 3349 2791 Stellung ein. Er ist es, der
1536 2739 2757 2822 Berechnung und Komödie sei. Das dürfte zwar die Ansicht
2769 2768 3352 2832 Literatur eingeführt hat; ihr
1546 2799 2766 2866 der Gegner Bahrs sein, deren Zahl vermuthlich nicht
2767 2815 3354 2874 Verdienst, für jene Mode Pro
1540 2830 2751 2907 klein ist, aber man thäte ihm damit doch wohl Unrecht. Das
2770 2850 3343 2915 Name gedankenlos von aller We
1545 2888 2750 2954 „épater les bourgeois“ ist ihm eine Art Bedürfniß, der
2773 2906 3355 2964 nämlich; er ist es schließlich,
1548 2936 2755 3002 Trieb dazu entspringt seiner Originalitätssucht; die Sucht nach
2770 2947 3342 3010 damit die Aufmerksamkeit auf
1547 2981 2768 3043 Neuem liegt in seiner Natur, das von ihm zitirte Wort Henri
2768 2981 3355 3054 arg vernachlässigte Kaiserstadt
1541 3019 2753 3089 Lavedans paßt auch auf ihn: „ .. il n’est qu'une chose,
2776 3039 3354 3099 Wien“, das ist nämlich die in
1546 3065 2755 3111 aue je préfère à la beauté, c’est le changement.“ Der
2778 3083 3354 3142 Bezeichnung für die Gruppe
1538 3104 2754 3171 Wechsel ist ihm Bedürfniß, und so nimmt er bald diese, bald
2775 3121 3353 3183 die Bahr „entdeckt“ hat oder die
1539 3149 2755 3219 jene Farbe an. Daß er sich trotz aller Wandlungen im
2769 3162 3342 3238 tung, der „Moderne“ angehö
1542 3207 2758 3256 Grunde gleich geblieben ist, das zeigt sich in der Konsequenz,
2769 3207 3354 3276 doch Leute, die er dafür hielt
1541 3239 2755 3313 mit der er von seinem ersten Auftreten an bis heute stets für
2769 3258 3354 3325 zu halten ihm gerade Spa
1541 3285 2581 3355 das Ungewöhnliche, Mystische, Bizarre eingetreten ist.
2767 3308 3354 3359 wenigstens ein Sport von
1618 3331 2755 3401 Max Nordau sieht in Bahr ein Prachtexemplar eines
2771 3343 3333 3408 ebensoviel nützte wie seinen
1537 3356 2755 3423 Entarteten, ein wahres Paradigma, an dem sich alle für
2766 3384 3353 3447 Namen und Vorzüge mit so
1538 3418 2755 3483 die Entartung typischen Merkmale nachweisen lassen. Wenn
2769 3441 3354 3491 er gebärdete sich dabei so au
1536 3467 2757 3529 die übergroße Emotivität, der Hang zum Mystizismus und die
2766 3469 3353 3541 mehr Aufmerksamkeit zuwende
1540 3511 2752 3574 Sucht, von sich reden zu machen, wirklich Zeichen der Ent¬
2773 3523 3354 3578 Namen früher merkte als di
1527 3549 2748 3608 artung sind, dann muß Bahr allerdings an ihr leiden, denn
2771 3565 3354 3637 Andere entdeckte, entdeckte das
1534 3590 2759 3668 alle diese Eigenschaften besitzt er in hohem Grade. Was
1539 3640 2746 3709 Nordau in seinem Urtheil ganz besonders bestärkt haben dürfte,
2837 3641 3354 3716 Ist Bahr auch der Fü
1530 3680 2748 3749 ist der Umstand, daß er nur den Bahr von 1890 kannte und
2760 3670 2908 3746 Wien“
3007 3691 3354 3757 ist er darum do
1539 3732 2744 3794 ihn bloß oder doch vor Allem nach seiner Künstlergeschichte
2766 3720 3353 3805 Persönlichkeit; er ist nur d
1541 3778 2748 3834 „Die gute Schule“ beurtheilte. Dieses Buch aber mit seinem
2764 3781 3327 3842 deren wahrer „Star“ aber i
1533 3809 2754 3866 symbolistischen Wahnwitz, seinen unerhörten stilistischen Ungeheuer¬
2758 3837 3345 3893 um es gleich zu sagen
1529 3869 2741 3925 lichkeiten war ganz dazu geschaffen, als die Aus= und Mißgeburt
2755 3857 3344 3922 wahrhaft bedeutende Autor de
1521 3909 3353 3975 eines entarteten Gehirns angesehen zu werden; ein solches Buch I mit Goethe zu sprechen, rein I
