3392 4320
156 174 1176 247 erlin, Sonntag den 20. Januar
2736 172 2976 261 1901.
166 323 649 414 Stürmer und Drän¬
653 324 1871 415 Literatur jene Stellung zu erobern, die er jetzt einnimmt. Viel
1874 349 3086 421 worden sind. Es sind geistvolle Gespräche zwischen
164 391 647 453 sstube des „Neuen
644 403 1880 458 dazu haben dagegen seine Theaterstücke beigetragen, die un¬
1886 400 3098 462 zwei Freunden und den verschiedenen Geliebten des
160 435 637 496 in der der äußerste
1882 439 2037 494 einen.
654 436 1871 497 leugbar geschickt gemacht und recht unterhaltend sind und in
2029 440 3104 492 Die Individuolität des Autors tritt schon in
151 466 640 545 esetz ist: wer hätte das
660 473 1877 533 denen jener ungenirte burschikose Humor, der vielleicht die ein¬
1881 483 3096 529 diesem Erstlingswerk sehr deutlich ausgeprägt zu
180 522 648 582 der Bahr vom Jahre
649 525 1876 585 zige echte Eigenart Bahrs ist, wirksam zur Geltung kommt.
1874 528 3107 586 Tage. Sie offenbart sich im Thema, in den Personen und
162 564 633 643 r von 1890 oder sogar
650 561 1874 620 Wie schon im Roman „Theater“, hat er auch in den Schau¬
1881 569 3108 656 ganz besonders in dem eigenartigen geistigen Aroma, das diese
161 610 641 674 sen zehn Jahren, weiß
1887 614 2234 681 Stücke umgiebt.
647 616 1867 681 spielen „Tschaperl“ und „Der Star“ bekannte Wiener
163 655 641 712 ch nicht so richtig, als es
650 655 1874 716 Persönlichkeiten auf die Szene gebracht, um dadurch „aktuell“ zu
1970 638 3096 716 Das Thema ist das illegitime Liebesleben, kurzweg das
171 693 648 760 Bahr einen literarischen
645 704 1872 758 wirken, da das Publikum derlei offenkundige Pseudonymitäten be¬
1886 704 3095 759 „Verhältniß"; das Personal besteht aus dem jungen Lebe¬
176 738 641 804 tung nach der andern
659 740 1880 804 kanntlich zu lieben pflegt. Recht bezeichnend für Bahrs sensations¬
1889 748 3112 793 manne, der nichts thut, als lieben und über die Liebe philo¬
179 782 644 852 geflügelten Worte ge¬
651 789 1881 846 süchtiges Apartseinwollen ist die Degradirung vom Weltheros
1886 787 3104 856 sophiren — von dem man zum Mindesten nichts Anderes er¬
649 836 1879 891 zum Pantoffelhelden, vom Riesen zum Zwerge, die er an
199 834 631 898 ist ja auch ganz mög¬
1882 833 3103 897 fährt —, und seinem Freunde, der nur dazu da ist, damit
202 871 648 938 vielleicht schon im
660 872 1881 928 Napoleon in seinem Stücke „Josephine“ vorgenommen hat;
1884 884 3096 945 jener seine geistvollen Bemerkungen an den Mann bringen
217 917 648 987 scheint als heute;
649 919 1879 988 da alle Welt, Freund und Feind in dem ersten Franzosenkaiser
1882 908 3103 996 kann, und aus „Ihr“. „Sie“ ist verschiedener Art:
155 961 635 1031 Darin liegt es! Im
643 976 1870 1021 eiden großen Mann sieht, hat sich Bahr bewogen gefühlt, ihn
2962 968 3106 1030 be¬
1881 954 2980 1030 entweder die junge Frau, die ihren Gatten
174 999 645 1075 derselbe: ein Mann,
640 1004 1879 1071 als lächerliche Null hinzustellen, um ja anders zu sein,
1886 1008 3100 1062 trügt, oder die Schauspielerin, die in der Liebe mehr
653 1063 1868 1109 als andere Leute. Nun. der Größe und dem Ruhme Napoleons
186 1049 642 1117 aus welcher Rich¬
1882 1057 3106 1122 leistet als in ihrem Berufe, oder aber das „süße
651 1100 1878 1158 wird biese à tout prix=Opposition keinerlei Abbruch thun; dies
165 1091 635 1162 wird, und der sein
1884 1100 3104 1155 Mädel“, diese weibliche Lieblingsgestalt Schnitzlers, die durch
160 1123 643 1204 brehen kann als andere
651 1129 1878 1201 zu Flauben, hieße Bahrs Bedeutung erbeblich überschätzen. Er
1882 1140 3109 1204 ihn zum Typus und deren von ihm herrührende Bezeichnung
163 1179 631 1241 hnbrechers verleiht; er
709 1179 1878 1235 t Napoleon eben klein gemacht, um sich selber, wenn
1882 1189 3112 1241 zum geflügelten Worte geworden ist. Unter dem „süßen
158 1228 638 1285 ner, der weiß, daß in
658 1233 1861 1288 schon nicht groß, so doch interessant zu machen, das ist Alles ...
1880 1238 3107 1292 Mädel“ versteht er jene Klasse hübscher (die nicht hübschen
165 1276 638 1327 Zeit nur Der interessant
1884 1274 3108 1339 kommen nicht in Betracht), frischer und lebenslustiger Mädchen,
650 1271 1865 1325 Bahrs Bedeutung liegt überhaupt nicht in seiner künst¬
169 1321 646 1378 orgt, der immer einen
1885 1320 3115 1381 die man in Wien als marchandes de mode Kassire¬
649 1315 1867 1369 lerischen Thätigkeit, sondern in seiner kritisch=ästhetischen.
181 1357 646 1423 mit dem er die nach¬
659 1366 1870 1421 Mit allen seinen Erzählungen und selbst mit seinen
1886 1364 3116 1427 rinnen, Ladenmamsells und dergl. trifft, und die dem Zuge
155 1392 648 1465 ufs Neue anregt. Mag
1882 1407 3108 1468 ihres Herzens und ihrer Sinne ohne viel Bedenken und ohne
648 1410 1878 1467 bühnenwirksamen Stücken wäre es ihm gewiß nie geglückt,
157 1456 634 1501 stalt annnehmen, was
645 1429 1878 1506 so viel von sich reden zu machen, wie durch seine Kritiken über
1885 1449 3115 1507 Rücksicht auf die strenge Moral zu folgen pflegen, mit andern
153 1490 640 1561 be: Originalitäts= und
1879 1494 3103 1540 Worten: Mädchen, die zwar nicht tugendhaft sind, die man
651 1497 1877 1549 Theater, Literatur, Malerei und Kunstgewerbe. Auf diesem
157 1538 637 1599 ht etwa gesagt werden,
658 1538 1879 1605 Gibiete nimmt er thatsächlich eine bedeutende, ja eine führende
1886 1533 3106 1585 aber doch nicht zur Halbwelt (im landläufigen Sinne des
655 1565 1876 1633 Stellung ein. Er ist es, der die „décadence“ in die deutsche
147 1579 642 1644 hosen lediglich kühle
1880 1578 3110 1656 Wortes, nicht in dem Dumas) zählen darf, sozusagen
644 1621 1876 1680 Literatur eingeführt hat; ihm gebührt das ebenso zweifelhafte
1892 1623 3128 1687 Dreiviertelwelt also. Ohne Zweifel kommt dieser Typus
162 1629 651 1697 ürfte zwar die Ansicht
654 1674 1878 1726 Verdienst, für jene Mode Propaganda gemacht zu haben, deren
1883 1667 3046 1714 auch in anderen Großstädten vor, nicht nur i
161 1670 647 1730 ahl vermuthlich nicht
1881 1707 3111 1771 Wien, aber Schnitzler hat ihm ein so ausgesprochen wienerisches
141 1712 651 1776 och wohl Unrecht. Das
650 1704 1874 1773 Name gedankenlos von aller Welt nachgesprochen wird, der Sezession
1886 1761 3107 1803 Gepräge gegeben, daß man sich unter dem „süßen Mädel“ nur
191 1756 637 1811 Art Bedürfniß, der
652 1747 1879 1811 nämlich; er ist es schließlich, der „Jung=Wien“ entdeckt und
1883 1801 3104 1859 eine Wienerin vorstellen kann. Dieser Typus tritt fast in
657 1805 1881 1857 damit die Aufmerksamkeit auf die in der Literatur bis dahin so
153 1807 648 1859 ätssucht; die Sucht nach
1882 1844 3112 1901 jedem seiner Werke auf und ist mit seinem Namen unzer¬
158 1846 650 1901 ihm zitirte Wort Henri
660 1843 1881 1898 arg vernachlässigte Kaiserstadt an der Donau gelenkt hat. „Jung¬
1888 1886 3112 1959 trennlich verbunden, er ist der Dichter des „süßen Mädels“
653 1888 1871 1946 Wien“ das ist nämlich die in neuerer Zeit geläufig gewordene
152 1891 641 1955 il n'est qu'une chose,
1963 1917 3096 1987 Da läg' es denn nahe, zu behaupten, das „süße Mädel“
166 1938 646 1993 e changement.“ Der
653 1935 1870 1986 Bezeichnung für die Gruppe in Wien lebender Schriftsteller,
1886 1961 3107 2037 sei seine Muse. So einleuchtend und bezeichnend dies aber
649 1984 1870 2037 die Bahr „entdeckt“ hat oder die doch der von ihm gesörderten Rich¬
147 1982 639 2039 umt er bald diese, bald
1883 2021 3110 2075 auch klänge, im Grunde wäre es doch nicht richtig: seine Muse
181 2007 646 2086 aller Wandlungen im
650 2017 1877 2088 tung, der „Moderne“ angehören. Talente zu entdecken oder
1884 2068 3110 2128 sieht jenem äußerlich wohl sehr ähnlich, aber thatsächlich ist sie
651 2068 1872 2133 doch Leute, die er dafür hielt — vielleicht auch nur, die dafür
165 2056 648 2132 sich in der Konsequenz,
1889 2108 3107 2172 nicht ein frisches natürliches und lebensfrohes Geschöpf wie
161 2118 638 2175 an bis heute stets für
652 2116 1879 2182 zu halten ihm gerade Spaß machte: das ist oder war
1885 2154 3106 2205 das „süße Mädel“; sie ist vielmehr stark „von des Ge¬
663 2154 1875 2215 wenigstens ein Sport von ihm, der ihm selber mindestens
161 2162 477 2218 eingetreten ist.
1885 2196 3105 2247 dankens Blässe angekränkelt“; hinter ihrer üppigen Genußfreude
652 2201 1885 2258 ebensoviel nützte wie seinen Schützlingen, denn er schrie deren
174 2195 648 2270 Prachteremplar eines
1884 2245 3120 2296 birgt sich eine unüberwindliche Skepsis; sie singt und tanzt,
664 2243 1876 2308 Namen und Vorzüge mit so schallender Stimme in die Welt,
168 2243 654 2319 n dem sich alle für
1885 2285 3118 2352 den Tod im Herzen, die Rosen auf ihren Wangen sind Grabes¬
652 2289 1876 2343 er gebärdete sich dabei so auffällig, daß das Publikum ihm
154 2298 652 2349 chweisen lassen. Wenn
1894 2313 3115 2392 rosen, und der süße Champagner, den sie kredenzt, hat eine
147 2335 651 2401 m Mystizismus und die
663 2341 1878 2397 mehr Aufmerksamkeit zuwendete als Jenen und sich seinen
1889 2371 3119 2438 bittere Neige. Sie aber weiß, daß es so ist, und gefällt sich
664 2379 1888 2442 Namen früher merkte als die, die er verkündete. Indem er
146 2379 647 2448 irklich Zeichen der Ent¬
1888 2423 3112 2475 darin. Frivole Melancholie und kokette Skepsis, das sind die
665 2426 1567 2502 Andere entdeckte, entdeckte das Publikum ihn.
157 2423 646 2493 s an ihr leiden, denn
1883 2475 3122 2528 Grundelemente ihres Charakters, und diese Mischung verleiht
158 2464 654 2537 hohem Grade. Was
1892 2508 3128 2578 Allem, was sie schafft, jenen pikanten Reiz, der die Eigenart
142 2514 656 2577 ers bestärkt haben dürfte,
742 2506 1878 2569 Ist Bahr auch der Führer des sogenannten „Jungen
1890 2554 2847 2602 Schnitzlers kennzeichnet und so anziehend macht.
659 2537 815 2619 Wien“,
151 2554 656 2622 r von 1890 kannte und
940 2555 1879 2612 t er darum doch keineswegs dessen bedeutendste
1966 2571 3117 2653 Am reinsten kommt sie vielleicht in seinem Märchen
158 2598 643 2656 seiner Künstlergeschichte
659 2595 1883 2662 Persönlichkeit; er ist nur der Impresacio der Gesellschaft;
660 2626 3120 2700 deren wahrer „Star“ aber ist Arthur Schnitzler; und 1%Drei Elixire“ zur Geltung, das sich unter allen anderen
171 2642 651 2702 8 Buch aber mit seinem
1275 2678 3112 2754 er ist auch der einzige  Beiträgen des „Modernen Musenalmanachs“ von 1894 wie
140 2690 654 2757 ten stilistischen Ungeheuer¬
666 2678 1292 2749 um es gleich zu sagen:
666 2724 3117 2792 wahrhaft bedeutende Autor der ganzen Truppe. Bahr ist, um eine Perle im Schlamm ausnahm. Er erzählt darin von
151 2732 656 2805 die Aus= und Mißgeburt
664 2775 3117 2842 mit Goethe zu sprechen, rein literarisch genommen, ein Talent Weinem jungen Lebemann, der daruber nicht wegkommen kann,
142 2775 662 2844 werden; ein solches Buch
1886 2814 3119 2886 daß er von den „Verhältnissen“, die seine Geliebten
662 2826 1883 2881 doch kein Charakter; Schnitzler dagegen ist ein Talent —
163 2831 646 2890 der deutschen Literatur
1891 2858 3102 2915 vor ihm gehabt haben, nichts weiß, weil keine die
653 2858 1886 2917 ein viel stärkeres sogar — und ein Charakter. Das Ur¬
189 2868 654 2933 Thatsächlich freilich
1899 2902 3120 2965 Wahrheit gestehen will. Da gelangt er in den Besitz
654 2908 1878 2980 Zement dieses Charakters ist Erxtik. Schnitzler ist der Erotiker
186 2915 649 2972 Schöpfung, sondern
1899 2941 3123 3005 eings Elixirs, dessen Kraft jene Mädchen und Frauen zwingt,
336 2956 662 3031 ent Poesie, die
651 2954 1878 3017 #excellenceer ist es durch durch, immer und überall,
147 2949 254 3010 Deko
1877 2995 3116 3060 die, Wahrheit zu sagen. Er kennt nun ihre Vergangenheit,
1286 2994 1887 3065 ost, an Peter Nansen und
695 2992 1300 3058 75 erinnert darin an Marcel
146 3000 322 3054 tionsluch
306 2988 652 3070 hi iß die deutsche
1886 3036 3119 3106 aber er ist damit nicht zufrieden: er will nicht, daß sie an
146 3036 571 3100 müßigt gefunden hat.
656 3042 1880 3098 Rinz Tovote, die ja ebenfalls Ülblut=Erotiker sind. Es
1898 3079 3124 3143 Andere denken wenn sie bei ihm sind, unb abermals gelingt
667 3092 1879 3138 wäre aber dennoch nicht ganz rich wenn man ihn, daraus
152 3082 650 3140 Schriften Bahrs sind ge¬
1896 3107 3119 3182 esUihm, ein Elixir zu bekommen, das seinen Wunsch erfüllt,
178 3134 649 3194 Was er sonst noch ge¬
662 3126 1883 3176 folgernd, als Das für Wien bezeichnen wollte, was Jene
1883 3163 3110 3231 indem es seinen Geliebten die Erinnerung an ihr früheres
666 3167 1878 3233 für Paris, Kopenhagen und Berlin sind, denn er ist
149 3166 662 3237 vernünftig, trotz aller
1883 3215 3113 3279 Liebesleben völlig auslöscht, so daß sie glauben, er sei ihre
665 3209 1880 3272 von ihnen doch recht verschieden. Er besitzt — im Allgemeinen
184 3211 655 3277 ihm nun einmal nicht
1898 3252 3119 3316 einzige Liebe. Aber auch das genügt ihm nicht; er will auch
657 3253 1878 3317 wenigstens — nicht die verwegene Frivolität, den prickelnden
206 3269 658 3325 angethan, daß man
1898 3281 3119 3358 ihre Zukunft besitzen: keine soll nach ihm einen Andern lieben.
665 3300 1892 3358 Witz Prévosts, es fehlt ihm die schlichte Anmuth und frische
139 3284 661 3367 kenn er beweist, daß Bahr
1885 3344 3115 3393 Wieder findet er ein Elixir, das die Kraft besitzt, das zu ver¬
668 3347 1880 3417 Natürlichkeit Nansens, aber er ist tiefer philosophischer als
146 3350 654 3411 Pystiker und Dekadent ist,
1892 3393 3113 3448 hindern und giebt es der Geliebten: am nächsten Morgen er¬
665 3398 1880 3450 Beide und im Vergleiche mit Tovote diesem in Allem durch¬
141 3394 657 3460 Esscheint, daß er es nur in
2447 3429 3115 3496 Die Moral des Ganzen: nur
1888 3428 2374 3495 wacht sie nicht mehr.
663 3435 1878 3497 aus überlegen (womit Tovote aber keineswegs so tief rangirt
150 3432 663 3496 vorzieht, es nicht zu sein
1883 3472 3110 3554 der Tod vermag es zu hindern, daß das Weib treulos
1512 3476 1887 3543 t geschieht). Als
661 3485 1499 3539 werden soll, wie das in der Kritik so o
137 3467 650 3558 ern vernünftig zu bleiben.
1891 3520 2028 3587 wird
674 3523 1886 3578 Erotiker hat Schnitzler in der Literatur debütirt und Erotiker
147 3514 639 3592 er Liebe“ „Caph“
1971 3544 3112 3621 Ist „Anatol“ für Schnitzler auch typisch geworden, so
146 3549 660 3637 **) sind die letzten zwei
665 3571 1883 3629 ist er geblieben; auch dort, wo er es nicht sein will. Sein
1893 3610 3111 3665 hat es ihn doch nicht in weiteren Kreisen bekannt zu machen
670 3611 1885 3667 Debüt war die Einaktersammlung „Anatol“*), die An¬
134 3613 662 3682 gewissen kecken Witz Zeug¬
1897 3658 3115 3719 vermocht. Dies ist ihm erst mit dem Schauspiel „Liebelei**)
666 3647 1884 3721 fangs nur wenig Beachtung gefunden hat, seither aber sehr bekannt
136 3652 661 3722 nd zu sein. Trotz aller Re¬
1897 3697 3115 3742 geglückt, nachdem er vorher mit dem Schauspiel „Das
669 3696 1878 3764 geworden ist, und von deren Einaktern einige sogar aufgeführt
136 3701 659 3780 ie gelungen, sich in der
1886 3740 3116 3795 Märchen“ einen verunglückten Versuch gemacht, die Bühne
674 3751 1886 3807 worden sind, obschon sie sich nicht recht für die Bühne eignen,
1888 3773 3117 3858 zu erobern. „Liebelei“ wurde im Burgtheater aufgeführt, und
667 3783 1888 3853 vielleicht auch nicht im Hinblick auf diese geschrieben
132 3780 655 3856 2893. Tbeater, Roman.
270 3837 649 3895 Das Tschaperl.
147 3841 262 3895 899.
2015 3844 3123 3930 Liebelei, Schauspiel. Berlin, S. Fischer 1895. Das
777 3843 1892 3931 )Anatol, Berlin Bibliogr. Bureau 1893. Kürzlich in zwei
139 3868 653 3952 ar. Ein Wiener Stück.
1899 3904 2822 3968 Märchen, Schauspiel. Dresden, E. Pierson 1894.
664 3903 1417 3975 Neu=Ausgaben bei S. Fischer erschienen.
683 3965 759 4042 mnst
235 3947 400 4044 e
1889 4020 3116 4084 schüttert gewesen; die Eröffnung hatte ihn geradezu über¬
765 4016 1892 4096 „Still, nicht so laut!“ sagte ich aufgeregt, mich ängstlich
164 4034 607 4098 und dort kam es s
1900 4067 3114 4126 wältigt, so daß er sich nun Jadwiga durchaus nicht als
663 4077 912 4153 umblickend.
132 4065 661 4139 neine Arme schließen und
1902 4123 3117 4163 eine Stütze gezeiat. Was mir zu denken gab waren Jadwigas
1579 4085 1881 4166 gerne wissen“
823 4128 895 4186 W
