3344 4320
354 83 420 158 —
423 84 1044 195 Eeitig
1084 99 2928 179 zür Kordbeutschen
3052 103 3354 192 Pen
424 315 722 414 Nr. 22.
2167 329 3303 437 Berlin, Sonnabend den 26. Januar
306 492 742 555 S.=A. 7 Uhr 54 Min.
1009 492 1522 571 M.=A. 9 Uhr 58 Min. V.
1535 492 2764 575 spielerin. IX. Schauspielerin und Graf. X. Graf und
2980 502 3352 583 4. Das Salböl au
307 547 745 609 S.=U. 4 Uhr 32 Min.
996 550 1155 607 M.=u.
1176 552 1462 614 Uhr — Min.
1548 549 2750 620 Dirne. Mit der Dirne beginnt, mit der Dirne schließt also
3039 564 3354 625 Der todten alt
1545 605 2758 658 dieser klassische Reigen, der in so geistvoller Symbolik den
3042 607 3341 671 Laß lächelnd ih
517 639 1525 714 Was Du theurer bezahlst, die Lüge oder die Wahrheit?
1543 648 2744 698 Kreislauf der Sinnenlust zum Ausdrucke bringt. Trotz seiner
3028 647 3342 710 An Adler, Lan
526 686 1490 745 Jene kostet Dein Ich, diese doch höchstens Dein Glück.
1539 693 2761 767 starken Erotik thäte man dem Buche jedoch bitter Un¬
3038 696 3353 753 Er lächelt der
1544 734 2745 794 recht, wenn man es bloß als pornographische Spielerei,
1273 735 1471 803 Hebbel.
3040 740 3354 802 Die schwebend
1547 783 2752 836 als „pikante Lektüre“, „nur für Herren“ ansähe; es ist weit
3029 785 3352 845 Abgründe und
1546 805 2752 870 mehr, es ist ein Kunstwerk in seiner Art, das es an fesselndem
3043 827 3347 888 Des Lebens tr
1044 836 1208 926 77*)
1535 867 2743 918 Reiz mit den besten Stücken aus Prévosts „Lettres de femmes“.
2836 864 3353 929 Man sollte einen Preis au
637 850 1099 955 „Jung=Wien.
1541 911 2753 972 aufnehmen kann, an Tiefe und Wahrheit sie aber zumeist
2756 905 3352 979 lingt diesen Tiefsinn zu ergrü
443 942 1377 1023 Studienblätter von Theodor v. Sosnosky.
1547 952 2739 1002 übertrifft; es ist ein Buch, in dem sich die Erotik zu klassischer
2763 942 3354 1032 der Konkurrenz keineswegs aus
1550 1002 2742 1055 Höhe aufschwingt und das es sowohl als Kunstwerk wie als
2838 1001 3353 1065 Wenn dieses Gedicht der
696 1002 1163 1082 [Nachdruck verboten.]
1548 1024 2758 1106 sittengeschichtliches Dokument verdiente, für die Nachwelt ein
2770 1041 3344 1101 ist, wer darf dann noch die al
392 1059 1520 1125 Dankt Schnitzler seinen Ruf auch seinen dramatischen
1542 1087 2753 1144 bleibendes literarisches Denkmal zu werden, wie es Boccaccios
2757 1095 3353 1152 Verse verspotten: „Im Schatte
308 1109 1523 1177 Werken, so ist das doch keineswegs als Beweis dafür anzu¬
1551 1134 2749 1193 „Decamerone“ ist, aber mit mehr Recht. Man komme nur ja
2765 1126 3341 1184 Unverstand mit Wehmuth zu
311 1168 1528 1233 sehen, daß er als Dramatiker höher steht denn als Novellist;
1550 1165 2756 1233 nicht etwa mit dem landläufigen Einwand, das Thier im
2759 1171 3344 1241 griff“?] Die Weisheit jener Ve
320 1205 1521 1271 das ist nur der Beweis für die bedauerliche Thatsache, daß
1539 1215 2752 1277 Menschen dürfe nicht zum Gegenstande der Kunst gemacht
2763 1217 3344 1284 Verstand sie garnicht zu ergründ
302 1255 1522 1305 das liebe Publikum vor einem Autor in der Regel erst dann
1540 1259 2758 1322 werden u. dergl. m. In der Kunst gilt nur ein Grundsatz:
2762 1264 3346 1332 aks geradezu mustergültigen Un
302 1295 1531 1350 Respekt bekommt, wenn er „aufgeführt“ wird. Das im onirt
1534 1305 2746 1362 „Tous les genres sont bons hors le genre ennuveux“, und
2764 1312 3343 1369 ders kann man das bezeichnen
311 1339 1523 1410 ihm, da merkt es sich den Namen, den es auf dem Bücher¬
1541 1359 2744 1407 man braucht nur die berühmtesten Namen der Weltliteratur
2765 1347 3332 1418 Suchen keinen Sinn finden
306 1382 799 1449 umschlag kaum beachtet.
1541 1400 2746 1451 zu nennen, um jene Moralkeifer ad absurdum zu führen:
2757 1388 3352 1460 freilich anderer Ansicht, er ärg
409 1413 1526 1490 Thatsächlich aber ist Schnitzlers Eigenart keineswegs für
1535 1437 2745 1495 Homer (in der berühmten Szene, wo Hephaistos seine ungetreue
2762 1437 3352 1491 einem Gedichte durchaus einen
306 1478 1530 1538 die Bühne geschaffen; sie ist dazu viel zu fein, zu psychologisch,
1551 1478 2745 1533 Gattin Aphrodite in Ares' Armen überrascht), Ovid, Catull,
2770 1481 3354 1545 aus diesem Anlaß: „Die leute
303 1517 1522 1574 zu erotisch; daß es ihm bennoch geglückt ist, sich die Bühne zu
1537 1518 2754 1591 Walter von der Vogelweide („Unter der Linde"), Goethe
2758 1523 3353 1596 dicht was sie den „eigentlichen
318 1564 1522 1618 erobern, zeugt nur für sein technisches Geschick. Seiner Be¬
1537 1569 2751 1622 (Römische Elegieen, Brautnacht, Braut von Corinth), Byron,
2749 1572 3340 1637 affen die auch immer mit der
310 1607 1524 1666 gabung aber entspricht das Gebiet der Erzählung weit besser,
1536 1618 2755 1670 Heine, Zola, Maupassant: sie Alle sind in ihren Werken der
2757 1621 3340 1675 fahren als müsse dort ein kör
310 1654 1518 1702 und zwar das der Novelle, nicht des Romans, (denn für dieses
1537 1662 2748 1714 Erotik durchaus nicht aus dem Wege gegangen! Nur darauf
2761 1661 3346 1725 der Originalorthographie und
308 1687 1516 1742 hat sie zu wenig Kraft und ist sie zu einseitig). Eigentliche
1543 1702 2751 1766 kommt es an, daß das Fleisch durch den Geist geadelt werde!
2770 1700 3347 1765 gegebene Ausspruch läßt tief
309 1737 1523 1796 Novellen hat er freilich nur wenige geschaffen, darunter die
2766 1742 3354 1802 Beurtheilung seiner Dichtung
302 1779 1526 1838 mit dem Wissen des Arztes und der Psychologie des Dichters
1608 1765 2752 1853 Noch nicht so bekannt wie Bahr und Schnitzler, aber auf
2768 1789 3354 1851 Danke verpflichtet, denn wir
309 1829 1519 1882 geschriebene Erzählung „Sterben“ und die Novellen „Ab¬
1537 1829 2745 1891 dem besten Wege, es zu werden, ist Hugo v. Hofmanns¬
2754 1830 3351 1905 ängstlich zu hüten haben, in
309 1851 1523 1930 schied" und „Die Todten schweigen“ in der Sammlung „Die
1536 1880 2751 1924 thal. Rascher als er ist wohl noch Niemand zu seinem
2757 1881 3347 1938 zu forschen — es wäre ja me
309 1917 1521 1972 Frau des Weisen"**), die alle drei höher stehen, als
1543 1919 2758 1971 Rufe gekommen, und ganz sicher nicht leichter. Er besaß ihn
2756 1914 3340 1991 Uebrigens muß der Gerechtigkei
310 1955 740 2021 seine Bühnenstücke.
780 1954 1521 2022 Auch seine Einakter=Sammlung
1549 1966 2757 2021 schon, ehe er ein Buch veröffentlicht hatte, er war — in
2765 1972 3353 2030 ben, daß doch nicht alle D
1052 1991 1097 2051 1
1084 2005 1530 2070 seiner novellistischen
306 1996 1029 2071 „Anatol“ muß man eigentlich
1546 2013 2082 2075 einer Hyperbel gesprochen
2090 2021 2157 2056 —
2146 2016 2756 2073 berühmt, bevor er etwas ge¬
2757 2017 3351 2081 klassische Höhe des Unsinns er
308 2051 1523 2101 Thätigkeit rechnen. Denn es sind keine Bühnenstücke, wenn
1545 2052 2749 2116 schrieben hatte. Auch heute, wo sein Lob doch schon in allen,
2844 2055 3354 2121 Hätte Max Nordau, als
316 2093 1524 2154 sich auch einige aufführen lassen, sondern im Grunde nichts
1531 2099 2755 2156 meist den höchsten Tonarten posaunt und getrommelt wird,
2766 2086 3351 2159 Hofmannsthal schon gekannt,
311 2135 1526 2187 Anderes als Novelletten in dramatischem Gewande. Gerade
1532 2132 1824 2205 besteht sein
1818 2142 2752 2203 ganzes literarisches Gepäck aus einigen
2765 2142 3347 2200 exemplar für seine Theorie au
306 2185 1523 2240 diese künstlerische Ausdrucksform scheint ihm die liebste zu sein,
1540 2182 2759 2253 dramatischen Szenen, die allenfalls als Einakter gelten
2769 2194 3344 2249 sich Mystizismus und „Echola
311 2222 1530 2289 sie ist es vielleicht, weil er weiß oder unbewußt fühlt, daß sie
1865 2225 2633 2297 einer unbekannten Anzahl von
1538 2227 1861 2298 können, und
2761 2237 3352 2304 mit Verachtung geht er jedem
314 2268 1010 2332 die seiner Eigenart angenehmste ist.
1545 2262 2748 2323 dichten, die noch nicht in Buchform erschienen sind.
2756 2276 3340 2340 und ängstlich flieht er das
395 2291 1537 2375 Er hat sie auch in seinem jüngsten Buche wieder an¬
1550 2306 2749 2367 Man sollte meinen, das wäre denn doch nicht genug, um ge¬
2747 2318 3337 2386 nur im verschwommenen
302 2356 1531 2419 gewendet, und zwar mit der denkbar besten Wirkung, denn er
1539 2364 3346 2411 feiert zu werden, zumal in unserer Zeit; es müßten diese Traumwelt, wo nichts mehr
315 2406 1525 2461 hat bisher nichts geschrieben, was so durchaus eigenartig und
1541 2407 3344 2460 spärlichen Proben denn ein Genie verrathen. Hofmannsthal unbestimmte, absonderliche Fo
318 2446 1534 2504 fesselnd wirkt wie dieses Buch. Es ist daher sehr zu bedauern,
1536 2457 3288 2521 ist nun freilich eines; so behaupten wenigstens seine Verehrer, esich heimisch und wohl.
311 2494 1532 2551 daß das Publikum sich vorläufig davon nicht selber überzeugen
1606 2503 2754 2550 glauben braucht man's aber darum nicht. Man hat ihn
2762 2483 3341 2560 mystischen Atmosphäre empfind
305 2535 1522 2582 kann, denn es ist mit Ausschluß der Oeffentlichkeit erschienen. In
1549 2541 2747 2612 sogar mit Goethe in Zusammenhang gebracht und behauptet,
2767 2542 3355 2624 mit der Sorgfalt einer sich sch
305 2573 1533 2639 Anbetracht des stark erotischen Themas einerseits und der zur
2752 2593 3131 2649 berechnete Worte.
1535 2571 2754 2645 er stehe unter dessen Einfluß. Das mag richtig sein; aber
309 2623 1530 2678 Zeit herrschenden Stimmung hat der Autor es nämlich für
1538 2618 2751 2676 wenn es wahr ist, dann ist es nicht so sehr der Goethe, der
2850 2608 3337 2692 Diese Worte aber haben
313 2668 1520 2725 rathsam gehalten, sein Werk nicht der Oeffentlichkeit zu über¬
1547 2671 2754 2719 den ersten Theil des „Faust“ geschrieben, als vielmehr der,
2756 2652 3338 2741 imponiren ihnen: „Gewöhnli
311 2710 1523 2770 geben und damit die Beschlagnahme des Buches und gehässige
1544 2719 2747 2785 welcher „der Tragödie dritten Theil“ geschrieben hat: „Deuto¬
2757 2719 3309 2781 nur Worte hört, es müsse
316 2759 1533 2825 Anfeindungen heraufzubeschwören; er hat es vielmehr vor¬
1546 2764 2587 2828 bald“, „Symbolizetti“, „Allegorowitsch Mystificinski“
2761 2762 3353 2826 lassen.“ Mit den Versen Hofn
315 2804 1527 2860 gezogen, das Werk als unverkäufliches Manuskript in der be¬
2765 2808 3354 2864 liche Bewandtniß wie mit#
1628 2811 2751 2871 Von welchem geistigen Kaliber dieses „Genie“ ist, das
325 2850 1521 2909 schränkten Anzahl von 200 Exemplaren drucken zu lassen und
2769 2846 3352 2918 gleichnamigen satirischen Mär
1537 2858 2747 2934 wird einleuchtender als jede Erörterung folgendes Gedicht
320 2887 1523 2941 in seinem Bekanntenkreise zu vertheilen. Dank der so sehr im
2765 2892 3333 2954 losen Feigheit und Meinuna
1532 2895 1740 2973 beweisen:
315 2931 1532 2978 Schwange stehenden (Un¬) Sitte des Bücherverleihens ist es
2772 2941 3342 3012 Hofmannsthal seinen — alle
1760 2917 2424 3008 1. Den Erben laß verschwenden
308 2970 1534 3039 natürlich von Hand zu Hand zu Hand gegangen, so daß sein
2766 2986 3245 3051 beschränkten — Erfolg.
1822 2986 2417 3051 An Adler, Lamm und Pfau
317 3014 1532 3078 Dasein längst kein Geheimniß mehr ist und man nicht mehr
1822 3028 2449 3105 Das Salböl aus den Händen
2839 3024 3352 3106 Wer sich durch das ver
318 3065 1539 3127 Gefahr läuft, indiskret zu erscheinen, wenn man darüber schreibt.
1819 3078 2328 3140 Der todten alten Frau:
2759 3086 3336 3145 vermögen nicht beirren und
392 3106 1538 3170 Das aber kann man, wofern man kein Mucker ist, mur
1832 3103 2464 3186 Die Todten, die entgleiten,
2740 3128 3322 3192 ger Furcht, für rückständt
980 3159 1045 3195 usche
316 3129 988 3220 im günstigsten Sinne thun.
1034 3148 1542 3218 Es ist ja gewiß kein
1828 3163 2398 3217 Die Wipfel in dem Weiten,
2762 3171 3354 3235 jede literarische Mode mitmac
319 3183 1542 3269 Buch für junge Mädchen (d. h. keines, das man
1825 3185 2473 3279 Ihm sind sie wie das Schreiten
2771 3207 3332 3273 hellen Kopf, ein scharses Aus
312 3226 1539 3301 solchen in die Hand giebt — gefallen würde s ihnen
1822 3250 2343 3312 Der Tänzerinnen werth.
2767 3254 3349 3321 der wird über diesen gepri
326 3278 1538 3347 jedoch ganz außerordentlich), und keines für alte Jungfern,
1767 3285 1837 3362 2.
1833 3285 2456 3362 Er geht, wie den kein Walten
2771 3297 3348 3357 müssen, das wesentlich ande
326 3328 1540 3389 denn das Thema ist, wie schon erwähnt, nicht eben
1823 3339 2368 3399 Vom Rücken her bedroht.
2768 3340 3352 3396 Freunden. Wer in das i
312 3371 1538 3421 von vestalischer Keuschheit. Es sind zehn Dialoge, die, an sich
1824 3379 2424 3458 Er lächelt, wenn die Falten
2765 3382 3354 3453 thalschen Dichtungen keck hine
320 3415 1540 3469 ganz selbstständig, doch zusammen ein Ganzes bilden, das den
1826 3424 2410 3493 Des Lebens flüstern: Tod!
2771 3438 3332 3487 nur darum so geheimnißvoll
316 3443 1543 3520 kennzeichnenden Titel „Reigen“ führt. Es kommen darin
1821 3474 2300 3532 Ihm bietet jede Stelle
2767 3475 3353 3532 sie im Dunkeln leben. Im
317 3501 1541 3566 zehn Personen vor, mit denen der Autor durch sorgfältig ge¬
1823 3499 2423 3585 Geheimnißvoll die Schwelle,
2773 3518 3330 3583 hat wohl schon Jeder an i
325 3551 1539 3603 wählte Permutationen zehn zärtliche Téte-à-téte's herstellt, von
1824 3561 2360 3625 Es giebt sich jeder Welle
2774 3557 3346 3626 die körperlichen und die ge
323 3590 1538 3638 denen jedes in einer Schäferstunde gipfelt. Er thut dies
1821 3602 2282 3667 Der Heimathlose hin!
2774 3598 3354 3669 tastische Gestalt an, die uns
313 3636 1535 3684 folgendermaßen: I. Dirne und Soldat. II. Soldat und
2763 3649 3340 3717 dem ersten Tagesschimmer der
1774 3627 2520 3703 3. Der Schwarm von wilden Bienen
313 3681 1539 3744 Stubenmädchen. III. Stubenmädchen und junger Herr.
1831 3690 2337 3741 Nimmt seine Seele mit,
2769 3695 3339 3753 Alles wieder sehen, wie es
315 3718 1536 3780 IV. Junger Herr und junge Frau (eines Andern). V. Junge
1831 3716 2506 3798 Das Singen von Delphinen (!!!)
2777 3735 3353 3798 Hofmannsthal: seine Wirkung
319 3756 811 3822 Frau und ihr Gatte.
922 3764 1530 3837 Gatte urd Süßes Mädel.
1820 3776 2347 3850 Beflügelt seinen Schritt:
2772 3767 3328 3846 er bestehen; darum liebt
318 3816 1544 3884 VII. Sühes Mädel und Dichter. VIII. Dichter und Schau¬
1821 3820 2315 3883 Ihn tragen alle Erden
2770 3815 3339 3883 dunkeln Empfindungen und
1826 3863 2350 3932 Mit mächtigen Gebärden,
2771 3861 3345 3933 vielgerühmte Schönheit seiner
444 3877 915 3959 Vergl. Beilage Nr. 17a.
1830 3914 2361 3974 Der Flüsse Dunkelwerden
2765 3906 3346 3970 Kritik nicht Stand zu halten:
398 3917 1000 3990 **) Sterben. Novelle. 1895.
1004 3918 1546 4003 Die Frau des Weisen.
2766 3958 3340 4021 heit der Sprache doch nur d
1818 3946 2362 4022 Begrenzt den Hirtentag!
319 3960 1161 4036 Novellen. 1898. Beide Berlin. S. Fischer.
1554 3998 1705 4092 1
912 4021 968 4100 1
1546 4071 2738 4133 Jadwiga in ihrer ganzen Größe zu kennen, doch dieser To¬
2780 4074 3341 4131 lassen und lag nun so still da
