<?xml version="1.0" encoding="UTF-8" standalone="yes"?>
<PcGts xmlns="http://schema.primaresearch.org/PAGE/gts/pagecontent/2013-07-15" xmlns:xsi="http://www.w3.org/2001/XMLSchema-instance" xsi:schemaLocation="http://schema.primaresearch.org/PAGE/gts/pagecontent/2013-07-15 http://schema.primaresearch.org/PAGE/gts/pagecontent/2013-07-15/pagecontent.xsd">
    <Metadata>
        <Creator>prov=University of Rostock/Institute of Mathematics/CITlab/Gundram Leifert/gundram.leifert@uni-rostock.de:name=ONB_Newseye_GT_M1+(htr_id=10810)::::v=2.4.2
prov=University of Rostock/Institute of Mathematics/CITlab/Tobias Gruening/tobias.gruening@uni-rostock.de:name=de.uros.citlab.module.baseline2polygon.B2PSeamMultiOriented:v=2.4.2
prov=University of Rostock/Institute of Mathematics/CITlab/Tobias Gruening/tobias.gruening@uni-rostock.de:name=/mnt/transkribus/LA/DEA/URO/LA_news_onb_att.pb:de.uros.citlab.segmentation.CITlab_LA_ML:v=2.4.2
prov=University of Rostock/Institute of Mathematics/CITlab/Tobias Gruening/tobias.gruening@uni-rostock.de:name=/mnt/transkribus/LA/DEA/URO/LA_news_onb_att.pb:de.uros.citlab.segmentation.CITlab_LA_ML:v=2.4.2
Transkribus</Creator>
        <Created>2019-10-07T15:13:54.166+02:00</Created>
        <LastChange>2019-10-09T00:35:50.340+02:00</LastChange>
        <TranskribusMetadata docId="224251" pageId="9514595" pageNr="14" tsid="16617776" status="IN_PROGRESS" userId="40391" imgUrl="https://files.transkribus.eu/Get?id=FBVSXCYXARSTMMUUPZKIRMUO&amp;fileType=view" xmlUrl="https://files.transkribus.eu/Get?id=VUSIXDDDVQIUIUCRKNIZDDRV" imageId="6202829"/>
    </Metadata>
    <Page imageFilename="224251_0014.jpeg" imageWidth="3392" imageHeight="4352">
        <ReadingOrder>
            <OrderedGroup id="ro_1711443447553" caption="Regions reading order">
                <RegionRefIndexed index="0" regionRef="r1"/>
                <RegionRefIndexed index="1" regionRef="r2"/>
                <RegionRefIndexed index="2" regionRef="r3"/>
            </OrderedGroup>
        </ReadingOrder>
        <TextRegion orientation="0.0" id="r1" custom="readingOrder {index:0;}">
            <Coords points="136,355 136,4274 1684,4274 1684,355"/>
            <TextLine id="r1l1" custom="readingOrder {index:0;}">
                <Coords points="815,403 1041,390 1059,402 1104,380 1167,404 1199,383 1289,394 1289,324 1265,317 1111,318 1019,354 958,319 815,315"/>
                <Baseline points="823,380 848,378 873,377 899,376 924,376 950,375 975,375 1001,375 1026,375 1052,376 1077,376 1102,377 1128,377 1153,378 1179,378 1204,378 1230,378 1255,378 1281,377"/>
                <TextEquiv>
                    <Unicode>box 37/2</Unicode>
                </TextEquiv>
            </TextLine>
            <TextLine id="r1l2" custom="readingOrder {index:1;}">
                <Coords points="128,388 757,409 758,360 723,369 677,339 555,325 499,348 343,328 237,372 206,339 129,320"/>
                <Baseline points="136,377 166,379 197,383 228,385 258,387 289,388 320,390 350,391 381,392 412,392 443,393 473,393 504,393 535,393 565,393 596,393 627,393 657,392 688,392 719,392 750,391"/>
                <TextEquiv>
                    <Unicode>2. Cuttings</Unicode>
                </TextEquiv>
            </TextLine>
            <TextLine id="r1l3" custom="readingOrder {index:2;}">
                <Coords points="490,927 1686,939 1686,897 1602,880 1378,915 1265,870 621,894 491,859"/>
                <Baseline points="498,914 557,913 616,913 675,913 734,913 793,913 852,914 911,915 970,916 1029,917 1088,918 1147,919 1206,921 1265,922 1324,923 1383,924 1442,925 1501,926 1560,927 1619,927 1678,928"/>
                <TextEquiv>
                    <Unicode>„Jung =Wien“ ist Kaffeehaus=Literatur.:... Es wäre</Unicode>
                </TextEquiv>
            </TextLine>
            <TextLine id="r1l4" custom="readingOrder {index:3;}">
                <Coords points="481,976 1636,985 1693,940 482,929"/>
                <Baseline points="488,958 547,959 607,959 667,960 727,961 787,962 846,963 906,964 966,966 1026,967 1086,968 1145,969 1205,970 1265,971 1325,972 1385,973 1444,974 1504,974 1564,974 1624,974 1684,974"/>
                <TextEquiv>
                    <Unicode>übrigens ganz unrichtig, wollte man im sogenannten</Unicode>
                </TextEquiv>
            </TextLine>
            <TextLine id="r1l5" custom="readingOrder {index:4;}">
                <Coords points="485,1014 1639,1033 1680,981 485,976"/>
                <Baseline points="492,1006 551,1005 610,1004 669,1003 728,1003 787,1003 846,1003 905,1004 964,1005 1023,1006 1082,1007 1141,1008 1200,1009 1259,1011 1318,1012 1377,1013 1436,1014 1495,1015 1554,1015 1613,1016 1672,1016"/>
                <TextEquiv>
                    <Unicode>„Jung=Wien“ den charakteristischen, typischen Ausdruck wie eri¬</Unicode>
                </TextEquiv>
            </TextLine>
            <TextLine id="r1l6" custom="readingOrder {index:5;}">
                <Coords points="486,1053 1677,1071 1677,1027 1605,1020 486,1014"/>
                <Baseline points="494,1046 552,1046 611,1046 670,1047 729,1047 787,1048 846,1049 905,1050 964,1051 1022,1052 1081,1053 1140,1054 1199,1056 1257,1057 1316,1058 1375,1059 1434,1060 1492,1060 1551,1061 1610,1061 1669,1061"/>
                <TextEquiv>
                    <Unicode>schen Geistes und Gemüthes sehen. Im Gegentheil, die ganze</Unicode>
                </TextEquiv>
            </TextLine>
            <TextLine id="r1l7" custom="readingOrder {index:6;}">
                <Coords points="480,1095 1617,1124 1686,1081 481,1054"/>
                <Baseline points="488,1089 547,1090 607,1091 666,1092 726,1093 785,1094 845,1095 904,1096 964,1097 1023,1098 1083,1098 1142,1099 1202,1100 1261,1101 1321,1101 1380,1102 1440,1103 1499,1104 1559,1105 1618,1106 1678,1107"/>
                <TextEquiv>
                    <Unicode>Art und Weise dieser literarischen Gruppe ist nichts weniger</Unicode>
                </TextEquiv>
            </TextLine>
            <TextLine id="r1l8" custom="readingOrder {index:7;}">
                <Coords points="469,1133 1683,1155 1649,1111 470,1101"/>
                <Baseline points="477,1136 540,1136 603,1137 666,1137 729,1138 792,1138 855,1139 918,1141 981,1142 1044,1143 1108,1144 1171,1145 1234,1147 1297,1148 1360,1148 1423,1149 1486,1150 1549,1150 1612,1150 1676,1150"/>
                <TextEquiv>
                    <Unicode>als wienerisch. Wienerische Poesie stellt man sich denn doch</Unicode>
                </TextEquiv>
            </TextLine>
            <TextLine id="r1l9" custom="readingOrder {index:8;}">
                <Coords points="470,1176 1615,1211 1679,1200 1680,1162 470,1155"/>
                <Baseline points="478,1177 537,1179 597,1180 657,1182 716,1183 776,1184 836,1185 895,1186 955,1187 1015,1188 1075,1189 1134,1189 1194,1190 1254,1191 1313,1191 1373,1192 1433,1192 1492,1193 1552,1193 1612,1193 1672,1193"/>
                <TextEquiv>
                    <Unicode>etwas andeis vor: man denkt dabei unwillkürlich an frohen</Unicode>
                </TextEquiv>
            </TextLine>
            <TextLine id="r1l10" custom="readingOrder {index:9;}">
                <Coords points="472,1221 1632,1254 1677,1217 472,1180"/>
                <Baseline points="479,1220 538,1222 598,1224 657,1225 717,1227 776,1228 836,1228 895,1229 955,1230 1014,1230 1074,1230 1133,1231 1193,1231 1252,1232 1312,1232 1371,1233 1431,1233 1490,1234 1550,1235 1609,1236 1669,1238"/>
                <TextEquiv>
                    <Unicode>Gesang und Tarz, an schöne, heitere Mädchen und lustigen</Unicode>
                </TextEquiv>
            </TextLine>
            <TextLine id="r1l11" custom="readingOrder {index:10;}">
                <Coords points="481,1258 1332,1303 1646,1298 1685,1246 481,1227"/>
                <Baseline points="489,1267 548,1268 607,1269 667,1269 726,1270 786,1271 845,1272 904,1273 964,1275 1023,1276 1083,1276 1142,1278 1201,1278 1261,1279 1320,1280 1380,1280 1439,1281 1498,1281 1558,1281 1617,1281 1677,1280"/>
                <TextEquiv>
                    <Unicode>Gläsertlang; Wien gilt ja noch immer für die Stadt des</Unicode>
                </TextEquiv>
            </TextLine>
            <TextLine id="r1l12" custom="readingOrder {index:11;}">
                <Coords points="482,1331 1678,1327 1668,1291 1469,1274 482,1281"/>
                <Baseline points="489,1312 548,1313 607,1313 666,1314 725,1314 784,1315 843,1316 902,1317 961,1318 1020,1319 1079,1320 1138,1321 1197,1322 1256,1323 1315,1324 1374,1325 1433,1325 1492,1325 1551,1325 1610,1325 1670,1325"/>
                <TextEquiv>
                    <Unicode>Froysinns und der Lebenslust, und wenn sie's auch leider</Unicode>
                </TextEquiv>
            </TextLine>
            <TextLine id="r1l13" custom="readingOrder {index:12;}">
                <Coords points="479,1359 1687,1376 1687,1337 1443,1319 479,1324"/>
                <Baseline points="487,1356 546,1357 606,1358 665,1359 725,1360 785,1361 844,1362 904,1362 964,1363 1023,1364 1083,1365 1143,1365 1202,1366 1262,1366 1322,1367 1381,1367 1441,1368 1501,1369 1560,1369 1620,1370 1680,1370"/>
                <TextEquiv>
                    <Unicode>nicht mehr so wie einst ist, wenn es in Wien auch bei Weitem</Unicode>
                </TextEquiv>
            </TextLine>
            <TextLine id="r1l14" custom="readingOrder {index:13;}">
                <Coords points="473,1401 1676,1414 1664,1382 1461,1369 473,1372"/>
                <Baseline points="481,1400 540,1400 599,1401 659,1402 718,1403 777,1404 837,1405 896,1406 955,1406 1015,1407 1074,1408 1133,1409 1193,1410 1252,1410 1311,1411 1371,1412 1430,1412 1489,1413 1549,1413 1608,1413 1668,1413"/>
                <TextEquiv>
                    <Unicode>nicht immer Sonntag ist und sich durchaus nicht mehr an</Unicode>
                </TextEquiv>
            </TextLine>
            <TextLine id="r1l15" custom="readingOrder {index:14;}">
                <Coords points="465,1450 1673,1461 1616,1418 466,1397"/>
                <Baseline points="473,1444 532,1444 592,1444 651,1445 711,1445 771,1446 830,1447 890,1447 949,1448 1009,1450 1069,1451 1128,1452 1188,1453 1247,1454 1307,1455 1367,1456 1426,1456 1486,1457 1545,1457 1605,1458 1665,1458"/>
                <TextEquiv>
                    <Unicode>jedm Herde der Spieß dreht: ganz unwahr ist der traditio¬</Unicode>
                </TextEquiv>
            </TextLine>
            <TextLine id="r1l16" custom="readingOrder {index:15;}">
                <Coords points="479,1486 1670,1515 1671,1474 1592,1462 480,1460"/>
                <Baseline points="487,1490 545,1489 604,1489 663,1489 722,1490 781,1490 839,1491 898,1492 957,1494 1016,1495 1075,1497 1133,1498 1192,1499 1251,1500 1310,1502 1369,1502 1427,1503 1486,1503 1545,1503 1604,1503 1663,1502"/>
                <TextEquiv>
                    <Unicode>nelle Ruf doch noch nicht geworden; trotz Allem und Allem</Unicode>
                </TextEquiv>
            </TextLine>
            <TextLine id="r1l17" custom="readingOrder {index:16;}">
                <Coords points="479,1534 1675,1568 1676,1512 480,1486"/>
                <Baseline points="487,1534 546,1533 605,1533 664,1533 723,1533 782,1534 841,1535 900,1536 959,1537 1018,1538 1077,1539 1136,1540 1195,1541 1254,1542 1313,1543 1372,1544 1431,1544 1490,1545 1549,1545 1608,1545 1668,1544"/>
                <TextEquiv>
                    <Unicode>haben sich die Wier er ihr Phaakenthum bewahrt, und noch immer</Unicode>
                </TextEquiv>
            </TextLine>
            <TextLine id="r1l18" custom="readingOrder {index:17;}">
                <Coords points="468,1583 1679,1589 1635,1552 468,1551"/>
                <Baseline points="475,1580 534,1580 594,1580 654,1580 714,1581 774,1581 833,1582 893,1582 953,1583 1013,1584 1073,1584 1132,1585 1192,1586 1252,1587 1312,1587 1372,1588 1431,1589 1491,1589 1551,1590 1611,1590 1671,1590"/>
                <TextEquiv>
                    <Unicode>glänzt der alte Frohsinn in ihren Augen, wenn es eine Lust¬</Unicode>
                </TextEquiv>
            </TextLine>
            <TextLine id="r1l19" custom="readingOrder {index:18;}">
                <Coords points="468,1615 1676,1651 1649,1596 469,1586"/>
                <Baseline points="476,1618 535,1621 595,1623 654,1624 714,1626 774,1627 833,1628 893,1628 953,1629 1012,1629 1072,1630 1132,1630 1191,1631 1251,1631 1311,1631 1370,1632 1430,1633 1490,1634 1549,1635 1609,1637 1669,1639"/>
                <TextEquiv>
                    <Unicode>barkeit, eine „Hetz'“ gilt, und darum muß es befremden daß</Unicode>
                </TextEquiv>
            </TextLine>
            <TextLine id="r1l20" custom="readingOrder {index:19;}">
                <Coords points="461,1667 1674,1688 1674,1653 1559,1622 1421,1651 462,1620"/>
                <Baseline points="469,1663 528,1665 588,1666 648,1666 708,1668 768,1669 828,1670 887,1671 947,1671 1007,1672 1067,1674 1127,1674 1187,1675 1247,1676 1306,1677 1366,1678 1426,1678 1486,1679 1546,1680 1606,1680 1666,1681"/>
                <TextEquiv>
                    <Unicode>man in „Jung=Wien“ kaum eine Spur dieser dionysischen</Unicode>
                </TextEquiv>
            </TextLine>
            <TextLine id="r1l21" custom="readingOrder {index:20;}">
                <Coords points="465,1717 1665,1740 1681,1690 465,1667"/>
                <Baseline points="473,1708 533,1709 593,1709 653,1711 713,1711 773,1712 833,1713 893,1714 953,1716 1013,1716 1073,1717 1133,1719 1193,1719 1253,1720 1313,1721 1373,1722 1433,1723 1493,1723 1553,1724 1613,1724 1673,1724"/>
                <TextEquiv>
                    <Unicode>Fröhlichkeit gewahri, daß man vergebens auf einen echten</Unicode>
                </TextEquiv>
            </TextLine>
            <TextLine id="r1l22" custom="readingOrder {index:21;}">
                <Coords points="469,1752 1683,1787 1648,1730 469,1715"/>
                <Baseline points="477,1756 536,1755 596,1755 656,1755 716,1755 776,1756 836,1757 896,1758 956,1759 1016,1760 1076,1761 1135,1762 1195,1763 1255,1764 1315,1765 1375,1766 1435,1766 1495,1766 1555,1766 1615,1766 1675,1765"/>
                <TextEquiv>
                    <Unicode>Klang jener wienerischen Poesie horcht, die sich bald himmel¬</Unicode>
                </TextEquiv>
            </TextLine>
            <TextLine id="r1l23" custom="readingOrder {index:22;}">
                <Coords points="464,1796 1681,1819 1631,1771 464,1766"/>
                <Baseline points="472,1797 532,1798 592,1798 652,1799 712,1800 772,1801 832,1802 892,1803 952,1803 1012,1804 1072,1805 1132,1806 1192,1807 1252,1807 1312,1808 1372,1809 1432,1809 1492,1810 1552,1810 1612,1810 1673,1811"/>
                <TextEquiv>
                    <Unicode>hoch jauch end, bald zu Tode betrubt auf den Fluihen Strauß¬</Unicode>
                </TextEquiv>
            </TextLine>
            <TextLine id="r1l24" custom="readingOrder {index:23;}">
                <Coords points="463,1840 1671,1858 1514,1813 464,1799"/>
                <Baseline points="471,1843 530,1842 590,1842 649,1842 709,1842 769,1843 828,1844 888,1845 947,1846 1007,1848 1067,1849 1126,1850 1186,1852 1245,1853 1305,1854 1365,1855 1424,1855 1484,1856 1543,1855 1603,1855 1663,1854"/>
                <TextEquiv>
                    <Unicode>scher Melodieen wiegt und mit ihrem Zauber alle Herzen be¬</Unicode>
                </TextEquiv>
            </TextLine>
            <TextLine id="r1l25" custom="readingOrder {index:24;}">
                <Coords points="460,1900 1675,1916 1676,1877 460,1856"/>
                <Baseline points="467,1886 527,1886 587,1886 647,1886 707,1887 767,1888 827,1889 887,1890 947,1892 1007,1893 1067,1895 1127,1896 1187,1897 1247,1899 1307,1900 1367,1900 1427,1901 1487,1902 1547,1902 1607,1901 1667,1901"/>
                <TextEquiv>
                    <Unicode>thört. Bei Schnitzler glaubt man sie wohl zu hören, aber</Unicode>
                </TextEquiv>
            </TextLine>
            <TextLine id="r1l26" custom="readingOrder {index:25;}">
                <Coords points="460,1935 1680,1951 1632,1907 460,1903"/>
                <Baseline points="468,1931 528,1930 588,1930 648,1930 708,1931 769,1931 829,1932 889,1934 949,1935 1009,1936 1070,1938 1130,1939 1190,1941 1250,1942 1310,1943 1371,1944 1431,1945 1491,1945 1551,1945 1611,1945 1672,1945"/>
                <TextEquiv>
                    <Unicode>es ist doch nur eine, allerdings recht glückliche Imitation, so</Unicode>
                </TextEquiv>
            </TextLine>
            <TextLine id="r1l27" custom="readingOrder {index:26;}">
                <Coords points="469,1975 1680,2002 1597,1948 470,1933"/>
                <Baseline points="477,1974 536,1975 596,1975 656,1976 716,1978 775,1979 835,1980 895,1981 955,1982 1014,1984 1074,1985 1134,1986 1194,1987 1253,1987 1313,1988 1373,1989 1433,1989 1492,1989 1552,1989 1612,1989 1672,1989"/>
                <TextEquiv>
                    <Unicode>etwa, als ob eine gute Zigeunerkapelle einen Wiener Walzer</Unicode>
                </TextEquiv>
            </TextLine>
            <TextLine id="r1l28" custom="readingOrder {index:27;}">
                <Coords points="465,2016 1484,2062 1678,2050 1679,2001 465,1975"/>
                <Baseline points="473,2020 532,2020 592,2021 652,2021 712,2022 772,2023 832,2024 892,2025 952,2026 1012,2027 1072,2028 1131,2029 1191,2030 1251,2031 1311,2032 1371,2033 1431,2033 1491,2034 1551,2034 1611,2034 1671,2034"/>
                <TextEquiv>
                    <Unicode>spielte; ein feineres Oyr muß den fremden Grundklang heraus¬</Unicode>
                </TextEquiv>
            </TextLine>
            <TextLine id="r1l29" custom="readingOrder {index:28;}">
                <Coords points="466,2074 511,2082 527,2069 571,2071 580,2064 612,2063 611,2037 588,2040 576,2028 548,2029 524,2018 507,2029 487,2024 479,2032 465,2035"/>
                <Baseline points="474,2068 500,2063 526,2061 552,2061 578,2061 604,2062"/>
                <TextEquiv>
                    <Unicode>hören.</Unicode>
                </TextEquiv>
            </TextLine>
            <TextLine id="r1l30" custom="readingOrder {index:29;}">
                <Coords points="542,2114 1670,2130 1671,2068 543,2073"/>
                <Baseline points="550,2103 605,2105 661,2107 716,2108 772,2109 828,2110 883,2111 939,2112 994,2113 1050,2114 1106,2115 1161,2116 1217,2116 1272,2117 1328,2118 1384,2119 1439,2120 1495,2121 1550,2121 1606,2123 1662,2124"/>
                <TextEquiv>
                    <Unicode>Man mag über die Wiener sagen, was man will</Unicode>
                </TextEquiv>
            </TextLine>
            <TextLine id="r1l31" custom="readingOrder {index:30;}">
                <Coords points="536,2145 1630,2178 1681,2134 537,2116"/>
                <Baseline points="543,2147 599,2147 655,2149 712,2150 768,2151 825,2153 881,2154 938,2156 994,2158 1051,2160 1107,2161 1163,2163 1220,2165 1276,2166 1333,2167 1389,2168 1446,2169 1502,2169 1559,2169 1615,2169 1672,2168"/>
                <TextEquiv>
                    <Unicode>nirgends wrd über sie mehr geschimpft, als in den Ge¬</Unicode>
                </TextEquiv>
            </TextLine>
            <TextLine id="r1l32" custom="readingOrder {index:31;}">
                <Coords points="466,2192 1668,2219 1433,2165 467,2145"/>
                <Baseline points="474,2193 533,2194 592,2194 651,2195 711,2196 770,2197 829,2199 889,2200 948,2201 1007,2203 1067,2204 1126,2205 1185,2207 1244,2208 1304,2209 1363,2210 1422,2210 1482,2210 1541,2210 1600,2210 1660,2209"/>
                <TextEquiv>
                    <Unicode>sellschaftskre sen, den die Herren „Jung=Wiens“ entstammen —,</Unicode>
                </TextEquiv>
            </TextLine>
            <TextLine id="r1l33" custom="readingOrder {index:32;}">
                <Coords points="471,2253 1583,2273 1665,2266 1666,2222 472,2196"/>
                <Baseline points="478,2241 540,2241 602,2241 664,2241 726,2242 788,2243 850,2244 912,2245 974,2247 1036,2248 1098,2249 1160,2251 1222,2252 1284,2254 1346,2255 1408,2255 1470,2256 1532,2256 1594,2256 1657,2256"/>
                <TextEquiv>
                    <Unicode>so viel steht jedenf lls fest: Natürlichkeit, Naivetät, Frohsinn</Unicode>
                </TextEquiv>
            </TextLine>
            <TextLine id="r1l34" custom="readingOrder {index:33;}">
                <Coords points="457,2290 1668,2309 1618,2261 458,2252"/>
                <Baseline points="465,2286 524,2286 584,2286 644,2286 704,2286 764,2287 823,2288 883,2288 943,2289 1003,2290 1063,2290 1122,2292 1182,2292 1242,2293 1302,2294 1362,2296 1421,2297 1481,2298 1541,2299 1601,2300 1661,2302"/>
                <TextEquiv>
                    <Unicode>und Humor sind bei ihnen unausrottbar zu Hause, sind für</Unicode>
                </TextEquiv>
            </TextLine>
            <TextLine id="r1l35" custom="readingOrder {index:34;}">
                <Coords points="454,2322 1678,2357 1650,2305 455,2293"/>
                <Baseline points="461,2328 521,2328 582,2329 642,2329 703,2330 763,2331 824,2332 884,2333 945,2334 1005,2335 1066,2336 1126,2337 1187,2338 1247,2339 1308,2340 1368,2341 1429,2342 1489,2343 1550,2344 1610,2344 1671,2345"/>
                <TextEquiv>
                    <Unicode>sie typ sch. „Jung=Wien“ aber hat nicht eine einzige von</Unicode>
                </TextEquiv>
            </TextLine>
            <TextLine id="r1l36" custom="readingOrder {index:35;}">
                <Coords points="453,2375 1671,2401 1634,2351 454,2335"/>
                <Baseline points="461,2369 521,2369 581,2370 641,2370 701,2371 761,2372 821,2373 882,2375 942,2376 1002,2377 1062,2379 1122,2380 1182,2382 1242,2383 1303,2384 1363,2385 1423,2386 1483,2387 1543,2387 1603,2388 1664,2388"/>
                <TextEquiv>
                    <Unicode>diesen Eigenschaften, wohl aber die entgegengesetzten: Unnatur,</Unicode>
                </TextEquiv>
            </TextLine>
            <TextLine id="r1l37" custom="readingOrder {index:36;}">
                <Coords points="452,2425 1649,2445 1671,2401 453,2375"/>
                <Baseline points="459,2412 519,2414 579,2414 639,2416 699,2417 760,2418 820,2419 880,2420 940,2421 1000,2422 1061,2423 1121,2424 1181,2425 1241,2426 1301,2428 1362,2429 1422,2430 1482,2431 1542,2432 1602,2434 1663,2435"/>
                <TextEquiv>
                    <Unicode>Skepsis, Blasiriheit und Trübsinn; es stellt wohl das</Unicode>
                </TextEquiv>
            </TextLine>
            <TextLine id="r1l38" custom="readingOrder {index:37;}">
                <Coords points="457,2458 1511,2493 1660,2489 1661,2442 457,2426"/>
                <Baseline points="465,2453 524,2455 583,2456 643,2457 702,2458 762,2460 821,2461 880,2463 940,2464 999,2466 1059,2467 1118,2469 1177,2471 1237,2472 1296,2473 1356,2475 1415,2476 1474,2477 1534,2478 1593,2479 1653,2479"/>
                <TextEquiv>
                    <Unicode>literarische Wien dar — doch auch nur einen Theil und</Unicode>
                </TextEquiv>
            </TextLine>
            <TextLine id="r1l39" custom="readingOrder {index:38;}">
                <Coords points="458,2505 1676,2544 1677,2489 1630,2481 459,2459"/>
                <Baseline points="466,2501 526,2502 586,2503 646,2503 706,2504 766,2505 826,2506 886,2508 946,2509 1006,2510 1067,2511 1127,2513 1187,2514 1247,2516 1307,2517 1367,2518 1427,2520 1487,2521 1547,2522 1607,2524 1668,2525"/>
                <TextEquiv>
                    <Unicode>nicht einmal den besseren —: wienerische Lteratur aber ist</Unicode>
                </TextEquiv>
            </TextLine>
            <TextLine id="r1l40" custom="readingOrder {index:39;}">
                <Coords points="449,2552 589,2568 603,2556 658,2554 659,2510 564,2505 547,2518 530,2519 492,2507 450,2508"/>
                <Baseline points="457,2542 484,2544 512,2546 539,2547 567,2548 594,2548 622,2548 650,2547"/>
                <TextEquiv>
                    <Unicode>es nicht!</Unicode>
                </TextEquiv>
            </TextLine>
            <TextLine id="r1l41" custom="readingOrder {index:40;}">
                <Coords points="533,2683 1594,2711 1595,2641 1503,2621 535,2605"/>
                <Baseline points="541,2680 593,2679 645,2679 698,2679 750,2679 802,2679 855,2680 907,2681 959,2681 1012,2683 1064,2684 1116,2685 1169,2686 1221,2688 1273,2689 1326,2690 1378,2691 1430,2692 1483,2693 1535,2694 1588,2694"/>
                <TextEquiv>
                    <Unicode>Hauswirthschaftliche Plaudereien.</Unicode>
                </TextEquiv>
            </TextLine>
            <TextLine id="r1l42" custom="readingOrder {index:41;}">
                <Coords points="837,2743 1115,2747 1179,2751 1200,2770 1221,2753 1277,2766 1278,2718 1193,2701 1108,2714 1054,2692 1003,2711 981,2698 943,2711 838,2703"/>
                <Baseline points="845,2740 870,2740 895,2740 920,2740 945,2741 970,2742 995,2743 1020,2743 1045,2744 1070,2745 1095,2745 1120,2745 1145,2746 1170,2746 1195,2745 1220,2745 1245,2745 1270,2743"/>
                <TextEquiv>
                    <Unicode>Von C. v. Ludwiger.</Unicode>
                </TextEquiv>
            </TextLine>
            <TextLine id="r1l43" custom="readingOrder {index:42;}">
                <Coords points="857,2803 1096,2796 1237,2814 1269,2801 1270,2767 1228,2754 1200,2769 1178,2751 1159,2761 1141,2750 1074,2761 1047,2750 1009,2766 982,2749 857,2759"/>
                <Baseline points="864,2792 890,2791 917,2791 943,2791 970,2791 996,2791 1023,2791 1049,2792 1076,2793 1102,2793 1129,2794 1155,2795 1182,2795 1208,2796 1235,2797 1262,2797"/>
                <TextEquiv>
                    <Unicode>[Nachdruck verboten.]</Unicode>
                </TextEquiv>
            </TextLine>
            <TextLine id="r1l44" custom="readingOrder {index:43;}">
                <Coords points="533,2838 1667,2853 1581,2801 534,2787"/>
                <Baseline points="541,2834 596,2835 652,2836 708,2837 764,2838 820,2839 876,2840 932,2842 988,2842 1044,2843 1100,2844 1155,2845 1211,2846 1267,2847 1323,2847 1379,2848 1435,2848 1491,2849 1547,2849 1603,2849 1659,2850"/>
                <TextEquiv>
                    <Unicode>In jedem Haushalt werden alljährlich eine ganze Menge Neu¬</Unicode>
                </TextEquiv>
            </TextLine>
            <TextLine id="r1l45" custom="readingOrder {index:44;}">
                <Coords points="454,2880 1625,2903 1675,2848 455,2837"/>
                <Baseline points="462,2873 522,2875 582,2877 642,2878 703,2880 763,2880 823,2881 883,2882 944,2883 1004,2884 1064,2885 1124,2885 1185,2886 1245,2887 1305,2887 1365,2888 1426,2889 1486,2890 1546,2891 1606,2892 1667,2894"/>
                <TextEquiv>
                    <Unicode>anschaffungen nothwendig, zu denen die Hausfrauen meist etwas von</Unicode>
                </TextEquiv>
            </TextLine>
            <TextLine id="r1l46" custom="readingOrder {index:45;}">
                <Coords points="444,2906 1625,2944 1674,2903 445,2885"/>
                <Baseline points="452,2914 512,2915 573,2916 633,2917 694,2918 755,2919 815,2920 876,2921 937,2922 997,2923 1058,2925 1119,2926 1179,2927 1240,2928 1301,2928 1361,2929 1422,2930 1483,2931 1543,2932 1604,2932 1665,2933"/>
                <TextEquiv>
                    <Unicode>den klingenden Geschenken benutzen, die ihnen gewöhnlich mit unter</Unicode>
                </TextEquiv>
            </TextLine>
            <TextLine id="r1l47" custom="readingOrder {index:46;}">
                <Coords points="449,2963 1647,2984 1659,2936 449,2919"/>
                <Baseline points="456,2951 515,2954 575,2956 635,2957 695,2959 754,2960 814,2961 874,2962 934,2963 993,2964 1053,2965 1113,2965 1173,2966 1232,2966 1292,2967 1352,2968 1412,2969 1471,2969 1531,2970 1591,2971 1651,2973"/>
                <TextEquiv>
                    <Unicode>den Christbaum gelegt werden. Auf dem Haushaltungsgebiet erscheinen</Unicode>
                </TextEquiv>
            </TextLine>
            <TextLine id="r1l48" custom="readingOrder {index:47;}">
                <Coords points="459,2994 1663,3017 1663,2982 1565,2971 460,2961"/>
                <Baseline points="467,2993 526,2994 585,2995 645,2996 704,2998 764,2999 823,3000 882,3001 942,3002 1001,3003 1061,3004 1120,3005 1179,3006 1239,3007 1298,3008 1358,3009 1417,3009 1476,3010 1536,3011 1595,3011 1655,3012"/>
                <TextEquiv>
                    <Unicode>natürlich wie auf jedem anderen im Laufe jedes Jahres eine Menge</Unicode>
                </TextEquiv>
            </TextLine>
            <TextLine id="r1l49" custom="readingOrder {index:48;}">
                <Coords points="463,3036 1661,3063 1671,3016 463,2998"/>
                <Baseline points="471,3032 530,3034 590,3035 649,3036 709,3037 769,3038 828,3039 888,3040 947,3041 1007,3042 1067,3042 1126,3043 1186,3044 1245,3044 1305,3045 1365,3046 1424,3047 1484,3048 1543,3050 1603,3051 1663,3052"/>
                <TextEquiv>
                    <Unicode>Neuheiten, auf die wir unsere Leserinnen aufmerksam machen, damit</Unicode>
                </TextEquiv>
            </TextLine>
            <TextLine id="r1l50" custom="readingOrder {index:49;}">
                <Coords points="449,3070 1417,3104 1664,3097 1665,3061 450,3029"/>
                <Baseline points="456,3071 516,3073 576,3074 636,3075 696,3076 756,3076 816,3077 876,3078 936,3078 996,3079 1056,3080 1116,3080 1176,3081 1236,3082 1296,3083 1356,3083 1416,3084 1476,3086 1536,3087 1596,3088 1657,3090"/>
                <TextEquiv>
                    <Unicode>sie bei ihren Einkäufen vielleicht das eine oder andere, das ihnen</Unicode>
                </TextEquiv>
            </TextLine>
            <TextLine id="r1l51" custom="readingOrder {index:50;}">
                <Coords points="449,3114 1669,3156 1669,3097 1553,3089 449,3085"/>
                <Baseline points="457,3113 517,3113 577,3114 637,3115 697,3115 758,3115 818,3116 878,3116 938,3117 998,3117 1059,3118 1119,3118 1179,3119 1239,3120 1299,3121 1360,3122 1420,3123 1480,3125 1540,3127 1600,3129 1661,3132"/>
                <TextEquiv>
                    <Unicode>praktisch und ihren Verhältnissen angemessen erscheint, erstehen und</Unicode>
                </TextEquiv>
            </TextLine>
            <TextLine id="r1l52" custom="readingOrder {index:51;}">
                <Coords points="437,3152 1264,3161 1264,3128 1049,3113 437,3121"/>
                <Baseline points="445,3149 485,3150 526,3151 566,3151 607,3152 648,3152 688,3153 729,3153 769,3154 810,3154 851,3155 891,3155 932,3155 972,3156 1013,3156 1054,3156 1094,3156 1135,3157 1175,3157 1216,3157 1257,3157"/>
                <TextEquiv>
                    <Unicode>ihren Wirthschaftsutensilien hinzufügen können.</Unicode>
                </TextEquiv>
            </TextLine>
            <TextLine id="r1l53" custom="readingOrder {index:52;}">
                <Coords points="539,3200 1662,3226 1663,3164 540,3157"/>
                <Baseline points="546,3189 601,3190 656,3190 712,3191 767,3191 823,3192 878,3193 934,3194 989,3195 1045,3196 1100,3196 1155,3198 1211,3199 1266,3200 1322,3200 1377,3201 1433,3202 1488,3203 1544,3203 1599,3204 1655,3205"/>
                <TextEquiv>
                    <Unicode>In erster Linie möchten wir auf die emaillirten Straßburger</Unicode>
                </TextEquiv>
            </TextLine>
            <TextLine id="r1l54" custom="readingOrder {index:53;}">
                <Coords points="443,3240 1454,3259 1644,3254 1667,3216 444,3193"/>
                <Baseline points="451,3228 511,3228 571,3229 632,3229 692,3230 753,3230 813,3231 873,3232 934,3233 994,3234 1055,3235 1115,3237 1175,3238 1236,3239 1296,3240 1357,3242 1417,3243 1477,3244 1538,3245 1598,3246 1659,3247"/>
                <TextEquiv>
                    <Unicode>Sparkochgeschirre hinweisen, die wir außerordentlich praktisch und</Unicode>
                </TextEquiv>
            </TextLine>
            <TextLine id="r1l55" custom="readingOrder {index:54;}">
                <Coords points="453,3282 1623,3295 1659,3256 454,3241"/>
                <Baseline points="461,3273 520,3272 580,3271 639,3271 699,3271 758,3271 818,3271 877,3272 937,3273 996,3274 1056,3275 1115,3276 1175,3278 1234,3279 1294,3280 1353,3282 1413,3283 1472,3284 1532,3285 1591,3286 1651,3287"/>
                <TextEquiv>
                    <Unicode>empfehlens.verth finden. Die Töpfe zeigen neue Formen, Halbkreise</Unicode>
                </TextEquiv>
            </TextLine>
            <TextLine id="r1l56" custom="readingOrder {index:55;}">
                <Coords points="454,3316 1492,3335 1654,3331 1655,3290 454,3275"/>
                <Baseline points="461,3311 520,3310 579,3309 638,3309 698,3309 757,3309 816,3310 876,3311 935,3312 994,3313 1054,3314 1113,3316 1172,3317 1231,3318 1291,3319 1350,3321 1409,3322 1469,3323 1528,3324 1587,3324 1647,3324"/>
                <TextEquiv>
                    <Unicode>und Viertelkreise, und sind dementsprechend an ihrer gerundeten Seite</Unicode>
                </TextEquiv>
            </TextLine>
            <TextLine id="r1l57" custom="readingOrder {index:56;}">
                <Coords points="445,3347 1657,3361 1544,3321 445,3315"/>
                <Baseline points="453,3350 512,3350 572,3350 632,3350 692,3350 752,3351 811,3351 871,3352 931,3353 991,3353 1051,3354 1110,3355 1170,3356 1230,3357 1290,3358 1350,3359 1409,3360 1469,3361 1529,3361 1589,3362 1649,3363"/>
                <TextEquiv>
                    <Unicode>mit je zwei oder einem Griff versehen, so daß es sich damit leicht</Unicode>
                </TextEquiv>
            </TextLine>
            <TextLine id="r1l58" custom="readingOrder {index:57;}">
                <Coords points="451,3385 1668,3404 1659,3362 451,3350"/>
                <Baseline points="459,3391 519,3390 579,3390 639,3390 699,3390 759,3390 819,3390 879,3391 939,3391 999,3392 1059,3392 1119,3393 1179,3394 1239,3395 1299,3396 1359,3397 1419,3398 1479,3399 1539,3401 1599,3402 1660,3403"/>
                <TextEquiv>
                    <Unicode>hantiren läßt. Von diesen Töpfen schiebt man nun entweder zwei</Unicode>
                </TextEquiv>
            </TextLine>
            <TextLine id="r1l59" custom="readingOrder {index:58;}">
                <Coords points="447,3425 1548,3458 1662,3449 1663,3408 447,3384"/>
                <Baseline points="454,3429 514,3429 574,3429 634,3429 694,3430 754,3430 814,3431 874,3431 934,3432 994,3432 1054,3433 1114,3434 1174,3434 1234,3435 1294,3436 1354,3437 1414,3437 1474,3438 1534,3439 1594,3440 1655,3441"/>
                <TextEquiv>
                    <Unicode>halbkreisförmige, oder einen halb= und zwei viertelkreisförmige zu¬</Unicode>
                </TextEquiv>
            </TextLine>
            <TextLine id="r1l60" custom="readingOrder {index:59;}">
                <Coords points="444,3469 1666,3475 1577,3440 445,3425"/>
                <Baseline points="452,3466 512,3467 572,3468 632,3469 693,3469 753,3470 813,3470 874,3471 934,3471 994,3472 1055,3472 1115,3472 1175,3473 1235,3473 1296,3474 1356,3475 1416,3476 1477,3477 1537,3478 1597,3480 1658,3482"/>
                <TextEquiv>
                    <Unicode>sammen, und erreicht es so, daß zwei resp. drei Töpfe auf dem Herd</Unicode>
                </TextEquiv>
            </TextLine>
            <TextLine id="r1l61" custom="readingOrder {index:60;}">
                <Coords points="449,3511 1598,3532 1655,3485 450,3479"/>
                <Baseline points="457,3506 516,3507 576,3507 635,3507 695,3508 754,3508 814,3508 873,3509 933,3509 992,3510 1052,3511 1111,3511 1171,3512 1230,3513 1290,3514 1349,3515 1409,3516 1468,3517 1528,3518 1587,3519 1647,3520"/>
                <TextEquiv>
                    <Unicode>nicht mehr Raum auf dem Feuer beanspruchen, als ein größerer runder</Unicode>
                </TextEquiv>
            </TextLine>
            <TextLine id="r1l62" custom="readingOrder {index:61;}">
                <Coords points="441,3542 1661,3565 1623,3523 441,3507"/>
                <Baseline points="449,3546 509,3546 569,3546 629,3546 690,3547 750,3547 810,3548 870,3548 931,3549 991,3550 1051,3551 1111,3552 1172,3552 1232,3553 1292,3554 1352,3555 1413,3555 1473,3556 1533,3556 1593,3557 1654,3557"/>
                <TextEquiv>
                    <Unicode>Topf, daß man also zwei, drei oder vier Töpfe gleichmäßig kochend</Unicode>
                </TextEquiv>
            </TextLine>
            <TextLine id="r1l63" custom="readingOrder {index:62;}">
                <Coords points="450,3579 1474,3616 1630,3610 1655,3568 450,3558"/>
                <Baseline points="457,3585 516,3585 576,3585 635,3585 695,3586 754,3586 814,3587 873,3588 933,3589 992,3589 1052,3590 1111,3591 1171,3592 1230,3593 1290,3593 1349,3594 1409,3595 1468,3595 1528,3596 1587,3597 1647,3597"/>
                <TextEquiv>
                    <Unicode>auf einer Feuerung erhalten kann. Auch für Gaskocher sind diese</Unicode>
                </TextEquiv>
            </TextLine>
            <TextLine id="r1l64" custom="readingOrder {index:63;}">
                <Coords points="441,3624 1482,3654 1652,3645 1653,3607 442,3595"/>
                <Baseline points="449,3626 508,3625 568,3625 628,3625 688,3625 747,3625 807,3626 867,3626 927,3627 986,3628 1046,3628 1106,3629 1166,3630 1225,3631 1285,3632 1345,3633 1405,3634 1464,3634 1524,3635 1584,3636 1644,3637"/>
                <TextEquiv>
                    <Unicode>Straßburger Sparkochgeschirre sehr zu empfehlen. Wenn man also</Unicode>
                </TextEquiv>
            </TextLine>
            <TextLine id="r1l65" custom="readingOrder {index:64;}">
                <Coords points="438,3662 1608,3693 1629,3644 439,3637"/>
                <Baseline points="446,3663 504,3663 563,3663 622,3663 681,3664 739,3664 798,3665 857,3665 916,3666 974,3666 1033,3667 1092,3668 1151,3669 1209,3670 1268,3671 1327,3672 1386,3673 1444,3674 1503,3675 1562,3676 1621,3678"/>
                <TextEquiv>
                    <Unicode>z. B. Rinderbrust nebst Wirsingkohl und Kartoffeln kochen will, so</Unicode>
                </TextEquiv>
            </TextLine>
            <TextLine id="r1l66" custom="readingOrder {index:65;}">
                <Coords points="448,3705 1659,3724 1579,3676 448,3667"/>
                <Baseline points="455,3704 514,3705 574,3705 634,3705 694,3705 754,3706 813,3706 873,3707 933,3707 993,3708 1053,3708 1112,3709 1172,3710 1232,3710 1292,3711 1352,3712 1411,3712 1471,3713 1531,3713 1591,3714 1651,3714"/>
                <TextEquiv>
                    <Unicode>legt man über die Flamme erst eine der bekannten runden Asbest¬</Unicode>
                </TextEquiv>
            </TextLine>
            <TextLine id="r1l67" custom="readingOrder {index:66;}">
                <Coords points="436,3750 1653,3763 1623,3719 436,3709"/>
                <Baseline points="444,3745 504,3745 564,3744 624,3744 684,3744 744,3745 804,3745 864,3745 924,3746 984,3746 1045,3747 1105,3748 1165,3749 1225,3750 1285,3750 1345,3751 1405,3752 1465,3753 1525,3753 1585,3754 1646,3755"/>
                <TextEquiv>
                    <Unicode>platten und setzt auf diese dann den großen Halbtopf mit dem Fleisch</Unicode>
                </TextEquiv>
            </TextLine>
            <TextLine id="r1l68" custom="readingOrder {index:67;}">
                <Coords points="448,3783 1653,3810 1653,3763 1582,3757 448,3753"/>
                <Baseline points="455,3781 514,3781 574,3781 633,3781 693,3781 752,3782 812,3782 871,3783 931,3784 990,3784 1050,3785 1109,3786 1169,3787 1228,3788 1288,3789 1347,3790 1407,3791 1466,3792 1526,3793 1585,3795 1645,3796"/>
                <TextEquiv>
                    <Unicode>und zwei Vierteltöpfe mit Kohl und Kartoffeln. In kurzer Zeit</Unicode>
                </TextEquiv>
            </TextLine>
            <TextLine id="r1l69" custom="readingOrder {index:68;}">
                <Coords points="442,3820 1649,3851 1650,3813 442,3795"/>
                <Baseline points="449,3819 508,3820 568,3821 627,3821 687,3822 747,3823 806,3823 866,3824 926,3825 985,3826 1045,3827 1105,3827 1164,3828 1224,3829 1284,3830 1343,3831 1403,3831 1463,3832 1522,3833 1582,3834 1642,3835"/>
                <TextEquiv>
                    <Unicode>kochen alle drei Gefäße gleichmäßig auf der einen Flamme.</Unicode>
                </TextEquiv>
            </TextLine>
            <TextLine id="r1l70" custom="readingOrder {index:69;}">
                <Coords points="445,3848 1645,3885 1645,3847 1586,3837 445,3830"/>
                <Baseline points="452,3858 511,3859 570,3860 629,3861 689,3861 748,3862 807,3863 867,3863 926,3864 985,3865 1045,3865 1104,3866 1163,3867 1222,3867 1282,3868 1341,3869 1400,3870 1460,3871 1519,3872 1578,3873 1638,3874"/>
                <TextEquiv>
                    <Unicode>Gebraucht man nicht den ganzen Gefäßkreis für seine Gerichte,</Unicode>
                </TextEquiv>
            </TextLine>
            <TextLine id="r1l71" custom="readingOrder {index:70;}">
                <Coords points="440,3898 457,3898 473,3909 476,3906 490,3908 504,3894 510,3898 519,3898 519,3879 510,3880 498,3868 480,3867 467,3859 464,3859 448,3876 440,3876"/>
                <Baseline points="447,3897 479,3895 511,3897"/>
                <TextEquiv>
                    <Unicode>so</Unicode>
                </TextEquiv>
            </TextLine>
            <TextLine id="r1l72" custom="readingOrder {index:71;}">
                <Coords points="520,3902 1626,3927 1654,3885 520,3869"/>
                <Baseline points="527,3898 585,3898 644,3898 703,3899 762,3899 821,3900 880,3900 939,3901 998,3902 1057,3903 1115,3904 1174,3905 1233,3906 1292,3907 1351,3908 1410,3909 1469,3911 1528,3912 1587,3913 1646,3914"/>
                <TextEquiv>
                    <Unicode>setzt man in einem Viertel vielleicht nur Wasser mit an,</Unicode>
                </TextEquiv>
            </TextLine>
            <TextLine id="r1l73" custom="readingOrder {index:72;}">
                <Coords points="446,3948 1651,3954 1651,3923 1490,3906 446,3908"/>
                <Baseline points="453,3938 512,3939 572,3939 631,3940 691,3941 750,3941 810,3942 869,3942 929,3943 988,3944 1048,3944 1107,3945 1167,3945 1226,3946 1286,3947 1345,3948 1405,3949 1464,3949 1524,3950 1583,3951 1643,3952"/>
                <TextEquiv>
                    <Unicode>dessen man ja im Haushalt stets bedarf. Die Töpfe sind</Unicode>
                </TextEquiv>
            </TextLine>
            <TextLine id="r1l74" custom="readingOrder {index:73;}">
                <Coords points="451,3976 1645,3994 1645,3964 1558,3954 451,3940"/>
                <Baseline points="459,3978 517,3978 576,3978 635,3979 694,3979 753,3980 812,3980 871,3981 930,3981 989,3982 1048,3982 1106,3983 1165,3984 1224,3984 1283,3985 1342,3986 1401,3986 1460,3987 1519,3988 1578,3989 1637,3990"/>
                <TextEquiv>
                    <Unicode>in größeren und kleineren Dimensionen zu haben, sodaß sie für kleinere</Unicode>
                </TextEquiv>
            </TextLine>
            <TextLine id="r1l75" custom="readingOrder {index:74;}">
                <Coords points="447,4013 1643,4046 1643,3994 447,3995"/>
                <Baseline points="454,4017 513,4018 572,4019 631,4019 690,4020 749,4021 808,4021 867,4022 926,4022 985,4022 1044,4023 1103,4023 1162,4023 1221,4024 1280,4024 1339,4025 1398,4025 1457,4026 1516,4027 1575,4028 1635,4029"/>
                <TextEquiv>
                    <Unicode>oder größere Haushaltungen angepaßt werden können. Wie herrlich</Unicode>
                </TextEquiv>
            </TextLine>
            <TextLine id="r1l76" custom="readingOrder {index:75;}">
                <Coords points="445,4051 1644,4080 1644,4036 1562,4032 445,4026"/>
                <Baseline points="452,4056 511,4057 570,4059 629,4059 688,4060 748,4061 807,4062 866,4063 925,4063 984,4063 1044,4064 1103,4064 1162,4064 1221,4065 1280,4065 1340,4065 1399,4065 1458,4066 1517,4066 1576,4066 1636,4066"/>
                <TextEquiv>
                    <Unicode>läßt sich so ein ganzer feiner Gang auf einer Gasflamme bereiten,</Unicode>
                </TextEquiv>
            </TextLine>
            <TextLine id="r1l77" custom="readingOrder {index:76;}">
                <Coords points="448,4094 1644,4112 1644,4080 1565,4073 449,4062"/>
                <Baseline points="456,4093 515,4095 574,4097 633,4098 692,4098 751,4099 810,4100 869,4100 928,4100 987,4101 1046,4101 1105,4101 1164,4101 1223,4102 1282,4102 1341,4103 1400,4103 1459,4104 1518,4105 1577,4106 1637,4108"/>
                <TextEquiv>
                    <Unicode>im langen Topf ein Brathuhn, in den dreieckigen Schoten oder</Unicode>
                </TextEquiv>
            </TextLine>
            <TextLine id="r1l78" custom="readingOrder {index:77;}">
                <Coords points="449,4136 1649,4146 1649,4117 1401,4100 449,4101"/>
                <Baseline points="457,4131 516,4131 575,4132 634,4133 694,4134 753,4134 812,4135 871,4135 931,4136 990,4137 1049,4137 1108,4138 1168,4138 1227,4138 1286,4139 1345,4139 1405,4139 1464,4139 1523,4139 1582,4139 1642,4139"/>
                <TextEquiv>
                    <Unicode>Biumenkohl und Kartoffeln. — Die Preise der Straßburger Spar¬</Unicode>
                </TextEquiv>
            </TextLine>
            <TextLine id="r1l79" custom="readingOrder {index:78;}">
                <Coords points="448,4174 1645,4191 1645,4156 1524,4142 448,4139"/>
                <Baseline points="456,4168 515,4169 574,4170 633,4171 692,4172 751,4172 810,4173 869,4174 928,4174 987,4175 1047,4175 1106,4176 1165,4177 1224,4177 1283,4178 1342,4178 1401,4179 1460,4179 1519,4180 1578,4181 1638,4181"/>
                <TextEquiv>
                    <Unicode>geschirre übersteigen die anderer Fabrikate nicht, da die Straßburger</Unicode>
                </TextEquiv>
            </TextLine>
            <TextLine id="r1l80" custom="readingOrder {index:79;}">
                <Coords points="443,4211 1587,4235 1655,4232 1656,4191 443,4184"/>
                <Baseline points="450,4207 509,4207 569,4208 629,4209 689,4209 749,4210 809,4211 869,4211 929,4212 989,4212 1049,4213 1108,4214 1168,4215 1228,4215 1288,4216 1348,4217 1408,4218 1468,4219 1528,4221 1588,4222 1648,4224"/>
                <TextEquiv>
                    <Unicode>Waare nur erster Güte und sehr dauerhaft ist. — Die Industrie hat</Unicode>
                </TextEquiv>
            </TextLine>
            <TextLine id="r1l81" custom="readingOrder {index:80;}">
                <Coords points="445,4250 1656,4262 1575,4225 446,4215"/>
                <Baseline points="453,4242 512,4244 572,4246 632,4248 692,4250 752,4251 811,4252 871,4252 931,4253 991,4254 1051,4254 1110,4255 1170,4255 1230,4255 1290,4256 1350,4257 1409,4258 1469,4259 1529,4260 1589,4262 1649,4264"/>
                <TextEquiv>
                    <Unicode>ihre Verbesserungen auch auf die Kochgeschirre aus Kupfer</Unicode>
                </TextEquiv>
            </TextLine>
            <TextEquiv>
                <Unicode>box 37/2
2. Cuttings
„Jung =Wien“ ist Kaffeehaus=Literatur.:... Es wäre
übrigens ganz unrichtig, wollte man im sogenannten
„Jung=Wien“ den charakteristischen, typischen Ausdruck wie eri¬
schen Geistes und Gemüthes sehen. Im Gegentheil, die ganze
Art und Weise dieser literarischen Gruppe ist nichts weniger
als wienerisch. Wienerische Poesie stellt man sich denn doch
etwas andeis vor: man denkt dabei unwillkürlich an frohen
Gesang und Tarz, an schöne, heitere Mädchen und lustigen
Gläsertlang; Wien gilt ja noch immer für die Stadt des
Froysinns und der Lebenslust, und wenn sie's auch leider
nicht mehr so wie einst ist, wenn es in Wien auch bei Weitem
nicht immer Sonntag ist und sich durchaus nicht mehr an
jedm Herde der Spieß dreht: ganz unwahr ist der traditio¬
nelle Ruf doch noch nicht geworden; trotz Allem und Allem
haben sich die Wier er ihr Phaakenthum bewahrt, und noch immer
glänzt der alte Frohsinn in ihren Augen, wenn es eine Lust¬
barkeit, eine „Hetz'“ gilt, und darum muß es befremden daß
man in „Jung=Wien“ kaum eine Spur dieser dionysischen
Fröhlichkeit gewahri, daß man vergebens auf einen echten
Klang jener wienerischen Poesie horcht, die sich bald himmel¬
hoch jauch end, bald zu Tode betrubt auf den Fluihen Strauß¬
scher Melodieen wiegt und mit ihrem Zauber alle Herzen be¬
thört. Bei Schnitzler glaubt man sie wohl zu hören, aber
es ist doch nur eine, allerdings recht glückliche Imitation, so
etwa, als ob eine gute Zigeunerkapelle einen Wiener Walzer
spielte; ein feineres Oyr muß den fremden Grundklang heraus¬
hören.
Man mag über die Wiener sagen, was man will
nirgends wrd über sie mehr geschimpft, als in den Ge¬
sellschaftskre sen, den die Herren „Jung=Wiens“ entstammen —,
so viel steht jedenf lls fest: Natürlichkeit, Naivetät, Frohsinn
und Humor sind bei ihnen unausrottbar zu Hause, sind für
sie typ sch. „Jung=Wien“ aber hat nicht eine einzige von
diesen Eigenschaften, wohl aber die entgegengesetzten: Unnatur,
Skepsis, Blasiriheit und Trübsinn; es stellt wohl das
literarische Wien dar — doch auch nur einen Theil und
nicht einmal den besseren —: wienerische Lteratur aber ist
es nicht!
Hauswirthschaftliche Plaudereien.
Von C. v. Ludwiger.
[Nachdruck verboten.]
In jedem Haushalt werden alljährlich eine ganze Menge Neu¬
anschaffungen nothwendig, zu denen die Hausfrauen meist etwas von
den klingenden Geschenken benutzen, die ihnen gewöhnlich mit unter
den Christbaum gelegt werden. Auf dem Haushaltungsgebiet erscheinen
natürlich wie auf jedem anderen im Laufe jedes Jahres eine Menge
Neuheiten, auf die wir unsere Leserinnen aufmerksam machen, damit
sie bei ihren Einkäufen vielleicht das eine oder andere, das ihnen
praktisch und ihren Verhältnissen angemessen erscheint, erstehen und
ihren Wirthschaftsutensilien hinzufügen können.
In erster Linie möchten wir auf die emaillirten Straßburger
Sparkochgeschirre hinweisen, die wir außerordentlich praktisch und
empfehlens.verth finden. Die Töpfe zeigen neue Formen, Halbkreise
und Viertelkreise, und sind dementsprechend an ihrer gerundeten Seite
mit je zwei oder einem Griff versehen, so daß es sich damit leicht
hantiren läßt. Von diesen Töpfen schiebt man nun entweder zwei
halbkreisförmige, oder einen halb= und zwei viertelkreisförmige zu¬
sammen, und erreicht es so, daß zwei resp. drei Töpfe auf dem Herd
nicht mehr Raum auf dem Feuer beanspruchen, als ein größerer runder
Topf, daß man also zwei, drei oder vier Töpfe gleichmäßig kochend
auf einer Feuerung erhalten kann. Auch für Gaskocher sind diese
Straßburger Sparkochgeschirre sehr zu empfehlen. Wenn man also
z. B. Rinderbrust nebst Wirsingkohl und Kartoffeln kochen will, so
legt man über die Flamme erst eine der bekannten runden Asbest¬
platten und setzt auf diese dann den großen Halbtopf mit dem Fleisch
und zwei Vierteltöpfe mit Kohl und Kartoffeln. In kurzer Zeit
kochen alle drei Gefäße gleichmäßig auf der einen Flamme.
Gebraucht man nicht den ganzen Gefäßkreis für seine Gerichte,
so
setzt man in einem Viertel vielleicht nur Wasser mit an,
dessen man ja im Haushalt stets bedarf. Die Töpfe sind
in größeren und kleineren Dimensionen zu haben, sodaß sie für kleinere
oder größere Haushaltungen angepaßt werden können. Wie herrlich
läßt sich so ein ganzer feiner Gang auf einer Gasflamme bereiten,
im langen Topf ein Brathuhn, in den dreieckigen Schoten oder
Biumenkohl und Kartoffeln. — Die Preise der Straßburger Spar¬
geschirre übersteigen die anderer Fabrikate nicht, da die Straßburger
Waare nur erster Güte und sehr dauerhaft ist. — Die Industrie hat
ihre Verbesserungen auch auf die Kochgeschirre aus Kupfer</Unicode>
            </TextEquiv>
        </TextRegion>
        <TextRegion orientation="0.0" id="r2" custom="readingOrder {index:1;}">
            <Coords points="1673,904 1673,4273 2911,4273 2911,904"/>
            <TextLine id="r2l1" custom="readingOrder {index:0;}">
                <Coords points="1780,927 2886,954 2911,904 1780,870"/>
                <Baseline points="1787,924 1842,926 1898,927 1954,928 2010,929 2065,930 2121,930 2177,931 2233,931 2288,932 2344,932 2400,933 2456,933 2511,934 2567,934 2623,935 2679,936 2734,937 2790,938 2846,939 2902,940"/>
                <TextEquiv>
                    <Unicode>Gleichfalls für den Tisch, und zwar mehr zum täglichen Gebrauch</Unicode>
                </TextEquiv>
            </TextLine>
            <TextLine id="r2l2" custom="readingOrder {index:1;}">
                <Coords points="1713,970 2918,974 2864,943 1713,938"/>
                <Baseline points="1721,965 1780,966 1839,966 1899,967 1958,968 2018,969 2077,970 2137,971 2196,972 2256,973 2315,975 2374,976 2434,977 2493,978 2553,979 2612,979 2672,980 2731,980 2791,980 2850,979 2910,978"/>
                <TextEquiv>
                    <Unicode>als für Gesellschaften bestimmt sind kleine, längliche, vernickelte</Unicode>
                </TextEquiv>
            </TextLine>
            <TextLine id="r2l3" custom="readingOrder {index:2;}">
                <Coords points="1709,1017 2874,1033 2918,1028 2919,975 1709,969"/>
                <Baseline points="1717,1002 1776,1003 1836,1004 1895,1005 1955,1006 2015,1007 2074,1008 2134,1009 2194,1011 2253,1011 2313,1012 2373,1013 2432,1014 2492,1015 2552,1015 2611,1016 2671,1016 2731,1017 2790,1017 2850,1017 2910,1017"/>
                <TextEquiv>
                    <Unicode>Schalen, die auf den Tellerrand geklemmt werden und zur Aluf¬</Unicode>
                </TextEquiv>
            </TextLine>
            <TextLine id="r2l4" custom="readingOrder {index:3;}">
                <Coords points="1701,1040 2918,1058 2847,1019 1702,1018"/>
                <Baseline points="1709,1046 1769,1045 1829,1045 1889,1045 1949,1045 2009,1046 2069,1047 2129,1048 2189,1050 2249,1051 2310,1052 2370,1053 2430,1055 2490,1056 2550,1056 2610,1057 2670,1057 2730,1056 2790,1055 2850,1054 2911,1052"/>
                <TextEquiv>
                    <Unicode>nahme von Gräten, Kartoffelschalen u. dergl. bestimmt sind. Sie</Unicode>
                </TextEquiv>
            </TextLine>
            <TextLine id="r2l5" custom="readingOrder {index:4;}">
                <Coords points="1702,1081 2908,1102 2818,1055 1702,1057"/>
                <Baseline points="1709,1084 1768,1084 1828,1084 1887,1085 1947,1086 2007,1087 2066,1087 2126,1089 2185,1090 2245,1091 2305,1092 2364,1093 2424,1094 2483,1095 2543,1096 2603,1097 2662,1097 2722,1097 2781,1097 2841,1097 2901,1096"/>
                <TextEquiv>
                    <Unicode>werden zu dem Gange, für den man sie draucht, gleich san</Unicode>
                </TextEquiv>
            </TextLine>
            <TextLine id="r2l6" custom="readingOrder {index:5;}">
                <Coords points="1704,1130 2720,1149 2920,1105 1704,1082"/>
                <Baseline points="1711,1122 1771,1122 1831,1123 1891,1124 1951,1125 2011,1126 2071,1127 2131,1128 2191,1129 2251,1131 2311,1132 2371,1133 2431,1134 2491,1135 2551,1135 2611,1136 2671,1136 2731,1137 2791,1136 2851,1136 2911,1135"/>
                <TextEquiv>
                    <Unicode>die Teller angesetzt und auch mit den Tellern gleich wieder</Unicode>
                </TextEquiv>
            </TextLine>
            <TextLine id="r2l7" custom="readingOrder {index:6;}">
                <Coords points="1702,1164 2912,1192 2899,1135 1703,1132"/>
                <Baseline points="1710,1157 1769,1159 1829,1161 1889,1163 1948,1165 2008,1166 2068,1167 2127,1168 2187,1169 2247,1170 2307,1171 2366,1172 2426,1172 2486,1173 2545,1173 2605,1173 2665,1174 2724,1174 2784,1174 2844,1174 2904,1174"/>
                <TextEquiv>
                    <Unicode>entfernt. Jedenfalls sind sie für den gegebenen Zweck das Saubetste</Unicode>
                </TextEquiv>
            </TextLine>
            <TextLine id="r2l8" custom="readingOrder {index:7;}">
                <Coords points="1701,1199 2617,1197 2846,1245 2918,1212 2838,1176 1701,1164"/>
                <Baseline points="1708,1196 1768,1199 1828,1201 1888,1202 1948,1204 2008,1206 2068,1207 2128,1208 2188,1208 2248,1209 2309,1210 2369,1210 2429,1211 2489,1211 2549,1211 2609,1212 2669,1212 2729,1212 2789,1212 2849,1213 2910,1213"/>
                <TextEquiv>
                    <Unicode>und Hübscheste, was man in der Art haben kann. Die Schälchen</Unicode>
                </TextEquiv>
            </TextLine>
            <TextLine id="r2l9" custom="readingOrder {index:8;}">
                <Coords points="1697,1242 2543,1262 2663,1252 2664,1224 1697,1210"/>
                <Baseline points="1704,1237 1751,1238 1799,1239 1846,1240 1894,1241 1942,1242 1989,1243 2037,1245 2084,1246 2132,1247 2180,1248 2227,1249 2275,1250 2322,1250 2370,1251 2418,1251 2465,1250 2513,1250 2560,1249 2608,1247 2656,1246"/>
                <TextEquiv>
                    <Unicode>reinigen sich sehr leicht und sehen ganz appetitlich ##s.</Unicode>
                </TextEquiv>
            </TextLine>
            <TextLine id="r2l10" custom="readingOrder {index:9;}">
                <Coords points="1785,1285 2912,1291 2796,1242 1785,1247"/>
                <Baseline points="1793,1278 1848,1279 1904,1281 1959,1282 2015,1283 2070,1284 2126,1285 2181,1286 2237,1287 2292,1287 2348,1288 2404,1289 2459,1289 2515,1290 2570,1290 2626,1290 2681,1290 2737,1290 2792,1290 2848,1290 2904,1290"/>
                <TextEquiv>
                    <Unicode>Neu ist für den Kaffee= und Theetisch eine Zuckerzange in Form</Unicode>
                </TextEquiv>
            </TextLine>
            <TextLine id="r2l11" custom="readingOrder {index:10;}">
                <Coords points="1710,1327 2866,1345 2911,1297 1710,1289"/>
                <Baseline points="1717,1318 1776,1318 1835,1319 1894,1319 1954,1320 2013,1321 2072,1322 2131,1323 2191,1324 2250,1324 2309,1326 2368,1327 2428,1328 2487,1329 2546,1330 2605,1331 2665,1332 2724,1332 2783,1333 2842,1334 2902,1335"/>
                <TextEquiv>
                    <Unicode>einer langzinkigen Scheere mit Schneidevorrichtung, mit der man</Unicode>
                </TextEquiv>
            </TextLine>
            <TextLine id="r2l12" custom="readingOrder {index:11;}">
                <Coords points="1714,1373 2884,1379 2912,1341 1715,1323"/>
                <Baseline points="1722,1357 1781,1358 1840,1358 1899,1359 1958,1360 2017,1360 2076,1361 2135,1362 2194,1363 2253,1363 2312,1364 2371,1365 2430,1366 2489,1367 2548,1368 2607,1368 2666,1369 2725,1370 2784,1370 2843,1371 2903,1372"/>
                <TextEquiv>
                    <Unicode>schnell und ohne die Finger zu Hülfe zu nehmen, ein Zuckerstück theilen</Unicode>
                </TextEquiv>
            </TextLine>
            <TextLine id="r2l13" custom="readingOrder {index:12;}">
                <Coords points="1714,1402 2916,1411 2894,1369 1714,1369"/>
                <Baseline points="1722,1394 1781,1395 1840,1397 1899,1398 1959,1398 2018,1399 2077,1400 2137,1401 2196,1402 2255,1403 2315,1403 2374,1404 2433,1405 2492,1406 2552,1406 2611,1407 2670,1408 2730,1410 2789,1411 2848,1412 2908,1413"/>
                <TextEquiv>
                    <Unicode>und dann aufheben kann. Dieses kleine Instrument ist sehr nützlich,</Unicode>
                </TextEquiv>
            </TextLine>
            <TextLine id="r2l14" custom="readingOrder {index:13;}">
                <Coords points="1702,1444 2910,1445 2757,1407 1703,1401"/>
                <Baseline points="1710,1435 1769,1435 1829,1436 1888,1436 1948,1437 2008,1438 2067,1439 2127,1440 2187,1441 2246,1442 2306,1444 2366,1444 2425,1445 2485,1446 2545,1447 2604,1447 2664,1447 2724,1447 2783,1447 2843,1446 2903,1445"/>
                <TextEquiv>
                    <Unicode>da der Geschmack, wie viel Zucker zu diesem oder jenem Getränk zu¬</Unicode>
                </TextEquiv>
            </TextLine>
            <TextLine id="r2l15" custom="readingOrder {index:14;}">
                <Coords points="1707,1481 2915,1491 2915,1451 2832,1446 1707,1448"/>
                <Baseline points="1714,1479 1773,1478 1833,1478 1892,1478 1952,1479 2012,1479 2071,1480 2131,1480 2191,1481 2250,1481 2310,1482 2370,1482 2429,1483 2489,1483 2549,1484 2608,1484 2668,1484 2728,1484 2787,1484 2847,1484 2907,1484"/>
                <TextEquiv>
                    <Unicode>gesetzt werden soll, gar zu verschieden ist. — Bei gleicher Gelegenheit</Unicode>
                </TextEquiv>
            </TextLine>
            <TextLine id="r2l16" custom="readingOrder {index:15;}">
                <Coords points="1707,1520 2915,1538 2900,1491 1707,1480"/>
                <Baseline points="1714,1514 1773,1515 1833,1516 1892,1517 1952,1518 2012,1519 2071,1519 2131,1520 2191,1520 2250,1521 2310,1521 2370,1522 2429,1522 2489,1523 2549,1523 2608,1524 2668,1524 2728,1525 2787,1526 2847,1527 2907,1528"/>
                <TextEquiv>
                    <Unicode>dürfte auch ein versilbertes, korbartig geflochtenes Theesieb mit Stiel</Unicode>
                </TextEquiv>
            </TextLine>
            <TextLine id="r2l17" custom="readingOrder {index:16;}">
                <Coords points="1700,1563 2905,1571 2905,1533 2804,1526 1701,1520"/>
                <Baseline points="1708,1552 1767,1554 1826,1555 1886,1556 1945,1558 2005,1559 2064,1560 2124,1561 2183,1561 2243,1562 2302,1563 2361,1563 2421,1564 2480,1564 2540,1564 2599,1565 2659,1565 2718,1565 2778,1565 2837,1565 2897,1566"/>
                <TextEquiv>
                    <Unicode>willkommen sein, für das ein sehr hübsches auf drei Kugelbeinen</Unicode>
                </TextEquiv>
            </TextLine>
            <TextLine id="r2l18" custom="readingOrder {index:17;}">
                <Coords points="1699,1615 2873,1622 2912,1574 1699,1562"/>
                <Baseline points="1706,1591 1765,1593 1825,1595 1885,1597 1945,1598 2005,1599 2065,1600 2125,1600 2185,1601 2245,1601 2305,1602 2364,1602 2424,1602 2484,1602 2544,1603 2604,1603 2664,1603 2724,1604 2784,1605 2844,1606 2904,1607"/>
                <TextEquiv>
                    <Unicode>ruhendes Untersatzgestell aus Glas vorgesehen ist, das ziemlich tief</Unicode>
                </TextEquiv>
            </TextLine>
            <TextLine id="r2l19" custom="readingOrder {index:18;}">
                <Coords points="1702,1640 2904,1655 2905,1614 1703,1614"/>
                <Baseline points="1710,1633 1769,1634 1828,1636 1888,1637 1947,1638 2006,1638 2066,1639 2125,1639 2184,1640 2244,1640 2303,1640 2362,1640 2422,1640 2481,1640 2540,1641 2600,1641 2659,1641 2718,1642 2778,1642 2837,1643 2897,1644"/>
                <TextEquiv>
                    <Unicode>ausgehöhlt ist, so daß darin die noch aus dem Sieb sickernden letzten</Unicode>
                </TextEquiv>
            </TextLine>
            <TextLine id="r2l20" custom="readingOrder {index:19;}">
                <Coords points="1701,1674 2906,1689 2906,1656 2783,1644 1701,1641"/>
                <Baseline points="1709,1674 1768,1674 1827,1675 1887,1676 1946,1676 2006,1677 2065,1678 2125,1678 2184,1679 2244,1679 2303,1680 2362,1680 2422,1681 2481,1681 2541,1681 2600,1682 2660,1682 2719,1682 2779,1682 2838,1682 2898,1681"/>
                <TextEquiv>
                    <Unicode>Tropfen nach jeder Benutzung Platz finden, wodurch Tabletdeckchen</Unicode>
                </TextEquiv>
            </TextLine>
            <TextLine id="r2l21" custom="readingOrder {index:20;}">
                <Coords points="1712,1716 2319,1734 2351,1716 2351,1690 2298,1684 1712,1675"/>
                <Baseline points="1719,1713 1750,1713 1781,1714 1812,1714 1843,1714 1875,1715 1906,1715 1937,1715 1968,1715 1999,1716 2031,1716 2062,1716 2093,1716 2124,1716 2155,1716 2187,1716 2218,1716 2249,1716 2280,1716 2311,1716 2343,1715"/>
                <TextEquiv>
                    <Unicode>sowie Theeservietten geschont werden.</Unicode>
                </TextEquiv>
            </TextLine>
            <TextLine id="r2l22" custom="readingOrder {index:21;}">
                <Coords points="2411,1711 2458,1730 2533,1715 2554,1732 2903,1733 2903,1693 2877,1687 2411,1688"/>
                <Baseline points="2419,1716 2444,1718 2469,1719 2494,1720 2519,1720 2544,1721 2569,1721 2594,1721 2619,1721 2644,1721 2669,1720 2694,1720 2719,1720 2744,1720 2769,1720 2794,1721 2819,1721 2844,1722 2869,1723 2895,1724"/>
                <TextEquiv>
                    <Unicode>Sehr hübsch für den Tisch</Unicode>
                </TextEquiv>
            </TextLine>
            <TextLine id="r2l23" custom="readingOrder {index:22;}">
                <Coords points="1707,1759 2826,1775 2909,1739 1707,1718"/>
                <Baseline points="1715,1754 1774,1754 1833,1755 1892,1755 1952,1756 2011,1756 2070,1756 2130,1757 2189,1757 2248,1757 2308,1758 2367,1758 2426,1758 2485,1759 2545,1759 2604,1759 2663,1759 2723,1759 2782,1759 2841,1759 2901,1759"/>
                <TextEquiv>
                    <Unicode>sind auch fein geschliffene Büchsen aus Glas, in Form von Ananas¬</Unicode>
                </TextEquiv>
            </TextLine>
            <TextLine id="r2l24" custom="readingOrder {index:23;}">
                <Coords points="1709,1795 2915,1795 2878,1764 1709,1758"/>
                <Baseline points="1717,1795 1776,1794 1836,1794 1895,1794 1955,1794 2014,1794 2074,1795 2133,1796 2193,1796 2252,1797 2312,1798 2372,1799 2431,1800 2491,1800 2550,1801 2610,1801 2669,1801 2729,1801 2788,1801 2848,1800 2908,1799"/>
                <TextEquiv>
                    <Unicode>früchten. Sie ruhen in einem Alfenide=Fußgestell, öffnen sich in der</Unicode>
                </TextEquiv>
            </TextLine>
            <TextLine id="r2l25" custom="readingOrder {index:24;}">
                <Coords points="1695,1837 2903,1839 2903,1804 2782,1793 1695,1800"/>
                <Baseline points="1702,1833 1761,1832 1821,1832 1880,1831 1940,1831 2000,1832 2059,1833 2119,1833 2179,1834 2238,1835 2298,1837 2358,1838 2417,1839 2477,1840 2537,1840 2596,1841 2656,1841 2716,1841 2775,1841 2835,1840 2895,1838"/>
                <TextEquiv>
                    <Unicode>Mitte mittels eines Scharniers und werden durch den charakteristischen</Unicode>
                </TextEquiv>
            </TextLine>
            <TextLine id="r2l26" custom="readingOrder {index:25;}">
                <Coords points="1701,1874 2909,1897 2909,1836 1701,1839"/>
                <Baseline points="1709,1870 1768,1871 1828,1871 1887,1871 1947,1872 2007,1873 2066,1873 2126,1874 2186,1875 2245,1876 2305,1876 2365,1877 2424,1878 2484,1878 2544,1879 2603,1880 2663,1880 2723,1880 2782,1880 2842,1880 2902,1880"/>
                <TextEquiv>
                    <Unicode>Blattstrauß aus Alfénide gekrönt. Die Gefäße sind bestimmt,</Unicode>
                </TextEquiv>
            </TextLine>
            <TextLine id="r2l27" custom="readingOrder {index:26;}">
                <Coords points="1693,1917 2909,1913 2724,1876 1694,1863"/>
                <Baseline points="1701,1910 1761,1909 1821,1909 1881,1909 1941,1909 2001,1910 2061,1911 2121,1912 2181,1913 2241,1915 2301,1915 2361,1917 2421,1918 2481,1919 2541,1919 2601,1920 2661,1920 2721,1920 2781,1919 2841,1918 2901,1916"/>
                <TextEquiv>
                    <Unicode>Marmeladengläser, Senfbehälter, auch Liebig=Fleischextraktbüchsen auf¬</Unicode>
                </TextEquiv>
            </TextLine>
            <TextLine id="r2l28" custom="readingOrder {index:27;}">
                <Coords points="1700,1957 2768,1987 2912,1927 1701,1917"/>
                <Baseline points="1708,1948 1767,1947 1827,1947 1887,1947 1947,1948 2007,1948 2066,1949 2126,1950 2186,1951 2246,1952 2306,1953 2365,1955 2425,1955 2485,1956 2545,1957 2605,1958 2664,1959 2724,1959 2784,1959 2844,1959 2904,1958"/>
                <TextEquiv>
                    <Unicode>zunehmen und eine hübsche Hülle für dieselben zu bilden, wenn sie mit</Unicode>
                </TextEquiv>
            </TextLine>
            <TextLine id="r2l29" custom="readingOrder {index:28;}">
                <Coords points="1697,2005 1842,1985 1858,1999 2066,1990 2157,2005 2207,1988 2208,1973 2156,1954 1698,1962"/>
                <Baseline points="1705,1986 1731,1985 1757,1985 1783,1985 1809,1985 1835,1985 1861,1986 1887,1986 1913,1987 1939,1987 1965,1988 1991,1989 2017,1989 2043,1990 2069,1990 2095,1990 2121,1990 2147,1990 2173,1989 2200,1988"/>
                <TextEquiv>
                    <Unicode>auf den Tisch gesetzt werden.</Unicode>
                </TextEquiv>
            </TextLine>
            <TextLine id="r2l30" custom="readingOrder {index:29;}">
                <Coords points="1778,2024 2797,2057 2911,2033 2912,1989 1778,1995"/>
                <Baseline points="1785,2025 1843,2025 1902,2026 1961,2027 2020,2027 2079,2028 2138,2029 2197,2030 2256,2030 2315,2031 2373,2032 2432,2032 2491,2033 2550,2033 2609,2034 2668,2034 2727,2034 2786,2034 2845,2034 2904,2034"/>
                <TextEquiv>
                    <Unicode>Eine sehr interessante Neuheit für den Haushalt ist der „Hart¬</Unicode>
                </TextEquiv>
            </TextLine>
            <TextLine id="r2l31" custom="readingOrder {index:30;}">
                <Coords points="1700,2077 1900,2049 1973,2081 2865,2089 2904,2044 1701,2018"/>
                <Baseline points="1708,2066 1767,2064 1826,2064 1886,2064 1945,2064 2004,2065 2064,2066 2123,2068 2182,2069 2242,2070 2301,2072 2360,2074 2420,2075 2479,2076 2538,2077 2598,2078 2657,2078 2716,2078 2776,2077 2835,2076 2895,2074"/>
                <TextEquiv>
                    <Unicode>spiritus“ der, in Blechbüchsen verpackt, uberall hin bequem mit¬</Unicode>
                </TextEquiv>
            </TextLine>
            <TextLine id="r2l32" custom="readingOrder {index:31;}">
                <Coords points="1698,2115 2896,2115 2896,2083 2663,2070 1699,2076"/>
                <Baseline points="1706,2104 1765,2103 1824,2103 1883,2103 1942,2104 2001,2105 2060,2106 2119,2107 2178,2109 2237,2111 2297,2113 2356,2114 2415,2116 2474,2117 2533,2118 2592,2118 2651,2119 2710,2118 2769,2117 2828,2116 2888,2113"/>
                <TextEquiv>
                    <Unicode>geführt werden kann und für jede Koch= oder Wärmlampe zu ver¬</Unicode>
                </TextEquiv>
            </TextLine>
            <TextLine id="r2l33" custom="readingOrder {index:32;}">
                <Coords points="1700,2146 2814,2169 2894,2159 2895,2126 1701,2116"/>
                <Baseline points="1708,2140 1770,2141 1832,2142 1894,2143 1956,2145 2018,2146 2080,2147 2142,2149 2204,2150 2266,2152 2328,2153 2390,2154 2452,2155 2514,2156 2576,2157 2638,2157 2700,2157 2762,2157 2824,2156 2887,2156"/>
                <TextEquiv>
                    <Unicode>wenden ist. Eine Büchse mit trockenem Spiritus von ½ Pfund</Unicode>
                </TextEquiv>
            </TextLine>
            <TextLine id="r2l34" custom="readingOrder {index:33;}">
                <Coords points="1692,2180 2834,2207 2902,2165 1692,2148"/>
                <Baseline points="1700,2182 1759,2182 1819,2182 1879,2182 1938,2183 1998,2184 2058,2185 2117,2187 2177,2188 2237,2189 2297,2190 2356,2192 2416,2193 2476,2194 2535,2195 2595,2195 2655,2196 2714,2195 2774,2195 2834,2194 2894,2192"/>
                <TextEquiv>
                    <Unicode>Gewicht kostet etwa 1 ¾4, sodaß auch dem Preise nach diese Neuheit</Unicode>
                </TextEquiv>
            </TextLine>
            <TextLine id="r2l35" custom="readingOrder {index:34;}">
                <Coords points="1702,2233 2910,2244 2910,2206 2774,2192 1703,2186"/>
                <Baseline points="1710,2225 1769,2223 1829,2222 1888,2222 1948,2222 2008,2222 2067,2223 2127,2224 2186,2225 2246,2227 2306,2228 2365,2230 2425,2231 2484,2232 2544,2233 2604,2234 2663,2235 2723,2235 2782,2235 2842,2234 2902,2234"/>
                <TextEquiv>
                    <Unicode>jeder Hausfrau zugänglich ist. Sehr zur Erleichterung beim Pflegen</Unicode>
                </TextEquiv>
            </TextLine>
            <TextLine id="r2l36" custom="readingOrder {index:35;}">
                <Coords points="1701,2264 2897,2271 2882,2239 2647,2229 1701,2233"/>
                <Baseline points="1708,2262 1767,2261 1826,2260 1885,2259 1944,2259 2003,2260 2062,2260 2121,2261 2180,2262 2239,2263 2298,2265 2357,2266 2416,2268 2475,2269 2534,2270 2593,2271 2652,2272 2711,2272 2770,2273 2829,2273 2889,2272"/>
                <TextEquiv>
                    <Unicode>eines Bratens dient ein neuer Bratofenrost, ein auf kleinen festen</Unicode>
                </TextEquiv>
            </TextLine>
            <TextLine id="r2l37" custom="readingOrder {index:36;}">
                <Coords points="1693,2300 2895,2322 2885,2270 1694,2264"/>
                <Baseline points="1701,2300 1760,2299 1819,2300 1878,2300 1938,2300 1997,2300 2056,2301 2116,2301 2175,2302 2234,2303 2294,2303 2353,2304 2412,2305 2471,2306 2531,2307 2590,2308 2649,2309 2709,2310 2768,2311 2827,2312 2887,2313"/>
                <TextEquiv>
                    <Unicode>Rädern ruhendes Gestell mit langem verstellbarem Stielgriff, auf welches</Unicode>
                </TextEquiv>
            </TextLine>
            <TextLine id="r2l38" custom="readingOrder {index:37;}">
                <Coords points="1696,2344 2904,2351 2904,2316 1697,2301"/>
                <Baseline points="1703,2336 1762,2337 1822,2338 1882,2339 1941,2340 2001,2341 2061,2342 2120,2343 2180,2343 2240,2344 2300,2345 2359,2345 2419,2346 2479,2346 2538,2347 2598,2348 2658,2348 2717,2349 2777,2350 2837,2350 2897,2351"/>
                <TextEquiv>
                    <Unicode>Bratpfannen, Speiseformen 2c. gestellt werden. Das Herausziehen</Unicode>
                </TextEquiv>
            </TextLine>
            <TextLine id="r2l39" custom="readingOrder {index:38;}">
                <Coords points="1692,2377 2911,2395 2896,2351 1693,2344"/>
                <Baseline points="1700,2377 1760,2378 1820,2378 1880,2378 1940,2379 2000,2380 2060,2380 2121,2381 2181,2382 2241,2383 2301,2384 2361,2385 2421,2386 2481,2387 2542,2388 2602,2389 2662,2389 2722,2389 2782,2389 2842,2389 2903,2389"/>
                <TextEquiv>
                    <Unicode>und wieder Hineinschieben der natürlich sehr heiß gewordenen Be¬</Unicode>
                </TextEquiv>
            </TextLine>
            <TextLine id="r2l40" custom="readingOrder {index:39;}">
                <Coords points="1698,2426 2910,2450 2891,2385 1699,2378"/>
                <Baseline points="1706,2416 1765,2416 1825,2417 1885,2418 1945,2419 2005,2419 2065,2420 2124,2421 2184,2422 2244,2423 2304,2424 2364,2424 2424,2425 2484,2426 2543,2427 2603,2428 2663,2428 2723,2429 2783,2430 2843,2430 2903,2431"/>
                <TextEquiv>
                    <Unicode>hälter ist meist schwierig, während, wenn die Gefäße auf dieses Gestell</Unicode>
                </TextEquiv>
            </TextLine>
            <TextLine id="r2l41" custom="readingOrder {index:40;}">
                <Coords points="1692,2468 2905,2469 2804,2427 1693,2424"/>
                <Baseline points="1700,2456 1759,2455 1819,2455 1879,2456 1939,2457 1999,2457 2059,2459 2119,2459 2179,2461 2239,2462 2299,2463 2358,2465 2418,2466 2478,2467 2538,2468 2598,2468 2658,2469 2718,2469 2778,2469 2838,2469 2898,2468"/>
                <TextEquiv>
                    <Unicode>gebracht worden, man den Griff so einstellt, daß er bis vorn zur</Unicode>
                </TextEquiv>
            </TextLine>
            <TextLine id="r2l42" custom="readingOrder {index:41;}">
                <Coords points="1701,2500 2808,2520 2904,2511 2905,2470 1701,2466"/>
                <Baseline points="1708,2495 1767,2494 1826,2494 1886,2494 1945,2495 2005,2496 2064,2497 2124,2498 2183,2499 2243,2501 2302,2502 2361,2504 2421,2505 2480,2506 2540,2507 2599,2508 2659,2509 2718,2509 2778,2509 2837,2508 2897,2508"/>
                <TextEquiv>
                    <Unicode>Oeffnung des Bratofens reicht und hier mit Hülfe eines einfachen</Unicode>
                </TextEquiv>
            </TextLine>
            <TextLine id="r2l43" custom="readingOrder {index:42;}">
                <Coords points="1691,2538 2894,2558 2895,2508 1692,2491"/>
                <Baseline points="1698,2531 1757,2532 1816,2533 1876,2534 1935,2535 1995,2536 2054,2537 2114,2538 2173,2539 2233,2539 2292,2540 2351,2541 2411,2542 2470,2543 2530,2544 2589,2545 2649,2545 2708,2546 2768,2547 2827,2548 2887,2550"/>
                <TextEquiv>
                    <Unicode>Topflappens angezogen wird, so daß Braten oder Speisen glatt nach</Unicode>
                </TextEquiv>
            </TextLine>
            <TextLine id="r2l44" custom="readingOrder {index:43;}">
                <Coords points="1698,2586 1727,2578 1736,2587 1751,2581 1759,2589 1792,2569 1806,2578 1880,2575 1886,2581 1912,2572 1912,2545 1895,2548 1886,2540 1877,2546 1854,2536 1829,2545 1777,2545 1771,2539 1757,2545 1741,2537 1721,2545 1698,2543"/>
                <Baseline points="1705,2569 1730,2570 1755,2571 1780,2571 1805,2571 1830,2571 1855,2571 1880,2570 1905,2569"/>
                <TextEquiv>
                    <Unicode>vorn rollen.</Unicode>
                </TextEquiv>
            </TextLine>
            <TextLine id="r2l45" custom="readingOrder {index:44;}">
                <Coords points="1769,2611 2903,2631 2903,2593 2802,2564 1770,2579"/>
                <Baseline points="1777,2613 1832,2613 1888,2613 1944,2613 2000,2614 2056,2614 2112,2615 2168,2616 2224,2616 2280,2617 2336,2618 2391,2619 2447,2620 2503,2621 2559,2622 2615,2622 2671,2623 2727,2624 2783,2625 2839,2626 2895,2626"/>
                <TextEquiv>
                    <Unicode>Gleichfalls für die Küche empfiehlt sich noch eine sehr einfache</Unicode>
                </TextEquiv>
            </TextLine>
            <TextLine id="r2l46" custom="readingOrder {index:45;}">
                <Coords points="1687,2648 2897,2665 2882,2623 1688,2610"/>
                <Baseline points="1695,2649 1754,2651 1814,2652 1874,2653 1933,2655 1993,2655 2053,2657 2112,2658 2172,2659 2232,2659 2292,2660 2351,2661 2411,2662 2471,2662 2530,2663 2590,2663 2650,2664 2709,2664 2769,2665 2829,2665 2889,2666"/>
                <TextEquiv>
                    <Unicode>Vorrichtung zur Feststellung von Sieben. Sie besteht aus drei</Unicode>
                </TextEquiv>
            </TextLine>
            <TextLine id="r2l47" custom="readingOrder {index:46;}">
                <Coords points="1688,2701 2898,2699 2868,2665 1689,2650"/>
                <Baseline points="1696,2688 1755,2689 1815,2691 1875,2692 1935,2693 1994,2694 2054,2695 2114,2697 2174,2698 2233,2699 2293,2700 2353,2701 2413,2702 2472,2703 2532,2703 2592,2704 2652,2704 2711,2704 2771,2704 2831,2704 2891,2703"/>
                <TextEquiv>
                    <Unicode>mit Scharnieren versehenen zusammenlegbaren Holzstäbchen, die zu¬</Unicode>
                </TextEquiv>
            </TextLine>
            <TextLine id="r2l48" custom="readingOrder {index:47;}">
                <Coords points="1697,2732 2901,2736 2824,2700 1698,2700"/>
                <Baseline points="1705,2729 1764,2730 1823,2730 1883,2731 1942,2732 2002,2732 2061,2734 2121,2735 2180,2736 2240,2737 2299,2738 2358,2739 2418,2739 2477,2740 2537,2741 2596,2741 2656,2742 2715,2742 2775,2742 2834,2742 2894,2741"/>
                <TextEquiv>
                    <Unicode>einem größeren oder kleineren Dreieck auf= oder zugeschraubt werden</Unicode>
                </TextEquiv>
            </TextLine>
            <TextLine id="r2l49" custom="readingOrder {index:48;}">
                <Coords points="1690,2785 2904,2775 2876,2744 1691,2724"/>
                <Baseline points="1697,2766 1760,2767 1823,2768 1886,2769 1949,2770 2012,2771 2075,2772 2138,2773 2201,2774 2264,2775 2328,2776 2391,2777 2454,2778 2517,2779 2580,2779 2643,2780 2706,2780 2769,2780 2832,2781 2896,2781"/>
                <TextEquiv>
                    <Unicode>können, das sich vermittelst dreier, an den Ecken befindlicher Klammern</Unicode>
                </TextEquiv>
            </TextLine>
            <TextLine id="r2l50" custom="readingOrder {index:49;}">
                <Coords points="1698,2817 2833,2834 2895,2817 2896,2779 1698,2778"/>
                <Baseline points="1706,2805 1765,2805 1824,2806 1883,2807 1942,2808 2001,2809 2060,2810 2119,2811 2178,2812 2237,2813 2297,2814 2356,2815 2415,2816 2474,2817 2533,2817 2592,2818 2651,2818 2710,2819 2769,2819 2828,2819 2888,2818"/>
                <TextEquiv>
                    <Unicode>an Topf= oder Schüsselrändern fest aufsetzen läßt. Diese Unterlage</Unicode>
                </TextEquiv>
            </TextLine>
            <TextLine id="r2l51" custom="readingOrder {index:50;}">
                <Coords points="1694,2850 2858,2872 2900,2814 1695,2818"/>
                <Baseline points="1702,2844 1761,2845 1821,2845 1880,2846 1940,2847 1999,2848 2059,2849 2118,2850 2178,2851 2237,2851 2297,2853 2356,2853 2416,2854 2475,2855 2535,2856 2594,2857 2654,2857 2713,2857 2773,2857 2832,2857 2892,2857"/>
                <TextEquiv>
                    <Unicode>ermöglicht es, jedes Sieb auf jedem beliebigen Gefäß gebrauchen zu können.</Unicode>
                </TextEquiv>
            </TextLine>
            <TextLine id="r2l52" custom="readingOrder {index:51;}">
                <Coords points="1773,2890 2883,2917 2895,2862 1773,2857"/>
                <Baseline points="1781,2883 1836,2884 1891,2885 1946,2886 2002,2887 2057,2888 2112,2889 2167,2890 2223,2890 2278,2891 2333,2891 2388,2892 2444,2892 2499,2893 2554,2893 2609,2894 2665,2895 2720,2896 2775,2897 2830,2898 2886,2900"/>
                <TextEquiv>
                    <Unicode>Ganz besondere Empfehlung verdient ein Apparat zur Herstellung</Unicode>
                </TextEquiv>
            </TextLine>
            <TextLine id="r2l53" custom="readingOrder {index:52;}">
                <Coords points="1690,2930 2906,2923 1690,2879"/>
                <Baseline points="1698,2923 1758,2924 1818,2925 1878,2926 1938,2926 1998,2927 2058,2927 2118,2927 2178,2928 2238,2928 2298,2928 2358,2929 2418,2929 2478,2929 2538,2930 2598,2931 2658,2931 2718,2932 2778,2933 2838,2935 2898,2936"/>
                <TextEquiv>
                    <Unicode>der im Laufe der Zeit so allgemein bekannt und beliebt gewordenen</Unicode>
                </TextEquiv>
            </TextLine>
            <TextLine id="r2l54" custom="readingOrder {index:53;}">
                <Coords points="1684,2968 2904,2978 2881,2938 1684,2928"/>
                <Baseline points="1692,2964 1752,2964 1812,2964 1872,2964 1932,2964 1993,2965 2053,2966 2113,2967 2173,2968 2233,2969 2294,2970 2354,2971 2414,2972 2474,2973 2534,2973 2595,2974 2655,2974 2715,2974 2775,2973 2835,2973 2896,2972"/>
                <TextEquiv>
                    <Unicode>Mischgerichte wie Pichlsteiner Fleisch, Irishstew Huhn mit</Unicode>
                </TextEquiv>
            </TextLine>
            <TextLine id="r2l55" custom="readingOrder {index:54;}">
                <Coords points="1691,3011 2894,3025 2894,2978 2656,2958 2503,2995 1691,2972"/>
                <Baseline points="1698,3001 1757,3002 1816,3003 1876,3003 1935,3004 1995,3005 2054,3006 2113,3006 2173,3007 2232,3007 2292,3008 2351,3009 2410,3009 2470,3010 2529,3010 2589,3011 2648,3012 2707,3013 2767,3013 2826,3014 2886,3015"/>
                <TextEquiv>
                    <Unicode>Reis, Tomaten und Zwiebeln u. s. w. Da diese Gerichte</Unicode>
                </TextEquiv>
            </TextLine>
            <TextLine id="r2l56" custom="readingOrder {index:55;}">
                <Coords points="1681,3050 2892,3059 2868,3017 1681,3018"/>
                <Baseline points="1688,3041 1747,3042 1807,3042 1867,3043 1927,3044 1987,3044 2046,3045 2106,3045 2166,3046 2226,3046 2286,3047 2345,3047 2405,3048 2465,3049 2525,3049 2585,3050 2644,3051 2704,3052 2764,3053 2824,3054 2884,3054"/>
                <TextEquiv>
                    <Unicode>sämmtlich das Feuer für mehrere Stunden ununterbrochen für sich</Unicode>
                </TextEquiv>
            </TextLine>
            <TextLine id="r2l57" custom="readingOrder {index:56;}">
                <Coords points="1680,3085 2862,3106 2893,3059 1680,3061"/>
                <Baseline points="1688,3082 1747,3082 1807,3082 1867,3082 1927,3083 1987,3083 2046,3084 2106,3085 2166,3086 2226,3086 2286,3087 2345,3088 2405,3089 2465,3090 2525,3091 2585,3091 2644,3092 2704,3092 2764,3092 2824,3092 2884,3092"/>
                <TextEquiv>
                    <Unicode>allein beanspruchen, ist der Apparat so eingerichtet, daß er entweder</Unicode>
                </TextEquiv>
            </TextLine>
            <TextLine id="r2l58" custom="readingOrder {index:57;}">
                <Coords points="1681,3123 2892,3139 2892,3106 2760,3093 1681,3088"/>
                <Baseline points="1688,3120 1747,3121 1807,3121 1867,3122 1927,3122 1987,3123 2046,3123 2106,3124 2166,3125 2226,3125 2286,3126 2345,3127 2405,3127 2465,3128 2525,3129 2585,3129 2644,3130 2704,3131 2764,3132 2824,3132 2884,3133"/>
                <TextEquiv>
                    <Unicode>mit dem Gaskocher durch einen besonderen Schlauch in Verbindung</Unicode>
                </TextEquiv>
            </TextLine>
            <TextLine id="r2l59" custom="readingOrder {index:58;}">
                <Coords points="1683,3170 2903,3171 2887,3131 1683,3129"/>
                <Baseline points="1690,3163 1750,3162 1810,3162 1870,3161 1931,3161 1991,3161 2051,3162 2111,3162 2172,3163 2232,3164 2292,3165 2352,3165 2413,3166 2473,3167 2533,3168 2593,3169 2654,3169 2714,3170 2774,3170 2834,3170 2895,3170"/>
                <TextEquiv>
                    <Unicode>gebracht werden kann, oder man stellt ihn neben dem anderweitig be¬</Unicode>
                </TextEquiv>
            </TextLine>
            <TextLine id="r2l60" custom="readingOrder {index:59;}">
                <Coords points="1684,3208 2896,3223 2878,3172 1684,3170"/>
                <Baseline points="1691,3203 1750,3202 1810,3201 1870,3200 1930,3200 1990,3200 2050,3200 2109,3201 2169,3201 2229,3202 2289,3203 2349,3203 2409,3204 2469,3205 2528,3205 2588,3206 2648,3207 2708,3207 2768,3208 2828,3208 2888,3208"/>
                <TextEquiv>
                    <Unicode>setzten Herd auf und kocht ihn mit einem der neuen beliebten Brenn¬</Unicode>
                </TextEquiv>
            </TextLine>
            <TextLine id="r2l61" custom="readingOrder {index:60;}">
                <Coords points="1686,3253 2894,3260 2874,3216 2786,3211 1686,3203"/>
                <Baseline points="1694,3238 1753,3239 1813,3240 1872,3241 1932,3241 1992,3242 2051,3242 2111,3243 2170,3243 2230,3244 2290,3244 2349,3244 2409,3245 2468,3245 2528,3245 2588,3246 2647,3246 2707,3246 2766,3247 2826,3247 2886,3247"/>
                <TextEquiv>
                    <Unicode>stoffe weiter, nachdem man ihn auf dem Herdfeuer nur einmal zum</Unicode>
                </TextEquiv>
            </TextLine>
            <TextLine id="r2l62" custom="readingOrder {index:61;}">
                <Coords points="1692,3284 2878,3303 2896,3253 1692,3249"/>
                <Baseline points="1699,3280 1758,3279 1817,3279 1877,3279 1936,3279 1996,3279 2055,3280 2115,3280 2174,3281 2234,3282 2293,3283 2352,3283 2412,3284 2471,3285 2531,3286 2590,3286 2650,3287 2709,3287 2769,3287 2828,3287 2888,3286"/>
                <TextEquiv>
                    <Unicode>Kochen gebracht hat. Der Apparat besteht also zunächst aus einem</Unicode>
                </TextEquiv>
            </TextLine>
            <TextLine id="r2l63" custom="readingOrder {index:62;}">
                <Coords points="1689,3322 2892,3323 2771,3282 1689,3283"/>
                <Baseline points="1696,3316 1755,3317 1814,3318 1874,3319 1933,3319 1993,3320 2052,3321 2111,3321 2171,3322 2230,3322 2290,3323 2349,3323 2408,3324 2468,3324 2527,3325 2587,3325 2646,3326 2705,3326 2765,3327 2824,3327 2884,3328"/>
                <TextEquiv>
                    <Unicode>Dreifuß=Gestell, auf das dann der eigentliche Topf aufgesetzt wird.</Unicode>
                </TextEquiv>
            </TextLine>
            <TextLine id="r2l64" custom="readingOrder {index:63;}">
                <Coords points="1679,3364 2773,3386 2897,3381 2898,3337 1679,3322"/>
                <Baseline points="1686,3356 1746,3357 1806,3357 1866,3358 1926,3359 1987,3359 2047,3360 2107,3360 2167,3361 2227,3361 2288,3362 2348,3363 2408,3363 2468,3364 2528,3364 2589,3365 2649,3365 2709,3365 2769,3366 2829,3366 2890,3367"/>
                <TextEquiv>
                    <Unicode>Dieser letztere nun zeigt zwei fast gleich umfangreiche Gefäße aus</Unicode>
                </TextEquiv>
            </TextLine>
            <TextLine id="r2l65" custom="readingOrder {index:64;}">
                <Coords points="1678,3400 2886,3418 2873,3368 1679,3368"/>
                <Baseline points="1686,3397 1745,3398 1805,3398 1864,3398 1924,3399 1984,3399 2043,3399 2103,3400 2163,3400 2222,3400 2282,3401 2342,3401 2401,3402 2461,3402 2521,3403 2580,3403 2640,3404 2700,3405 2759,3405 2819,3406 2879,3407"/>
                <TextEquiv>
                    <Unicode>Blech, die an ihrem Boden je zwei Henkelgriffe haben und genau</Unicode>
                </TextEquiv>
            </TextLine>
            <TextLine id="r2l66" custom="readingOrder {index:65;}">
                <Coords points="1689,3442 2888,3457 2888,3422 2691,3401 1689,3401"/>
                <Baseline points="1696,3435 1755,3436 1814,3437 1873,3438 1932,3438 1992,3439 2051,3439 2110,3439 2169,3440 2228,3440 2288,3440 2347,3440 2406,3440 2465,3441 2524,3441 2584,3441 2643,3442 2702,3442 2761,3443 2820,3444 2880,3445"/>
                <TextEquiv>
                    <Unicode>ineinander passen und so gut wie luft= und wasserdicht schließen. In</Unicode>
                </TextEquiv>
            </TextLine>
            <TextLine id="r2l67" custom="readingOrder {index:66;}">
                <Coords points="1685,3479 2877,3499 2878,3455 1685,3441"/>
                <Baseline points="1692,3473 1750,3474 1809,3475 1868,3475 1927,3476 1986,3477 2045,3477 2104,3477 2163,3478 2222,3478 2281,3479 2339,3479 2398,3480 2457,3480 2516,3481 2575,3481 2634,3481 2693,3482 2752,3482 2811,3482 2870,3483"/>
                <TextEquiv>
                    <Unicode>den einige Millimeter kleineren Behälter wird nur das Gericht, Fleisch,</Unicode>
                </TextEquiv>
            </TextLine>
            <TextLine id="r2l68" custom="readingOrder {index:67;}">
                <Coords points="1670,3505 2883,3530 2883,3492 2830,3486 1671,3478"/>
                <Baseline points="1678,3514 1737,3514 1797,3514 1857,3515 1917,3515 1977,3516 2037,3516 2097,3517 2157,3517 2217,3518 2277,3518 2336,3519 2396,3519 2456,3520 2516,3520 2576,3520 2636,3521 2696,3521 2756,3521 2816,3521 2876,3521"/>
                <TextEquiv>
                    <Unicode>Gemüse, Kartoffeln, Huhn, Reis und etwas Fleischextrakt, kurz Alles,</Unicode>
                </TextEquiv>
            </TextLine>
            <TextLine id="r2l69" custom="readingOrder {index:68;}">
                <Coords points="1673,3555 2884,3572 2884,3530 2775,3520 1673,3525"/>
                <Baseline points="1680,3553 1739,3553 1799,3554 1859,3554 1919,3554 1979,3555 2038,3555 2098,3556 2158,3557 2218,3557 2278,3558 2337,3558 2397,3559 2457,3560 2517,3560 2577,3560 2636,3561 2696,3561 2756,3561 2816,3561 2876,3560"/>
                <TextEquiv>
                    <Unicode>was dazu gehört, eingeschichtet, worauf das zweite Gefäß, der Deckel,</Unicode>
                </TextEquiv>
            </TextLine>
            <TextLine id="r2l70" custom="readingOrder {index:69;}">
                <Coords points="1674,3599 2882,3601 2791,3561 1674,3558"/>
                <Baseline points="1682,3593 1741,3593 1801,3594 1860,3594 1920,3594 1980,3595 2039,3595 2099,3596 2158,3596 2218,3597 2278,3597 2337,3598 2397,3598 2456,3599 2516,3599 2576,3599 2635,3599 2695,3599 2754,3599 2814,3599 2874,3598"/>
                <TextEquiv>
                    <Unicode>darüber gestülpt wird Nachdem dann die eine Bodensläche eine Weile</Unicode>
                </TextEquiv>
            </TextLine>
            <TextLine id="r2l71" custom="readingOrder {index:70;}">
                <Coords points="1682,3639 2803,3655 2889,3607 1682,3601"/>
                <Baseline points="1689,3631 1748,3631 1808,3631 1867,3632 1927,3632 1987,3632 2046,3633 2106,3633 2165,3633 2225,3634 2285,3634 2344,3634 2404,3635 2463,3635 2523,3635 2583,3636 2642,3636 2702,3637 2761,3637 2821,3638 2881,3638"/>
                <TextEquiv>
                    <Unicode>dem Feuer zugekehrt gewesen ist, wird der Apparat umgedreht, so daß dann</Unicode>
                </TextEquiv>
            </TextLine>
            <TextLine id="r2l72" custom="readingOrder {index:71;}">
                <Coords points="1685,3677 2891,3679 2825,3643 1685,3639"/>
                <Baseline points="1692,3670 1751,3670 1811,3671 1870,3671 1930,3672 1989,3672 2049,3673 2108,3673 2168,3674 2227,3674 2287,3674 2347,3675 2406,3675 2466,3676 2525,3676 2585,3676 2644,3677 2704,3677 2763,3677 2823,3678 2883,3678"/>
                <TextEquiv>
                    <Unicode>der Deckel zum Feuer kommt. Auf diese Weise, von zwei Seiten der</Unicode>
                </TextEquiv>
            </TextLine>
            <TextLine id="r2l73" custom="readingOrder {index:72;}">
                <Coords points="1683,3718 2743,3737 2878,3729 2879,3687 1683,3678"/>
                <Baseline points="1691,3710 1750,3710 1809,3710 1868,3710 1927,3711 1986,3711 2045,3712 2104,3712 2163,3712 2222,3713 2281,3713 2340,3714 2399,3714 2458,3715 2517,3715 2576,3716 2635,3716 2694,3716 2753,3717 2812,3717 2871,3717"/>
                <TextEquiv>
                    <Unicode>Feuerwirkung ausgesetzt, bedarf das Gericht weit weniger Kochzeit, als</Unicode>
                </TextEquiv>
            </TextLine>
            <TextLine id="r2l74" custom="readingOrder {index:73;}">
                <Coords points="1683,3757 2833,3771 2890,3730 1683,3720"/>
                <Baseline points="1690,3748 1749,3748 1809,3749 1868,3750 1928,3750 1988,3751 2047,3751 2107,3751 2166,3752 2226,3752 2286,3753 2345,3753 2405,3753 2464,3754 2524,3754 2584,3755 2643,3756 2703,3757 2762,3757 2822,3758 2882,3759"/>
                <TextEquiv>
                    <Unicode>würde es in einem gewöhnlichen Topf auf dem Herdfeuer gekocht,</Unicode>
                </TextEquiv>
            </TextLine>
            <TextLine id="r2l75" custom="readingOrder {index:74;}">
                <Coords points="1678,3793 2885,3800 2885,3765 2780,3758 1679,3755"/>
                <Baseline points="1686,3789 1745,3789 1805,3789 1864,3790 1924,3790 1983,3790 2043,3790 2102,3790 2162,3791 2221,3791 2281,3791 2341,3791 2400,3792 2460,3792 2519,3792 2579,3793 2638,3793 2698,3794 2757,3794 2817,3795 2877,3796"/>
                <TextEquiv>
                    <Unicode>das nur auf die untere Schicht ### Topfinhalts direkt wirken kann.</Unicode>
                </TextEquiv>
            </TextLine>
            <TextLine id="r2l76" custom="readingOrder {index:75;}">
                <Coords points="1684,3838 2073,3841 2190,3820 2190,3797 1684,3794"/>
                <Baseline points="1692,3826 1717,3827 1743,3827 1769,3827 1795,3828 1820,3828 1846,3828 1872,3828 1898,3828 1924,3828 1949,3827 1975,3827 2001,3827 2027,3827 2053,3827 2078,3827 2104,3827 2130,3828 2156,3828 2182,3829"/>
                <TextEquiv>
                    <Unicode>Nach Belieben kann man</Unicode>
                </TextEquiv>
            </TextLine>
            <TextLine id="r2l77" custom="readingOrder {index:76;}">
                <Coords points="2268,3833 2889,3838 2889,3797 2269,3798"/>
                <Baseline points="2276,3826 2306,3827 2336,3829 2366,3830 2397,3831 2427,3831 2457,3832 2488,3833 2518,3833 2548,3833 2579,3833 2609,3833 2639,3834 2669,3834 2700,3834 2730,3834 2760,3834 2791,3834 2821,3835 2851,3835 2882,3836"/>
                <TextEquiv>
                    <Unicode>fäß mit einer Serviette umsteckt,</Unicode>
                </TextEquiv>
            </TextLine>
            <TextLine id="r2l78" custom="readingOrder {index:77;}">
                <Coords points="1674,3873 2879,3878 2819,3837 2454,3848 2248,3812 1674,3835"/>
                <Baseline points="1682,3869 1741,3868 1801,3868 1860,3868 1920,3868 1979,3869 2039,3869 2098,3869 2158,3869 2217,3870 2277,3870 2336,3870 2396,3871 2455,3871 2515,3871 2574,3872 2634,3872 2693,3872 2753,3872 2812,3873 2872,3873"/>
                <TextEquiv>
                    <Unicode>auch gleich auf eine Schüsse. gestellt zum Tisch bringen. — Der</Unicode>
                </TextEquiv>
            </TextLine>
            <TextLine id="r2l79" custom="readingOrder {index:78;}">
                <Coords points="1675,3910 2888,3910 2833,3876 1675,3876"/>
                <Baseline points="1683,3908 1742,3907 1802,3906 1862,3906 1922,3906 1982,3907 2042,3907 2101,3908 2161,3908 2221,3909 2281,3910 2341,3911 2401,3912 2461,3912 2520,3913 2580,3913 2640,3913 2700,3913 2760,3913 2820,3912 2880,3911"/>
                <TextEquiv>
                    <Unicode>Apparat ist in verschiedenen Größen zu haben, und es muß nur bei</Unicode>
                </TextEquiv>
            </TextLine>
            <TextLine id="r2l80" custom="readingOrder {index:79;}">
                <Coords points="1682,3952 2875,3967 2840,3917 1682,3913"/>
                <Baseline points="1690,3945 1748,3945 1807,3945 1866,3946 1925,3946 1984,3947 2043,3948 2101,3948 2160,3949 2219,3950 2278,3951 2337,3951 2396,3952 2455,3952 2513,3953 2572,3953 2631,3953 2690,3953 2749,3952 2808,3951 2867,3950"/>
                <TextEquiv>
                    <Unicode>seiner Reinigung große Vorsicht angewendet werden, damit sich die</Unicode>
                </TextEquiv>
            </TextLine>
            <TextLine id="r2l81" custom="readingOrder {index:80;}">
                <Coords points="1671,3992 2820,4005 2883,3995 2884,3957 1671,3954"/>
                <Baseline points="1679,3984 1738,3984 1798,3983 1858,3984 1918,3984 1978,3984 2038,3985 2097,3986 2157,3987 2217,3988 2277,3989 2337,3990 2397,3991 2457,3992 2516,3992 2576,3993 2636,3993 2696,3992 2756,3991 2816,3990 2876,3988"/>
                <TextEquiv>
                    <Unicode>Wände der Behälter nicht verbeulen, weil diese sonst nicht mehr</Unicode>
                </TextEquiv>
            </TextLine>
            <TextLine id="r2l82" custom="readingOrder {index:81;}">
                <Coords points="1665,4043 2878,4033 2878,3995 2769,3992 1666,4005"/>
                <Baseline points="1673,4026 1732,4025 1792,4024 1852,4024 1912,4024 1972,4024 2032,4025 2092,4025 2152,4026 2212,4027 2272,4028 2331,4029 2391,4030 2451,4031 2511,4032 2571,4032 2631,4032 2691,4032 2751,4032 2811,4030 2871,4029"/>
                <TextEquiv>
                    <Unicode>genau über einander schließen würden. Dann würde sowohl Luft als</Unicode>
                </TextEquiv>
            </TextLine>
            <TextLine id="r2l83" custom="readingOrder {index:82;}">
                <Coords points="1671,4090 2818,4099 2885,4080 2885,4036 1671,4046"/>
                <Baseline points="1678,4063 1741,4063 1804,4063 1867,4064 1930,4064 1993,4065 2056,4065 2119,4066 2182,4066 2245,4067 2309,4068 2372,4069 2435,4069 2498,4070 2561,4070 2624,4070 2687,4071 2750,4071 2813,4071 2877,4071"/>
                <TextEquiv>
                    <Unicode>Feuchtigkeit entweichen und dadurch das Gelingen der Gerichte in</Unicode>
                </TextEquiv>
            </TextLine>
            <TextLine id="r2l84" custom="readingOrder {index:83;}">
                <Coords points="1680,4118 1756,4122 1786,4107 1835,4118 1891,4108 1964,4115 2071,4101 2071,4086 2016,4070 1834,4067 1816,4077 1723,4070 1680,4087"/>
                <Baseline points="1687,4102 1712,4103 1737,4104 1762,4104 1787,4104 1812,4104 1837,4104 1862,4103 1888,4103 1913,4102 1938,4102 1963,4101 1988,4101 2013,4100 2038,4100 2064,4100"/>
                <TextEquiv>
                    <Unicode>Frage gestellt werden.</Unicode>
                </TextEquiv>
            </TextLine>
            <TextLine id="r2l85" custom="readingOrder {index:84;}">
                <Coords points="1740,4143 2818,4159 2887,4155 2887,4099 1740,4115"/>
                <Baseline points="1748,4140 1804,4139 1861,4139 1917,4139 1974,4140 2031,4140 2087,4141 2144,4141 2200,4142 2257,4143 2314,4144 2370,4145 2427,4145 2483,4146 2540,4146 2597,4147 2653,4147 2710,4147 2766,4147 2823,4147 2880,4146"/>
                <TextEquiv>
                    <Unicode>Zweier neuer Kleinigkeiten auf anderem Gebiete des Haushaltes</Unicode>
                </TextEquiv>
            </TextLine>
            <TextLine id="r2l86" custom="readingOrder {index:85;}">
                <Coords points="1678,4180 2880,4191 2841,4151 1679,4139"/>
                <Baseline points="1685,4176 1744,4176 1803,4177 1863,4177 1922,4178 1982,4179 2041,4179 2100,4180 2160,4181 2219,4182 2279,4183 2338,4184 2397,4185 2457,4185 2516,4186 2576,4187 2635,4187 2694,4187 2754,4187 2813,4187 2873,4187"/>
                <TextEquiv>
                    <Unicode>wollen wir zum Schluß noch gedenken, einer zangenartigen Doppel¬</Unicode>
                </TextEquiv>
            </TextLine>
            <TextLine id="r2l87" custom="readingOrder {index:86;}">
                <Coords points="1674,4221 2871,4228 2861,4183 1674,4180"/>
                <Baseline points="1681,4216 1740,4216 1799,4216 1858,4216 1917,4217 1976,4218 2035,4219 2094,4220 2153,4220 2212,4222 2272,4223 2331,4224 2390,4225 2449,4226 2508,4227 2567,4227 2626,4228 2685,4228 2744,4228 2803,4228 2863,4227"/>
                <TextEquiv>
                    <Unicode>bürste zum Entfernen des Staubes von großen Blattpflanzen in</Unicode>
                </TextEquiv>
            </TextLine>
            <TextLine id="r2l88" custom="readingOrder {index:87;}">
                <Coords points="1671,4261 2496,4279 2601,4272 2602,4231 1671,4225"/>
                <Baseline points="1678,4256 1723,4255 1769,4255 1815,4254 1861,4254 1907,4255 1952,4255 1998,4255 2044,4256 2090,4257 2136,4258 2181,4259 2227,4259 2273,4260 2319,4261 2365,4262 2410,4262 2456,4263 2502,4263 2548,4263 2594,4262"/>
                <TextEquiv>
                    <Unicode>Zimmern, Wintergärten 2c. und einer kürzen opalen</Unicode>
                </TextEquiv>
            </TextLine>
            <TextEquiv>
                <Unicode>Gleichfalls für den Tisch, und zwar mehr zum täglichen Gebrauch
als für Gesellschaften bestimmt sind kleine, längliche, vernickelte
Schalen, die auf den Tellerrand geklemmt werden und zur Aluf¬
nahme von Gräten, Kartoffelschalen u. dergl. bestimmt sind. Sie
werden zu dem Gange, für den man sie draucht, gleich san
die Teller angesetzt und auch mit den Tellern gleich wieder
entfernt. Jedenfalls sind sie für den gegebenen Zweck das Saubetste
und Hübscheste, was man in der Art haben kann. Die Schälchen
reinigen sich sehr leicht und sehen ganz appetitlich ##s.
Neu ist für den Kaffee= und Theetisch eine Zuckerzange in Form
einer langzinkigen Scheere mit Schneidevorrichtung, mit der man
schnell und ohne die Finger zu Hülfe zu nehmen, ein Zuckerstück theilen
und dann aufheben kann. Dieses kleine Instrument ist sehr nützlich,
da der Geschmack, wie viel Zucker zu diesem oder jenem Getränk zu¬
gesetzt werden soll, gar zu verschieden ist. — Bei gleicher Gelegenheit
dürfte auch ein versilbertes, korbartig geflochtenes Theesieb mit Stiel
willkommen sein, für das ein sehr hübsches auf drei Kugelbeinen
ruhendes Untersatzgestell aus Glas vorgesehen ist, das ziemlich tief
ausgehöhlt ist, so daß darin die noch aus dem Sieb sickernden letzten
Tropfen nach jeder Benutzung Platz finden, wodurch Tabletdeckchen
sowie Theeservietten geschont werden.
Sehr hübsch für den Tisch
sind auch fein geschliffene Büchsen aus Glas, in Form von Ananas¬
früchten. Sie ruhen in einem Alfenide=Fußgestell, öffnen sich in der
Mitte mittels eines Scharniers und werden durch den charakteristischen
Blattstrauß aus Alfénide gekrönt. Die Gefäße sind bestimmt,
Marmeladengläser, Senfbehälter, auch Liebig=Fleischextraktbüchsen auf¬
zunehmen und eine hübsche Hülle für dieselben zu bilden, wenn sie mit
auf den Tisch gesetzt werden.
Eine sehr interessante Neuheit für den Haushalt ist der „Hart¬
spiritus“ der, in Blechbüchsen verpackt, uberall hin bequem mit¬
geführt werden kann und für jede Koch= oder Wärmlampe zu ver¬
wenden ist. Eine Büchse mit trockenem Spiritus von ½ Pfund
Gewicht kostet etwa 1 ¾4, sodaß auch dem Preise nach diese Neuheit
jeder Hausfrau zugänglich ist. Sehr zur Erleichterung beim Pflegen
eines Bratens dient ein neuer Bratofenrost, ein auf kleinen festen
Rädern ruhendes Gestell mit langem verstellbarem Stielgriff, auf welches
Bratpfannen, Speiseformen 2c. gestellt werden. Das Herausziehen
und wieder Hineinschieben der natürlich sehr heiß gewordenen Be¬
hälter ist meist schwierig, während, wenn die Gefäße auf dieses Gestell
gebracht worden, man den Griff so einstellt, daß er bis vorn zur
Oeffnung des Bratofens reicht und hier mit Hülfe eines einfachen
Topflappens angezogen wird, so daß Braten oder Speisen glatt nach
vorn rollen.
Gleichfalls für die Küche empfiehlt sich noch eine sehr einfache
Vorrichtung zur Feststellung von Sieben. Sie besteht aus drei
mit Scharnieren versehenen zusammenlegbaren Holzstäbchen, die zu¬
einem größeren oder kleineren Dreieck auf= oder zugeschraubt werden
können, das sich vermittelst dreier, an den Ecken befindlicher Klammern
an Topf= oder Schüsselrändern fest aufsetzen läßt. Diese Unterlage
ermöglicht es, jedes Sieb auf jedem beliebigen Gefäß gebrauchen zu können.
Ganz besondere Empfehlung verdient ein Apparat zur Herstellung
der im Laufe der Zeit so allgemein bekannt und beliebt gewordenen
Mischgerichte wie Pichlsteiner Fleisch, Irishstew Huhn mit
Reis, Tomaten und Zwiebeln u. s. w. Da diese Gerichte
sämmtlich das Feuer für mehrere Stunden ununterbrochen für sich
allein beanspruchen, ist der Apparat so eingerichtet, daß er entweder
mit dem Gaskocher durch einen besonderen Schlauch in Verbindung
gebracht werden kann, oder man stellt ihn neben dem anderweitig be¬
setzten Herd auf und kocht ihn mit einem der neuen beliebten Brenn¬
stoffe weiter, nachdem man ihn auf dem Herdfeuer nur einmal zum
Kochen gebracht hat. Der Apparat besteht also zunächst aus einem
Dreifuß=Gestell, auf das dann der eigentliche Topf aufgesetzt wird.
Dieser letztere nun zeigt zwei fast gleich umfangreiche Gefäße aus
Blech, die an ihrem Boden je zwei Henkelgriffe haben und genau
ineinander passen und so gut wie luft= und wasserdicht schließen. In
den einige Millimeter kleineren Behälter wird nur das Gericht, Fleisch,
Gemüse, Kartoffeln, Huhn, Reis und etwas Fleischextrakt, kurz Alles,
was dazu gehört, eingeschichtet, worauf das zweite Gefäß, der Deckel,
darüber gestülpt wird Nachdem dann die eine Bodensläche eine Weile
dem Feuer zugekehrt gewesen ist, wird der Apparat umgedreht, so daß dann
der Deckel zum Feuer kommt. Auf diese Weise, von zwei Seiten der
Feuerwirkung ausgesetzt, bedarf das Gericht weit weniger Kochzeit, als
würde es in einem gewöhnlichen Topf auf dem Herdfeuer gekocht,
das nur auf die untere Schicht ### Topfinhalts direkt wirken kann.
Nach Belieben kann man
fäß mit einer Serviette umsteckt,
auch gleich auf eine Schüsse. gestellt zum Tisch bringen. — Der
Apparat ist in verschiedenen Größen zu haben, und es muß nur bei
seiner Reinigung große Vorsicht angewendet werden, damit sich die
Wände der Behälter nicht verbeulen, weil diese sonst nicht mehr
genau über einander schließen würden. Dann würde sowohl Luft als
Feuchtigkeit entweichen und dadurch das Gelingen der Gerichte in
Frage gestellt werden.
Zweier neuer Kleinigkeiten auf anderem Gebiete des Haushaltes
wollen wir zum Schluß noch gedenken, einer zangenartigen Doppel¬
bürste zum Entfernen des Staubes von großen Blattpflanzen in
Zimmern, Wintergärten 2c. und einer kürzen opalen</Unicode>
            </TextEquiv>
        </TextRegion>
        <TextRegion orientation="0.0" id="r3" custom="readingOrder {index:2;}">
            <Coords points="2906,919 2906,4251 3336,4251 3336,919"/>
            <TextLine id="r3l1" custom="readingOrder {index:0;}">
                <Coords points="2942,948 2976,943 2991,946 3001,954 3004,951 3009,956 3018,956 3035,940 3044,940 3045,904 3025,909 3006,895 2986,907 2969,897 2956,902 2944,900"/>
                <Baseline points="2950,939 2978,941 3007,942 3036,941"/>
                <TextEquiv>
                    <Unicode>doch</Unicode>
                </TextEquiv>
            </TextLine>
            <TextLine id="r3l2" custom="readingOrder {index:1;}">
                <Coords points="3050,942 3108,948 3137,939 3155,956 3193,950 3205,958 3228,946 3287,944 3287,914 3260,918 3240,906 3221,912 3161,895 3110,903 3086,898 3066,912 3051,909"/>
                <Baseline points="3058,943 3085,941 3113,941 3141,941 3169,942 3196,943 3224,943 3252,942 3280,940"/>
                <TextEquiv>
                    <Unicode>in Deinen</Unicode>
                </TextEquiv>
            </TextLine>
            <TextLine id="r3l3" custom="readingOrder {index:2;}">
                <Coords points="2938,981 2960,991 2994,984 3022,1000 3082,973 3109,990 3164,997 3213,985 3224,998 3296,982 3297,946 3227,946 3197,961 3067,940 3001,953 2939,945"/>
                <Baseline points="2946,979 2972,978 2998,978 3024,979 3051,980 3077,981 3103,983 3130,985 3156,987 3182,988 3209,988 3235,987 3261,986 3288,983"/>
                <TextEquiv>
                    <Unicode>Deine Zunge still</Unicode>
                </TextEquiv>
            </TextLine>
            <TextLine id="r3l4" custom="readingOrder {index:3;}">
                <Coords points="2936,1024 3303,1027 3304,974 3224,997 3191,982 3144,996 3087,974 3023,1001 3008,987 2936,983"/>
                <Baseline points="2943,1019 2968,1018 2993,1017 3018,1018 3043,1018 3068,1019 3093,1019 3119,1021 3144,1022 3169,1022 3194,1023 3219,1022 3244,1022 3269,1021 3295,1019"/>
                <TextEquiv>
                    <Unicode>am nächsten Tage ∆</Unicode>
                </TextEquiv>
            </TextLine>
            <TextLine id="r3l5" custom="readingOrder {index:4;}">
                <Coords points="2950,1074 2978,1062 3018,1073 3030,1062 3100,1071 3192,1062 3300,1083 3301,1027 2950,1026"/>
                <Baseline points="2958,1055 2983,1056 3009,1057 3035,1058 3060,1058 3086,1058 3112,1057 3137,1057 3163,1057 3189,1057 3214,1058 3240,1059 3266,1060 3292,1062"/>
                <TextEquiv>
                    <Unicode>und welchen Unflath</Unicode>
                </TextEquiv>
            </TextLine>
            <TextLine id="r3l6" custom="readingOrder {index:5;}">
                <Coords points="2948,1104 3039,1111 3074,1097 3145,1111 3189,1102 3210,1116 3221,1106 3234,1115 3294,1103 3294,1075 3239,1065 3086,1065 3060,1077 3045,1064 3021,1072 3003,1061 2948,1071"/>
                <Baseline points="2955,1098 2980,1098 3005,1098 3031,1098 3056,1098 3082,1097 3107,1097 3133,1098 3158,1098 3184,1099 3209,1099 3235,1100 3260,1101 3286,1103"/>
                <TextEquiv>
                    <Unicode>gefegt, während der</Unicode>
                </TextEquiv>
            </TextLine>
            <TextLine id="r3l7" custom="readingOrder {index:6;}">
                <Coords points="2945,1140 3007,1153 3034,1137 3107,1149 3141,1138 3183,1157 3209,1138 3230,1153 3276,1143 3301,1154 3302,1107 3271,1118 3176,1101 3147,1110 3074,1098 3039,1111 2945,1104"/>
                <Baseline points="2952,1133 2978,1134 3004,1134 3030,1135 3057,1135 3083,1135 3109,1136 3136,1136 3162,1136 3188,1137 3215,1137 3241,1137 3267,1138 3294,1139"/>
                <TextEquiv>
                    <Unicode>Das Wort ist nur</Unicode>
                </TextEquiv>
            </TextLine>
            <TextLine id="r3l8" custom="readingOrder {index:7;}">
                <Coords points="2931,1186 3011,1171 3060,1188 3184,1177 3203,1190 3221,1180 3257,1192 3306,1186 3306,1147 3230,1154 3207,1137 3188,1152 3141,1138 3092,1149 3039,1136 3022,1147 2931,1145"/>
                <Baseline points="2939,1175 2964,1174 2990,1174 3015,1174 3041,1174 3067,1174 3092,1174 3118,1174 3144,1174 3169,1175 3195,1175 3221,1175 3246,1176 3272,1176 3298,1176"/>
                <TextEquiv>
                    <Unicode>die Gedanken zu ver</Unicode>
                </TextEquiv>
            </TextLine>
            <TextLine id="r3l9" custom="readingOrder {index:8;}">
                <Coords points="2942,1218 3084,1225 3104,1210 3121,1226 3175,1216 3227,1228 3239,1216 3272,1230 3292,1223 3293,1191 3249,1196 3229,1181 3197,1189 3185,1177 3103,1189 3017,1174 2972,1187 2942,1179"/>
                <Baseline points="2950,1213 2975,1213 3001,1214 3027,1214 3053,1214 3078,1214 3104,1215 3130,1215 3156,1216 3181,1216 3207,1216 3233,1217 3259,1218 3285,1219"/>
                <TextEquiv>
                    <Unicode>ersticken, so daß ga</Unicode>
                </TextEquiv>
            </TextLine>
            <TextLine id="r3l10" custom="readingOrder {index:9;}">
                <Coords points="2942,1262 3214,1254 3235,1267 3308,1270 3308,1220 3264,1229 3240,1217 3228,1227 3176,1216 3120,1225 3103,1211 3085,1225 2942,1218"/>
                <Baseline points="2950,1257 2975,1255 3000,1254 3025,1253 3050,1253 3075,1253 3100,1253 3125,1253 3150,1253 3175,1254 3200,1254 3225,1255 3250,1256 3275,1256 3300,1257"/>
                <TextEquiv>
                    <Unicode>groß, aber das sagt</Unicode>
                </TextEquiv>
            </TextLine>
            <TextLine id="r3l11" custom="readingOrder {index:10;}">
                <Coords points="2949,1293 3298,1306 3299,1268 3233,1267 3222,1254 3120,1266 3071,1256 3047,1266 2950,1261"/>
                <Baseline points="2957,1292 2982,1290 3008,1290 3033,1289 3059,1290 3085,1291 3110,1291 3136,1292 3161,1293 3187,1294 3213,1295 3238,1295 3264,1295 3290,1295"/>
                <TextEquiv>
                    <Unicode>Schweizer Inschrift</Unicode>
                </TextEquiv>
            </TextLine>
            <TextLine id="r3l12" custom="readingOrder {index:11;}">
                <Coords points="2946,1331 3010,1346 3025,1334 3072,1346 3086,1334 3133,1343 3145,1332 3172,1351 3239,1342 3305,1366 3307,1293 3282,1308 3226,1310 3199,1296 3067,1307 2947,1295"/>
                <Baseline points="2954,1329 2980,1330 3006,1331 3033,1331 3059,1331 3086,1331 3112,1332 3139,1332 3165,1332 3192,1333 3218,1334 3245,1335 3271,1337 3298,1339"/>
                <TextEquiv>
                    <Unicode>Gold, oder besser ge</Unicode>
                </TextEquiv>
            </TextLine>
            <TextLine id="r3l13" custom="readingOrder {index:12;}">
                <Coords points="2933,1377 2982,1399 3031,1377 3064,1384 3072,1376 3102,1390 3121,1378 3184,1392 3253,1370 3253,1346 3177,1352 3147,1333 3134,1342 3088,1334 3071,1347 3040,1334 2933,1340"/>
                <Baseline points="2940,1368 2965,1368 2991,1368 3016,1369 3042,1369 3067,1370 3093,1371 3118,1372 3144,1372 3169,1373 3195,1373 3220,1372 3246,1371"/>
                <TextEquiv>
                    <Unicode>der Ewigkeit an.</Unicode>
                </TextEquiv>
            </TextLine>
            <TextLine id="r3l14" custom="readingOrder {index:13;}">
                <Coords points="3021,1525 3063,1540 3118,1528 3147,1538 3175,1531 3195,1542 3235,1531 3305,1540 3306,1487 3209,1494 3161,1479 3101,1502 3080,1486 3022,1484"/>
                <Baseline points="3029,1524 3055,1525 3082,1525 3109,1526 3136,1527 3163,1528 3189,1529 3216,1529 3243,1530 3270,1530 3297,1530"/>
                <TextEquiv>
                    <Unicode>Eine Brust oh</Unicode>
                </TextEquiv>
            </TextLine>
            <TextLine id="r3l15" custom="readingOrder {index:14;}">
                <Coords points="2934,1581 3004,1567 3047,1577 3079,1566 3113,1584 3135,1569 3311,1574 3309,1534 3060,1537 3009,1509 2936,1526"/>
                <Baseline points="2942,1563 2967,1562 2993,1562 3019,1562 3045,1564 3071,1565 3097,1567 3123,1568 3148,1570 3174,1571 3200,1572 3226,1572 3252,1572 3278,1571 3304,1569"/>
                <TextEquiv>
                    <Unicode>Grund tief ist, liegen</Unicode>
                </TextEquiv>
            </TextLine>
            <TextLine id="r3l16" custom="readingOrder {index:15;}">
                <Coords points="2932,1608 3049,1600 3075,1614 3101,1601 3135,1617 3198,1619 3214,1605 3246,1621 3271,1611 3311,1622 3312,1575 3235,1572 3215,1589 3165,1570 3042,1577 3004,1566 2932,1581"/>
                <Baseline points="2939,1607 2965,1606 2991,1605 3017,1605 3043,1605 3069,1605 3095,1606 3121,1606 3147,1608 3173,1609 3199,1609 3225,1609 3251,1609 3277,1609 3304,1608"/>
                <TextEquiv>
                    <Unicode>giebt es weite Räu</Unicode>
                </TextEquiv>
            </TextLine>
            <TextLine id="r3l17" custom="readingOrder {index:16;}">
                <Coords points="2934,1653 3078,1658 3093,1646 3153,1645 3228,1662 3312,1648 3312,1619 3282,1612 3142,1623 3112,1606 3071,1616 3044,1603 2935,1606"/>
                <Baseline points="2941,1642 2966,1643 2992,1643 3018,1644 3044,1645 3070,1646 3096,1646 3122,1647 3148,1648 3174,1648 3200,1648 3226,1648 3252,1647 3278,1646 3304,1644"/>
                <TextEquiv>
                    <Unicode>Wichtigkeit versenkt</Unicode>
                </TextEquiv>
            </TextLine>
            <TextLine id="r3l18" custom="readingOrder {index:17;}">
                <Coords points="2935,1681 3011,1695 3049,1678 3150,1703 3182,1689 3203,1698 3225,1682 3299,1699 3323,1687 3324,1657 3297,1645 3231,1659 3171,1657 3156,1644 3073,1657 2935,1652"/>
                <Baseline points="2943,1680 2969,1681 2996,1682 3022,1683 3049,1684 3076,1684 3102,1685 3129,1685 3156,1686 3182,1686 3209,1686 3236,1686 3262,1686 3289,1685 3316,1685"/>
                <TextEquiv>
                    <Unicode>einer mächtigen Seh</Unicode>
                </TextEquiv>
            </TextLine>
            <TextLine id="r3l19" custom="readingOrder {index:18;}">
                <Coords points="2932,1719 3132,1737 3159,1724 3185,1737 3203,1722 3235,1735 3309,1732 3310,1697 3247,1696 3226,1683 3206,1698 3051,1683 3014,1696 2933,1690"/>
                <Baseline points="2940,1718 2965,1719 2991,1720 3017,1721 3043,1721 3069,1722 3095,1723 3121,1724 3146,1724 3172,1725 3198,1726 3224,1726 3250,1727 3276,1727 3302,1727"/>
                <TextEquiv>
                    <Unicode>überwinden, ist ein g#</Unicode>
                </TextEquiv>
            </TextLine>
            <TextLine id="r3l20" custom="readingOrder {index:19;}">
                <Coords points="2934,1761 2961,1771 3240,1765 3305,1776 3306,1735 3272,1730 3234,1735 3204,1722 3161,1739 2935,1726"/>
                <Baseline points="2942,1759 2967,1760 2992,1760 3018,1761 3043,1761 3069,1762 3094,1764 3120,1765 3145,1766 3170,1767 3196,1767 3221,1768 3247,1768 3272,1767 3298,1766"/>
                <TextEquiv>
                    <Unicode>so Vielen macht ma</Unicode>
                </TextEquiv>
            </TextLine>
            <TextLine id="r3l21" custom="readingOrder {index:20;}">
                <Coords points="2922,1787 2967,1812 3014,1800 3079,1818 3145,1802 3227,1816 3277,1803 3293,1817 3313,1814 3314,1769 2962,1771 2922,1755"/>
                <Baseline points="2930,1799 2955,1800 2980,1800 3005,1801 3030,1802 3055,1802 3080,1803 3105,1803 3130,1803 3155,1803 3180,1804 3205,1804 3230,1804 3255,1803 3280,1803 3306,1803"/>
                <TextEquiv>
                    <Unicode>des Innern besteht d</Unicode>
                </TextEquiv>
            </TextLine>
            <TextLine id="r3l22" custom="readingOrder {index:21;}">
                <Coords points="2930,1857 2962,1840 3047,1850 3085,1835 3098,1847 3166,1840 3317,1863 3317,1818 3274,1804 3239,1814 3186,1805 3165,1823 3104,1803 3083,1815 3013,1801 2930,1808"/>
                <Baseline points="2937,1842 2963,1842 2990,1842 3016,1841 3043,1841 3069,1841 3096,1841 3123,1841 3149,1841 3176,1842 3202,1842 3229,1842 3255,1843 3282,1843 3309,1844"/>
                <TextEquiv>
                    <Unicode>welchen die Verschn</Unicode>
                </TextEquiv>
            </TextLine>
            <TextLine id="r3l23" custom="readingOrder {index:22;}">
                <Coords points="2928,1889 3062,1882 3071,1892 3098,1877 3136,1892 3270,1884 3315,1900 3308,1851 2962,1840 2928,1851"/>
                <Baseline points="2936,1879 2962,1879 2989,1880 3015,1880 3042,1880 3068,1880 3095,1880 3121,1880 3148,1881 3174,1881 3201,1881 3227,1881 3254,1882 3280,1883 3307,1884"/>
                <TextEquiv>
                    <Unicode>Versuche der Anderen</Unicode>
                </TextEquiv>
            </TextLine>
            <TextLine id="r3l24" custom="readingOrder {index:23;}">
                <Coords points="2930,1927 2998,1917 3048,1931 3161,1920 3290,1932 3303,1928 3303,1886 3239,1897 3180,1882 3135,1893 3097,1878 3072,1891 3062,1882 2930,1889"/>
                <Baseline points="2937,1923 2962,1921 2988,1921 3013,1920 3039,1919 3065,1919 3090,1919 3116,1919 3142,1920 3167,1920 3193,1920 3219,1920 3244,1920 3270,1920 3296,1918"/>
                <TextEquiv>
                    <Unicode>zu verleiten, die Sti</Unicode>
                </TextEquiv>
            </TextLine>
            <TextLine id="r3l25" custom="readingOrder {index:24;}">
                <Coords points="2936,1956 3320,1978 3320,1934 3280,1925 2936,1926"/>
                <Baseline points="2944,1959 2970,1959 2996,1958 3022,1958 3049,1958 3075,1957 3101,1957 3128,1957 3154,1957 3180,1957 3206,1957 3233,1958 3259,1958 3285,1960 3312,1960"/>
                <TextEquiv>
                    <Unicode>Allem der Aufmerksam</Unicode>
                </TextEquiv>
            </TextLine>
            <TextLine id="r3l26" custom="readingOrder {index:25;}">
                <Coords points="2926,2006 3315,2011 3315,1976 3295,1982 3262,1966 3177,1962 3142,1974 3048,1956 3021,1971 2953,1957 2927,1965"/>
                <Baseline points="2934,1993 2960,1994 2987,1995 3014,1996 3040,1996 3067,1997 3094,1998 3121,1998 3147,1998 3174,1999 3201,1999 3227,1998 3254,1998 3281,1998 3308,1997"/>
                <TextEquiv>
                    <Unicode>thun soll, muß man</Unicode>
                </TextEquiv>
            </TextLine>
            <TextLine id="r3l27" custom="readingOrder {index:26;}">
                <Coords points="2929,2042 3007,2053 3030,2041 3068,2059 3121,2062 3162,2051 3179,2057 3244,2035 3244,2021 3220,2024 3204,2009 3172,2011 3155,2000 3041,2007 3032,1997 3023,2006 2929,2008"/>
                <Baseline points="2936,2033 2961,2032 2986,2032 3011,2032 3036,2032 3061,2032 3086,2033 3111,2033 3136,2034 3161,2034 3186,2035 3211,2035 3236,2035"/>
                <TextEquiv>
                    <Unicode>man nicht thun.</Unicode>
                </TextEquiv>
            </TextLine>
            <TextLine id="r3l28" custom="readingOrder {index:27;}">
                <Coords points="3001,2127 3090,2118 3119,2131 3141,2115 3204,2131 3242,2121 3315,2130 3316,2075 3288,2090 3226,2068 3193,2087 3140,2060 3093,2055 3002,2073"/>
                <Baseline points="3008,2113 3035,2113 3062,2113 3089,2113 3116,2113 3143,2114 3171,2114 3198,2115 3225,2116 3252,2117 3279,2117 3307,2118"/>
                <TextEquiv>
                    <Unicode>Macht nie Besuch</Unicode>
                </TextEquiv>
            </TextLine>
            <TextLine id="r3l29" custom="readingOrder {index:28;}">
                <Coords points="2917,2162 3032,2153 3076,2178 3119,2157 3160,2168 3196,2153 3319,2172 3320,2128 3204,2131 3141,2115 3119,2131 3086,2117 3018,2133 2952,2120 2917,2135"/>
                <Baseline points="2924,2152 2949,2153 2975,2154 3001,2156 3027,2157 3053,2158 3079,2158 3105,2159 3130,2159 3156,2159 3182,2159 3208,2159 3234,2159 3260,2158 3286,2157 3312,2156"/>
                <TextEquiv>
                    <Unicode>man euch, ihr antwor</Unicode>
                </TextEquiv>
            </TextLine>
            <TextLine id="r3l30" custom="readingOrder {index:29;}">
                <Coords points="2923,2198 3002,2209 3033,2198 3069,2219 3183,2198 3285,2200 3316,2213 3317,2169 3285,2159 3191,2156 3159,2168 3135,2154 3097,2170 3061,2154 2968,2168 2924,2157"/>
                <Baseline points="2931,2190 2956,2191 2981,2192 3006,2193 3031,2193 3057,2194 3082,2195 3107,2195 3132,2195 3157,2196 3183,2196 3208,2196 3233,2196 3258,2196 3283,2196 3309,2196"/>
                <TextEquiv>
                    <Unicode>euch, .“ ihr hättet y</Unicode>
                </TextEquiv>
            </TextLine>
            <TextLine id="r3l31" custom="readingOrder {index:30;}">
                <Coords points="3159,2232 3170,2232 3180,2243 3188,2237 3202,2239 3209,2247 3230,2240 3245,2251 3280,2244 3286,2249 3297,2243 3309,2245 3310,2213 3302,2213 3286,2200 3251,2204 3234,2197 3160,2200"/>
                <Baseline points="3167,2234 3194,2233 3221,2234 3248,2235 3275,2236 3302,2235"/>
                <TextEquiv>
                    <Unicode>Debay.</Unicode>
                </TextEquiv>
            </TextLine>
            <TextLine id="r3l32" custom="readingOrder {index:31;}">
                <Coords points="3169,2296 3196,2298 3205,2289 3216,2288 3229,2292 3248,2279 3255,2285 3263,2279 3290,2279 3316,2287 3316,2245 3247,2250 3228,2239 3215,2247 3197,2239 3181,2245 3169,2240"/>
                <Baseline points="3177,2268 3203,2270 3229,2271 3255,2271 3281,2271 3308,2269"/>
                <TextEquiv>
                    <Unicode>femme.</Unicode>
                </TextEquiv>
            </TextLine>
            <TextLine id="r3l33" custom="readingOrder {index:32;}">
                <Coords points="3003,2346 3041,2360 3151,2350 3194,2361 3235,2350 3303,2372 3305,2302 3163,2298 3135,2313 3075,2287 3044,2307 3029,2298 3004,2306"/>
                <Baseline points="3011,2344 3036,2345 3062,2347 3088,2348 3114,2349 3140,2350 3166,2350 3192,2351 3218,2351 3244,2352 3270,2352 3296,2351"/>
                <TextEquiv>
                    <Unicode>Sobald wir etw</Unicode>
                </TextEquiv>
            </TextLine>
            <TextLine id="r3l34" custom="readingOrder {index:33;}">
                <Coords points="2934,2399 2972,2389 3108,2399 3122,2388 3257,2403 3306,2393 3307,2357 3207,2351 3193,2362 3150,2350 3115,2362 3093,2349 3038,2360 2982,2330 2935,2337"/>
                <Baseline points="2942,2385 2967,2386 2993,2387 3018,2387 3044,2388 3069,2389 3095,2389 3120,2390 3146,2390 3171,2391 3197,2391 3222,2392 3248,2392 3273,2392 3299,2393"/>
                <TextEquiv>
                    <Unicode>glauben in die Tiefe</Unicode>
                </TextEquiv>
            </TextLine>
            <TextLine id="r3l35" custom="readingOrder {index:34;}">
                <Coords points="2923,2432 3090,2438 3127,2424 3243,2440 3309,2433 3309,2393 3254,2402 3046,2389 2989,2400 2972,2389 2923,2399"/>
                <Baseline points="2931,2426 2957,2426 2983,2426 3010,2427 3036,2427 3063,2428 3089,2429 3116,2429 3142,2430 3168,2430 3195,2430 3221,2430 3248,2429 3274,2428 3301,2427"/>
                <TextEquiv>
                    <Unicode>wir wieder an der Ob</Unicode>
                </TextEquiv>
            </TextLine>
            <TextLine id="r3l36" custom="readingOrder {index:35;}">
                <Coords points="2917,2482 2982,2465 3040,2478 3096,2466 3140,2479 3183,2466 3214,2479 3292,2474 3292,2431 3265,2443 3224,2429 3145,2429 3121,2444 3107,2432 3015,2438 2918,2425"/>
                <Baseline points="2924,2466 2949,2466 2975,2466 3001,2466 3027,2466 3052,2466 3078,2466 3104,2467 3130,2467 3156,2468 3181,2468 3207,2469 3233,2469 3259,2470 3285,2470"/>
                <TextEquiv>
                    <Unicode>an unseren bleichen</Unicode>
                </TextEquiv>
            </TextLine>
            <TextLine id="r3l37" custom="readingOrder {index:36;}">
                <Coords points="2913,2500 3024,2519 3119,2503 3304,2515 3304,2471 3291,2467 3219,2479 3157,2469 3133,2491 3098,2468 3019,2476 2984,2464 2955,2478 2913,2468"/>
                <Baseline points="2920,2502 2945,2503 2970,2503 2995,2503 3020,2503 3045,2503 3070,2503 3095,2503 3120,2503 3145,2503 3170,2503 3195,2503 3220,2504 3245,2504 3270,2504 3296,2505"/>
                <TextEquiv>
                    <Unicode>entstammt. Wir wäh</Unicode>
                </TextEquiv>
            </TextLine>
            <TextLine id="r3l38" custom="readingOrder {index:37;}">
                <Coords points="2920,2555 2955,2543 3002,2561 3072,2544 3174,2556 3274,2545 3313,2557 3313,2518 3277,2510 3225,2505 3210,2519 3130,2503 3024,2519 2989,2505 2970,2517 2920,2508"/>
                <Baseline points="2928,2542 2953,2542 2978,2541 3003,2541 3028,2542 3054,2542 3079,2543 3104,2543 3129,2543 3154,2544 3180,2544 3205,2544 3230,2544 3255,2544 3280,2543 3306,2542"/>
                <TextEquiv>
                    <Unicode>deckt zu haben, und mi</Unicode>
                </TextEquiv>
            </TextLine>
            <TextLine id="r3l39" custom="readingOrder {index:38;}">
                <Coords points="2913,2585 3022,2593 3077,2580 3163,2596 3193,2579 3221,2593 3318,2598 3318,2557 3277,2546 3174,2556 3098,2545 3004,2561 2955,2543 2913,2552"/>
                <Baseline points="2920,2585 2946,2585 2972,2584 2998,2584 3024,2584 3050,2584 3076,2584 3102,2584 3128,2584 3154,2584 3180,2584 3206,2585 3232,2585 3258,2586 3284,2586 3310,2587"/>
                <TextEquiv>
                    <Unicode>wir nur falsche Steine</Unicode>
                </TextEquiv>
            </TextLine>
            <TextLine id="r3l40" custom="readingOrder {index:39;}">
                <Coords points="2918,2638 2999,2653 3067,2639 3097,2653 3206,2653 3276,2631 3323,2649 3323,2591 3220,2593 3196,2580 3163,2596 3116,2585 3100,2597 3078,2582 2918,2588"/>
                <Baseline points="2926,2625 2952,2624 2978,2623 3004,2623 3030,2623 3056,2623 3082,2623 3108,2624 3134,2625 3160,2625 3186,2625 3212,2625 3238,2625 3264,2624 3290,2623 3316,2621"/>
                <TextEquiv>
                    <Unicode>schimmert im Finstern</Unicode>
                </TextEquiv>
            </TextLine>
            <TextLine id="r3l41" custom="readingOrder {index:40;}">
                <Coords points="2987,2737 3038,2754 3061,2741 3113,2740 3169,2754 3199,2755 3213,2743 3284,2752 3319,2745 3320,2711 3297,2712 3278,2694 3208,2712 3135,2691 2988,2695"/>
                <Baseline points="2994,2733 3020,2735 3047,2736 3073,2738 3100,2739 3126,2740 3153,2741 3179,2742 3206,2742 3232,2742 3259,2742 3285,2741 3312,2740"/>
                <TextEquiv>
                    <Unicode>Jeder jugendliche</Unicode>
                </TextEquiv>
            </TextLine>
            <TextLine id="r3l42" custom="readingOrder {index:41;}">
                <Coords points="2918,2784 2983,2791 3039,2777 3071,2791 3104,2781 3128,2796 3165,2782 3183,2797 3224,2781 3317,2789 3317,2747 3305,2745 3170,2755 3135,2740 3061,2741 3038,2754 2996,2736 2918,2741"/>
                <Baseline points="2926,2773 2951,2774 2977,2775 3002,2777 3028,2777 3054,2779 3079,2779 3105,2780 3130,2781 3156,2781 3182,2781 3207,2781 3233,2781 3258,2780 3284,2780 3310,2778"/>
                <TextEquiv>
                    <Unicode>wissen Kargheir an. G</Unicode>
                </TextEquiv>
            </TextLine>
            <TextLine id="r3l43" custom="readingOrder {index:42;}">
                <Coords points="2917,2829 3093,2820 3108,2834 3248,2816 3322,2832 3322,2788 3204,2781 3181,2796 3165,2783 3117,2793 3104,2781 2982,2791 2960,2780 2917,2804"/>
                <Baseline points="2925,2822 2951,2820 2977,2820 3003,2819 3029,2819 3055,2819 3081,2819 3107,2820 3133,2820 3159,2820 3185,2821 3211,2821 3237,2821 3263,2821 3289,2821 3315,2821"/>
                <TextEquiv>
                    <Unicode>gezeigt und es mit ein</Unicode>
                </TextEquiv>
            </TextLine>
            <TextLine id="r3l44" custom="readingOrder {index:43;}">
                <Coords points="2914,2861 3017,2870 3035,2858 3073,2869 3154,2857 3249,2873 3318,2861 3318,2831 3272,2829 3253,2812 3171,2830 3145,2821 3105,2833 3093,2821 2914,2832"/>
                <Baseline points="2921,2858 2946,2857 2972,2857 2998,2857 3024,2857 3050,2858 3076,2858 3102,2859 3128,2859 3154,2860 3180,2860 3206,2860 3232,2860 3258,2859 3284,2858 3310,2856"/>
                <TextEquiv>
                    <Unicode>rasenden, unendlichen</Unicode>
                </TextEquiv>
            </TextLine>
            <TextLine id="r3l45" custom="readingOrder {index:44;}">
                <Coords points="2913,2899 3097,2907 3141,2896 3168,2907 3203,2893 3221,2907 3259,2897 3327,2908 3327,2865 3304,2858 3250,2872 3153,2857 3090,2869 3049,2857 3018,2870 2913,2863"/>
                <Baseline points="2921,2901 2947,2900 2974,2898 3000,2898 3027,2897 3053,2897 3080,2897 3106,2897 3133,2897 3159,2897 3186,2898 3212,2898 3239,2898 3265,2897 3292,2897 3319,2896"/>
                <TextEquiv>
                    <Unicode>Planeten erfüllt zu wer</Unicode>
                </TextEquiv>
            </TextLine>
            <TextLine id="r3l46" custom="readingOrder {index:45;}">
                <Coords points="2910,2960 2944,2938 3115,2948 3157,2931 3183,2949 3230,2937 3326,2951 3326,2907 3303,2915 3264,2898 3224,2908 3206,2896 3169,2907 2910,2896"/>
                <Baseline points="2917,2937 2942,2937 2967,2937 2992,2937 3017,2937 3042,2937 3067,2937 3092,2937 3118,2937 3143,2937 3168,2936 3193,2936 3218,2936 3243,2936 3268,2935 3293,2935 3319,2934"/>
                <TextEquiv>
                    <Unicode>Teufels nach Seelen.</Unicode>
                </TextEquiv>
            </TextLine>
            <TextLine id="r3l47" custom="readingOrder {index:46;}">
                <Coords points="2917,2974 3067,2989 3120,2974 3144,2986 3228,2976 3293,2992 3293,2963 3230,2937 3183,2949 3149,2936 3116,2948 3069,2934 2988,2949 2917,2939"/>
                <Baseline points="2924,2973 2949,2974 2975,2975 3001,2975 3027,2975 3053,2975 3079,2974 3105,2974 3130,2974 3156,2974 3182,2975 3208,2975 3234,2976 3260,2978 3286,2980"/>
                <TextEquiv>
                    <Unicode>ein einziger Tropfen,</Unicode>
                </TextEquiv>
            </TextLine>
            <TextLine id="r3l48" custom="readingOrder {index:47;}">
                <Coords points="3085,3012 3102,3011 3124,3026 3140,3014 3159,3021 3184,3016 3214,3026 3229,3017 3245,3032 3293,3011 3294,2991 3264,2988 3243,2977 3214,2979 3204,2988 3187,2976 3156,2984 3120,2974 3106,2983 3086,2979"/>
                <Baseline points="3093,3010 3120,3011 3147,3012 3175,3013 3202,3014 3230,3014 3257,3016 3285,3017"/>
                <TextEquiv>
                    <Unicode>ein Kelch,</Unicode>
                </TextEquiv>
            </TextLine>
            <TextLine id="r3l49" custom="readingOrder {index:48;}">
                <Coords points="2916,3015 2942,3025 2963,3014 3013,3014 3022,3023 3038,3024 3065,3013 3086,3017 3085,2987 3032,2987 3009,2978 3003,2983 2992,2974 2970,2974 2950,2984 2915,2974"/>
                <Baseline points="2924,3018 2949,3014 2975,3012 3001,3012 3027,3013 3053,3013 3079,3011"/>
                <TextEquiv>
                    <Unicode>geben, —</Unicode>
                </TextEquiv>
            </TextLine>
            <TextLine id="r3l50" custom="readingOrder {index:49;}">
                <Coords points="2926,3057 3043,3057 3063,3072 3122,3045 3148,3064 3200,3053 3237,3061 3256,3046 3294,3057 3294,3022 3279,3016 3245,3032 3232,3018 3122,3024 3100,3010 3037,3024 3013,3014 2927,3020"/>
                <Baseline points="2934,3054 2959,3052 2984,3052 3009,3051 3034,3051 3059,3051 3084,3051 3110,3051 3135,3052 3160,3052 3185,3053 3210,3053 3235,3053 3260,3053 3286,3053"/>
                <TextEquiv>
                    <Unicode>Wasser des Lebens di</Unicode>
                </TextEquiv>
            </TextLine>
            <TextLine id="r3l51" custom="readingOrder {index:50;}">
                <Coords points="2916,3096 2943,3105 3036,3096 3063,3107 3089,3089 3115,3101 3169,3077 3189,3094 3279,3094 3279,3070 3200,3054 3159,3065 3121,3048 3060,3069 3042,3057 2916,3058"/>
                <Baseline points="2923,3092 2949,3092 2976,3092 3003,3092 3030,3092 3056,3092 3083,3092 3110,3092 3137,3092 3163,3092 3190,3092 3217,3093 3244,3093 3271,3093"/>
                <TextEquiv>
                    <Unicode>Hunger, der das</Unicode>
                </TextEquiv>
            </TextLine>
            <TextLine id="r3l52" custom="readingOrder {index:51;}">
                <Coords points="2919,3138 3320,3137 3320,3110 3254,3092 3194,3095 3172,3077 3114,3102 3091,3090 3061,3102 2920,3096"/>
                <Baseline points="2927,3132 2952,3130 2978,3128 3004,3127 3029,3127 3055,3127 3081,3127 3106,3128 3132,3128 3158,3130 3183,3130 3209,3131 3235,3131 3260,3131 3286,3130 3312,3130"/>
                <TextEquiv>
                    <Unicode>Hunger nach Thaten</Unicode>
                </TextEquiv>
            </TextLine>
            <TextLine id="r3l53" custom="readingOrder {index:52;}">
                <Coords points="2915,3179 3074,3168 3096,3183 3162,3170 3273,3183 3331,3170 3331,3140 3239,3133 3217,3145 3154,3129 3140,3141 2967,3132 2915,3143"/>
                <Baseline points="2923,3171 2948,3169 2973,3168 2998,3167 3023,3167 3048,3167 3073,3168 3098,3168 3123,3169 3148,3170 3173,3171 3198,3171 3223,3171 3248,3171 3273,3171 3298,3169 3323,3167"/>
                <TextEquiv>
                    <Unicode>mit der Hand nach dem</Unicode>
                </TextEquiv>
            </TextLine>
            <TextLine id="r3l54" custom="readingOrder {index:53;}">
                <Coords points="2918,3208 2997,3210 3010,3223 3108,3209 3138,3223 3179,3208 3334,3229 3334,3171 3270,3183 3173,3170 3099,3183 3074,3168 2918,3174"/>
                <Baseline points="2925,3209 2950,3208 2975,3208 3000,3207 3025,3207 3050,3207 3075,3207 3100,3207 3125,3207 3150,3208 3175,3208 3200,3208 3225,3209 3250,3209 3275,3209 3300,3209 3326,3210"/>
                <TextEquiv>
                    <Unicode>Räthsel der Gravitatio</Unicode>
                </TextEquiv>
            </TextLine>
            <TextLine id="r3l55" custom="readingOrder {index:54;}">
                <Coords points="2914,3248 3060,3261 3247,3251 3283,3271 3324,3253 3324,3212 3305,3223 3179,3208 3161,3220 3107,3209 3010,3221 2915,3204"/>
                <Baseline points="2922,3246 2948,3246 2974,3247 3000,3247 3027,3247 3053,3247 3079,3248 3105,3248 3132,3248 3158,3248 3184,3248 3210,3248 3237,3248 3263,3248 3289,3249 3316,3249"/>
                <TextEquiv>
                    <Unicode>bei der ersten Bewegun</Unicode>
                </TextEquiv>
            </TextLine>
            <TextLine id="r3l56" custom="readingOrder {index:55;}">
                <Coords points="2913,3289 3022,3300 3075,3286 3170,3303 3191,3289 3230,3290 3253,3305 3303,3300 3303,3274 3245,3251 3069,3260 2912,3247"/>
                <Baseline points="2920,3285 2945,3286 2970,3287 2995,3287 3020,3287 3045,3287 3070,3286 3095,3286 3120,3284 3145,3284 3170,3283 3195,3283 3220,3283 3245,3283 3270,3284 3296,3286"/>
                <TextEquiv>
                    <Unicode>versagen den Dienst.</Unicode>
                </TextEquiv>
            </TextLine>
            <TextLine id="r3l57" custom="readingOrder {index:56;}">
                <Coords points="2927,3328 3004,3333 3034,3321 3104,3341 3171,3322 3227,3339 3323,3332 3323,3295 3305,3290 3164,3300 2927,3289"/>
                <Baseline points="2934,3326 2959,3325 2984,3325 3010,3325 3035,3325 3061,3326 3086,3326 3111,3326 3137,3327 3162,3327 3188,3327 3213,3327 3238,3327 3264,3327 3289,3326 3315,3325"/>
                <TextEquiv>
                    <Unicode>lassen und der sich nun</Unicode>
                </TextEquiv>
            </TextLine>
            <TextLine id="r3l58" custom="readingOrder {index:57;}">
                <Coords points="2917,3369 3191,3378 3205,3367 3329,3382 3330,3335 3215,3339 3171,3322 3104,3341 3034,3322 3004,3334 2917,3324"/>
                <Baseline points="2925,3367 2951,3366 2977,3365 3004,3365 3030,3365 3057,3365 3083,3366 3110,3366 3136,3367 3163,3367 3189,3368 3216,3368 3242,3369 3269,3368 3295,3368 3322,3367"/>
                <TextEquiv>
                    <Unicode>Pöbel von Kaisern gest</Unicode>
                </TextEquiv>
            </TextLine>
            <TextLine id="r3l59" custom="readingOrder {index:58;}">
                <Coords points="2908,3408 3024,3403 3072,3417 3190,3401 3206,3417 3231,3406 3307,3418 3333,3406 3333,3372 3083,3378 3030,3363 2931,3376 2909,3365"/>
                <Baseline points="2916,3401 2941,3402 2967,3402 2992,3403 3018,3403 3043,3403 3069,3404 3094,3404 3120,3404 3146,3404 3171,3405 3197,3405 3222,3405 3248,3405 3273,3405 3299,3405 3325,3405"/>
                <TextEquiv>
                    <Unicode>noch singen die Sirenen</Unicode>
                </TextEquiv>
            </TextLine>
            <TextLine id="r3l60" custom="readingOrder {index:59;}">
                <Coords points="2914,3443 2964,3444 2978,3457 3027,3445 3131,3458 3151,3447 3239,3458 3315,3445 3315,3418 3283,3408 3204,3417 3192,3405 3075,3416 2914,3406"/>
                <Baseline points="2922,3441 2947,3442 2973,3442 2999,3443 3024,3443 3050,3444 3076,3444 3102,3444 3127,3445 3153,3445 3179,3445 3205,3444 3230,3444 3256,3444 3282,3444 3308,3443"/>
                <TextEquiv>
                    <Unicode>Schicksale entsprechend</Unicode>
                </TextEquiv>
            </TextLine>
            <TextLine id="r3l61" custom="readingOrder {index:60;}">
                <Coords points="2906,3478 3024,3496 3039,3484 3133,3495 3171,3480 3188,3495 3229,3484 3306,3494 3320,3492 3321,3445 3234,3458 3218,3447 3132,3458 2906,3447"/>
                <Baseline points="2914,3480 2940,3480 2967,3481 2993,3481 3020,3482 3046,3482 3073,3483 3099,3483 3126,3484 3152,3485 3179,3485 3205,3485 3232,3486 3258,3486 3285,3486 3312,3485"/>
                <TextEquiv>
                    <Unicode>Madchens und jedes Kr</Unicode>
                </TextEquiv>
            </TextLine>
            <TextLine id="r3l62" custom="readingOrder {index:61;}">
                <Coords points="2902,3518 2965,3534 3142,3521 3245,3536 3296,3523 3319,3538 3319,3493 3279,3488 3187,3496 3168,3482 3133,3497 2983,3484 2902,3498"/>
                <Baseline points="2910,3520 2935,3520 2960,3520 2985,3520 3010,3521 3035,3522 3060,3522 3085,3523 3111,3524 3136,3524 3161,3525 3186,3525 3211,3525 3236,3524 3261,3524 3286,3523 3312,3521"/>
                <TextEquiv>
                    <Unicode>verlangenden Heiligeng</Unicode>
                </TextEquiv>
            </TextLine>
            <TextLine id="r3l63" custom="readingOrder {index:62;}">
                <Coords points="2899,3582 3065,3569 3218,3595 3259,3580 3326,3590 3326,3540 3296,3521 3240,3538 3225,3525 3161,3534 3147,3520 2965,3533 2900,3516"/>
                <Baseline points="2907,3564 2932,3562 2958,3561 2984,3560 3010,3559 3035,3559 3061,3559 3087,3559 3113,3560 3138,3560 3164,3562 3190,3562 3216,3563 3241,3564 3267,3564 3293,3565 3319,3565"/>
                <TextEquiv>
                    <Unicode>sten Versprechen idealer</Unicode>
                </TextEquiv>
            </TextLine>
            <TextLine id="r3l64" custom="readingOrder {index:63;}">
                <Coords points="2976,3672 3058,3680 3073,3693 3104,3680 3170,3691 3216,3680 3239,3688 3251,3677 3326,3694 3319,3628 3238,3650 3177,3647 3125,3618 3064,3643 3041,3622 3000,3636 2978,3628"/>
                <Baseline points="2984,3673 3009,3674 3035,3674 3061,3675 3087,3676 3112,3677 3138,3678 3164,3679 3190,3680 3215,3680 3241,3681 3267,3681 3293,3681 3319,3680"/>
                <TextEquiv>
                    <Unicode>Man liest, um die</Unicode>
                </TextEquiv>
            </TextLine>
            <TextLine id="r3l65" custom="readingOrder {index:64;}">
                <Coords points="2909,3726 2984,3715 3053,3732 3080,3712 3119,3728 3157,3715 3330,3734 3331,3699 3255,3677 3234,3689 3114,3679 3074,3691 3055,3679 2983,3688 2950,3669 2910,3686"/>
                <Baseline points="2918,3711 2943,3713 2968,3714 2993,3716 3019,3716 3044,3717 3069,3718 3094,3719 3120,3720 3145,3720 3170,3721 3195,3721 3221,3722 3246,3722 3271,3722 3296,3722 3322,3722"/>
                <TextEquiv>
                    <Unicode>wir diese aber auf Treu</Unicode>
                </TextEquiv>
            </TextLine>
            <TextLine id="r3l66" custom="readingOrder {index:65;}">
                <Coords points="2906,3762 2990,3768 3046,3751 3232,3772 3292,3757 3308,3772 3337,3761 3338,3734 3157,3715 3118,3728 3079,3712 3054,3733 2992,3716 2907,3718"/>
                <Baseline points="2914,3751 2940,3753 2966,3755 2992,3757 3018,3758 3044,3759 3070,3760 3096,3760 3122,3760 3148,3760 3174,3760 3200,3761 3226,3761 3252,3761 3278,3761 3304,3761 3330,3762"/>
                <TextEquiv>
                    <Unicode>unseren eigenen Ideen g#</Unicode>
                </TextEquiv>
            </TextLine>
            <TextLine id="r3l67" custom="readingOrder {index:66;}">
                <Coords points="2910,3797 3171,3806 3224,3790 3265,3807 3308,3797 3299,3756 3232,3772 3046,3751 2989,3768 2911,3756"/>
                <Baseline points="2917,3788 2942,3790 2968,3791 2993,3793 3019,3794 3044,3795 3070,3796 3095,3797 3121,3797 3146,3798 3172,3798 3197,3798 3223,3798 3248,3798 3274,3798 3300,3797"/>
                <TextEquiv>
                    <Unicode>Brocken Anderer und</Unicode>
                </TextEquiv>
            </TextLine>
            <TextLine id="r3l68" custom="readingOrder {index:67;}">
                <Coords points="2914,3835 2950,3846 2964,3834 3126,3836 3158,3848 3287,3832 3343,3870 3345,3782 3245,3810 3202,3798 2915,3797"/>
                <Baseline points="2922,3829 2947,3830 2973,3830 2999,3831 3025,3832 3051,3833 3077,3833 3103,3835 3129,3835 3154,3836 3180,3836 3206,3837 3232,3837 3258,3837 3284,3837 3310,3837 3336,3835"/>
                <TextEquiv>
                    <Unicode>die Gedanken anderer </Unicode>
                </TextEquiv>
            </TextLine>
            <TextLine id="r3l69" custom="readingOrder {index:68;}">
                <Coords points="2908,3876 3013,3886 3092,3875 3172,3889 3213,3875 3324,3879 3324,3851 3294,3837 3213,3848 3188,3837 3159,3847 3127,3836 3000,3841 2980,3828 2949,3841 2909,3835"/>
                <Baseline points="2915,3873 2940,3871 2965,3871 2990,3870 3015,3870 3040,3870 3065,3871 3090,3872 3116,3872 3141,3874 3166,3874 3191,3875 3216,3875 3241,3876 3266,3875 3291,3875 3317,3873"/>
                <TextEquiv>
                    <Unicode>durch selbst denken und</Unicode>
                </TextEquiv>
            </TextLine>
            <TextLine id="r3l70" custom="readingOrder {index:69;}">
                <Coords points="2899,3923 2936,3913 2968,3923 2986,3909 3028,3922 3332,3919 3332,3898 3316,3889 3249,3876 3105,3886 2900,3866"/>
                <Baseline points="2907,3912 2933,3911 2959,3911 2985,3911 3011,3911 3037,3912 3063,3912 3089,3913 3115,3914 3141,3914 3167,3915 3193,3916 3219,3916 3245,3916 3271,3916 3297,3916 3324,3915"/>
                <TextEquiv>
                    <Unicode>sich aufnehmen, ohne zu</Unicode>
                </TextEquiv>
            </TextLine>
            <TextLine id="r3l71" custom="readingOrder {index:70;}">
                <Coords points="2906,3957 3332,3980 3334,3921 2907,3913"/>
                <Baseline points="2914,3949 2939,3948 2965,3949 2991,3949 3016,3950 3042,3952 3068,3952 3093,3953 3119,3955 3145,3956 3170,3958 3196,3958 3222,3959 3247,3959 3273,3958 3299,3957 3325,3956"/>
                <TextEquiv>
                    <Unicode>ist Sache eines Papageis</Unicode>
                </TextEquiv>
            </TextLine>
            <TextLine id="r3l72" custom="readingOrder {index:71;}">
                <Coords points="3148,4123 3170,4121 3207,4139 3236,4134 3255,4146 3280,4133 3335,4135 3336,4077 3282,4077 3259,4064 3219,4060 3192,4064 3181,4074 3151,4070"/>
                <Baseline points="3156,4117 3184,4120 3213,4122 3241,4123 3270,4123 3298,4124 3327,4126"/>
                <TextEquiv>
                    <Unicode>Thea</Unicode>
                </TextEquiv>
            </TextLine>
            <TextLine id="r3l73" custom="readingOrder {index:72;}">
                <Coords points="2992,4202 3057,4209 3242,4196 3295,4213 3306,4202 3344,4209 3345,4165 3326,4168 3310,4152 3266,4165 3210,4133 2993,4140"/>
                <Baseline points="3000,4191 3025,4191 3051,4191 3077,4192 3103,4192 3129,4192 3155,4193 3180,4194 3206,4194 3232,4195 3258,4195 3284,4196 3310,4196 3336,4197"/>
                <TextEquiv>
                    <Unicode>G. Z. Die erste</Unicode>
                </TextEquiv>
            </TextLine>
            <TextLine id="r3l74" custom="readingOrder {index:73;}">
                <Coords points="2898,4247 3335,4246 3336,4210 3148,4196 3117,4209 2991,4210 2899,4183"/>
                <Baseline points="2906,4234 2932,4233 2958,4233 2984,4233 3011,4234 3037,4234 3063,4235 3090,4236 3116,4236 3142,4237 3169,4238 3195,4239 3221,4239 3248,4240 3274,4240 3300,4241 3327,4241"/>
                <TextEquiv>
                    <Unicode>Berliner Theater</Unicode>
                </TextEquiv>
            </TextLine>
            <TextEquiv>
                <Unicode>doch
in Deinen
Deine Zunge still
am nächsten Tage ∆
und welchen Unflath
gefegt, während der
Das Wort ist nur
die Gedanken zu ver
ersticken, so daß ga
groß, aber das sagt
Schweizer Inschrift
Gold, oder besser ge
der Ewigkeit an.
Eine Brust oh
Grund tief ist, liegen
giebt es weite Räu
Wichtigkeit versenkt
einer mächtigen Seh
überwinden, ist ein g#
so Vielen macht ma
des Innern besteht d
welchen die Verschn
Versuche der Anderen
zu verleiten, die Sti
Allem der Aufmerksam
thun soll, muß man
man nicht thun.
Macht nie Besuch
man euch, ihr antwor
euch, .“ ihr hättet y
Debay.
femme.
Sobald wir etw
glauben in die Tiefe
wir wieder an der Ob
an unseren bleichen
entstammt. Wir wäh
deckt zu haben, und mi
wir nur falsche Steine
schimmert im Finstern
Jeder jugendliche
wissen Kargheir an. G
gezeigt und es mit ein
rasenden, unendlichen
Planeten erfüllt zu wer
Teufels nach Seelen.
ein einziger Tropfen,
ein Kelch,
geben, —
Wasser des Lebens di
Hunger, der das
Hunger nach Thaten
mit der Hand nach dem
Räthsel der Gravitatio
bei der ersten Bewegun
versagen den Dienst.
lassen und der sich nun
Pöbel von Kaisern gest
noch singen die Sirenen
Schicksale entsprechend
Madchens und jedes Kr
verlangenden Heiligeng
sten Versprechen idealer
Man liest, um die
wir diese aber auf Treu
unseren eigenen Ideen g#
Brocken Anderer und
die Gedanken anderer 
durch selbst denken und
sich aufnehmen, ohne zu
ist Sache eines Papageis
Thea
G. Z. Die erste
Berliner Theater</Unicode>
            </TextEquiv>
        </TextRegion>
    </Page>
</PcGts>
