<?xml version="1.0" encoding="UTF-8" standalone="yes"?>
<PcGts xmlns="http://schema.primaresearch.org/PAGE/gts/pagecontent/2013-07-15" xmlns:xsi="http://www.w3.org/2001/XMLSchema-instance" xsi:schemaLocation="http://schema.primaresearch.org/PAGE/gts/pagecontent/2013-07-15 http://schema.primaresearch.org/PAGE/gts/pagecontent/2013-07-15/pagecontent.xsd">
    <Metadata>
        <Creator>prov=University of Rostock/Institute of Mathematics/CITlab/Gundram Leifert/gundram.leifert@uni-rostock.de:name=ONB_Newseye_GT_M1+(htr_id=10810)::::v=2.4.2
prov=University of Rostock/Institute of Mathematics/CITlab/Tobias Gruening/tobias.gruening@uni-rostock.de:name=de.uros.citlab.module.baseline2polygon.B2PSeamMultiOriented:v=2.4.2
prov=University of Rostock/Institute of Mathematics/CITlab/Tobias Gruening/tobias.gruening@uni-rostock.de:name=/mnt/transkribus/LA/DEA/URO/LA_news_onb_att.pb:de.uros.citlab.segmentation.CITlab_LA_ML:v=2.4.2
prov=University of Rostock/Institute of Mathematics/CITlab/Tobias Gruening/tobias.gruening@uni-rostock.de:name=/mnt/transkribus/LA/DEA/URO/LA_news_onb_att.pb:de.uros.citlab.segmentation.CITlab_LA_ML:v=2.4.2
Transkribus</Creator>
        <Created>2019-10-07T15:13:52.016+02:00</Created>
        <LastChange>2019-10-09T00:30:21.602+02:00</LastChange>
        <TranskribusMetadata docId="224251" pageId="9514562" pageNr="10" tsid="16617707" status="IN_PROGRESS" userId="40391" imgUrl="https://files.transkribus.eu/Get?id=HYNYBFSSLCXINLVTMLKWZZKW&amp;fileType=view" xmlUrl="https://files.transkribus.eu/Get?id=DCAXWITABLYDSGNRGCPZKABP" imageId="6202796"/>
    </Metadata>
    <Page imageFilename="224251_0010.jpeg" imageWidth="3344" imageHeight="4256">
        <ReadingOrder>
            <OrderedGroup id="ro_1711443445322" caption="Regions reading order">
                <RegionRefIndexed index="0" regionRef="r1"/>
                <RegionRefIndexed index="1" regionRef="r2"/>
            </OrderedGroup>
        </ReadingOrder>
        <TextRegion orientation="0.0" id="r1" custom="readingOrder {index:0;}">
            <Coords points="173,266 173,4202 1512,4202 1512,266"/>
            <TextLine id="r1l1" custom="readingOrder {index:0;}">
                <Coords points="163,307 380,337 1315,311 1315,244 1167,222 1066,268 906,232 815,290 702,243 369,233 312,266 163,238"/>
                <Baseline points="173,287 229,293 286,298 342,302 399,305 455,306 512,308 568,308 625,308 681,307 738,306 795,305 851,303 908,302 964,300 1021,299 1077,298 1134,297 1190,297 1247,297 1304,298"/>
                <TextEquiv>
                    <Unicode>2. Guttings box 37/2</Unicode>
                </TextEquiv>
            </TextLine>
            <TextLine id="r1l2" custom="readingOrder {index:1;}">
                <Coords points="375,1099 437,1127 518,1095 575,1121 909,1112 967,1133 969,1064 954,1061 904,1075 822,1048 792,1065 756,1040 659,1067 578,1038 529,1072 465,1037 377,1026"/>
                <Baseline points="386,1091 414,1094 443,1097 471,1100 500,1102 528,1103 557,1105 585,1106 614,1107 642,1108 671,1109 699,1109 728,1109 756,1110 785,1110 813,1110 842,1111 870,1111 899,1112 927,1113 956,1113"/>
                <TextEquiv>
                    <Unicode>Geitikt</Unicode>
                </TextEquiv>
            </TextLine>
            <TextLine id="r1l3" custom="readingOrder {index:2;}">
                <Coords points="1122,1079 1213,1096 1274,1145 1309,1130 1352,1136 1391,1110 1441,1135 1465,1114 1482,1118 1481,945 1451,956 1424,930 1388,928 1340,939 1312,913 1277,940 1210,931 1158,966 1122,969"/>
                <Baseline points="1134,1117 1160,1117 1186,1117 1212,1118 1238,1118 1264,1118 1290,1119 1316,1118 1342,1118 1368,1118 1394,1117 1420,1116 1446,1115 1473,1113"/>
                <TextEquiv>
                    <Unicode>zur</Unicode>
                </TextEquiv>
            </TextLine>
            <TextLine id="r1l4" custom="readingOrder {index:3;}">
                <Coords points="388,1336 408,1334 429,1350 462,1340 567,1357 611,1354 635,1339 665,1362 683,1345 737,1343 738,1319 697,1313 669,1286 647,1294 611,1269 572,1266 561,1276 514,1264 479,1276 449,1264 416,1278 390,1267"/>
                <Baseline points="400,1327 425,1328 450,1329 475,1330 500,1330 525,1330 550,1331 576,1332 601,1332 626,1333 651,1334 676,1336 701,1337 727,1340"/>
                <TextEquiv>
                    <Unicode>Nr. 29a.</Unicode>
                </TextEquiv>
            </TextLine>
            <TextLine id="r1l5" custom="readingOrder {index:4;}">
                <Coords points="289,1426 325,1416 308,1336 293,1339 284,1352 274,1354"/>
                <Baseline points="294,1402 309,1399"/>
                <TextEquiv>
                    <Unicode>2</Unicode>
                </TextEquiv>
            </TextLine>
            <TextLine id="r1l6" custom="readingOrder {index:5;}">
                <Coords points="931,1506 1111,1519 1163,1508 1227,1526 1243,1513 1373,1512 1373,1480 1271,1468 1222,1442 1152,1467 1115,1456 1085,1473 1055,1451 1020,1472 931,1469"/>
                <Baseline points="941,1501 967,1501 993,1502 1019,1503 1046,1504 1072,1504 1098,1505 1125,1505 1151,1506 1177,1506 1204,1506 1230,1506 1256,1506 1283,1506 1309,1505 1335,1504 1362,1503"/>
                <TextEquiv>
                    <Unicode>So sind die Menschen!</Unicode>
                </TextEquiv>
            </TextLine>
            <TextLine id="r1l7" custom="readingOrder {index:6;}">
                <Coords points="936,1551 1211,1560 1224,1547 1295,1546 1397,1564 1397,1514 1367,1509 1224,1526 1202,1510 1111,1520 936,1506"/>
                <Baseline points="946,1544 971,1544 997,1544 1023,1544 1049,1545 1075,1545 1100,1546 1126,1547 1152,1548 1178,1548 1204,1549 1230,1549 1255,1549 1281,1549 1307,1548 1333,1547 1359,1545 1385,1543"/>
                <TextEquiv>
                    <Unicode>Sie suchen früh und spat</Unicode>
                </TextEquiv>
            </TextLine>
            <TextLine id="r1l8" custom="readingOrder {index:7;}">
                <Coords points="926,1587 1092,1598 1179,1588 1242,1601 1270,1589 1334,1618 1378,1609 1378,1560 1311,1548 989,1557 926,1546"/>
                <Baseline points="936,1584 961,1583 986,1583 1012,1582 1037,1582 1063,1582 1088,1582 1113,1582 1139,1583 1164,1583 1190,1584 1215,1584 1240,1585 1266,1585 1291,1586 1317,1586 1342,1587 1368,1588"/>
                <TextEquiv>
                    <Unicode>Das Bittere im Kelche;</Unicode>
                </TextEquiv>
            </TextLine>
            <TextLine id="r1l9" custom="readingOrder {index:8;}">
                <Coords points="927,1623 1083,1637 1137,1618 1206,1641 1273,1629 1314,1638 1349,1628 1350,1604 1298,1590 1239,1600 1174,1586 1010,1597 928,1587"/>
                <Baseline points="938,1621 963,1622 988,1622 1013,1623 1038,1623 1063,1624 1088,1624 1113,1625 1138,1625 1163,1626 1188,1626 1213,1626 1238,1627 1263,1627 1288,1627 1313,1627 1338,1627"/>
                <TextEquiv>
                    <Unicode>Wer keine Plage hat,</Unicode>
                </TextEquiv>
            </TextLine>
            <TextLine id="r1l10" custom="readingOrder {index:9;}">
                <Coords points="922,1682 981,1670 1006,1681 1033,1666 1106,1695 1130,1678 1208,1688 1255,1671 1322,1687 1357,1666 1358,1616 1316,1639 1291,1628 1213,1643 1137,1618 1083,1637 923,1626"/>
                <Baseline points="932,1660 957,1661 983,1662 1009,1663 1035,1664 1061,1665 1087,1665 1113,1666 1139,1666 1164,1667 1190,1667 1216,1667 1242,1667 1268,1666 1294,1666 1320,1665 1346,1664"/>
                <TextEquiv>
                    <Unicode>Der macht sich welche.</Unicode>
                </TextEquiv>
            </TextLine>
            <TextLine id="r1l11" custom="readingOrder {index:10;}">
                <Coords points="1209,1714 1227,1712 1246,1726 1268,1724 1298,1739 1322,1725 1342,1732 1363,1721 1378,1731 1400,1724 1413,1735 1439,1733 1438,1663 1421,1666 1397,1655 1384,1664 1362,1653 1324,1686 1304,1678 1278,1687 1261,1674 1209,1679"/>
                <Baseline points="1221,1715 1246,1715 1272,1715 1298,1715 1324,1715 1349,1714 1375,1714 1401,1713 1427,1712"/>
                <TextEquiv>
                    <Unicode>Kotzebue.</Unicode>
                </TextEquiv>
            </TextLine>
            <TextLine id="r1l12" custom="readingOrder {index:11;}">
                <Coords points="1068,1842 1087,1842 1107,1830 1118,1830 1139,1849 1172,1843 1172,1785 1157,1785 1144,1771 1125,1780 1110,1780 1105,1775 1099,1782 1081,1773 1068,1773"/>
                <Baseline points="1079,1819 1106,1818 1133,1819 1161,1819"/>
                <TextEquiv>
                    <Unicode>**)</Unicode>
                </TextEquiv>
            </TextLine>
            <TextLine id="r1l13" custom="readingOrder {index:12;}">
                <Coords points="598,1853 645,1874 725,1858 778,1876 866,1851 983,1880 1043,1848 1072,1852 1070,1772 1038,1786 997,1760 925,1757 904,1779 852,1784 798,1763 748,1782 717,1769 597,1821"/>
                <Baseline points="609,1861 634,1858 659,1856 684,1854 709,1853 734,1851 759,1851 784,1850 809,1850 835,1850 860,1850 885,1851 910,1851 935,1851 960,1851 985,1851 1010,1850 1035,1850 1061,1849"/>
                <TextEquiv>
                    <Unicode>„Jung=Wien.“</Unicode>
                </TextEquiv>
            </TextLine>
            <TextLine id="r1l14" custom="readingOrder {index:13;}">
                <Coords points="420,1931 1315,1944 1360,1934 1361,1897 1292,1868 960,1869 923,1893 727,1857 421,1870"/>
                <Baseline points="432,1915 477,1916 523,1917 569,1918 615,1918 661,1919 707,1920 753,1921 799,1922 845,1923 891,1924 936,1924 982,1925 1028,1926 1074,1926 1120,1927 1166,1927 1212,1927 1258,1927 1304,1927 1350,1927"/>
                <TextEquiv>
                    <Unicode>Studienblätter von Theodor v. Sesnosky.</Unicode>
                </TextEquiv>
            </TextLine>
            <TextLine id="r1l15" custom="readingOrder {index:14;}">
                <Coords points="359,1972 967,2006 1431,2008 1498,1977 1423,1924 1342,1958 360,1931"/>
                <Baseline points="370,1976 425,1977 481,1979 537,1981 593,1982 649,1983 705,1984 760,1985 816,1986 872,1987 928,1987 984,1988 1040,1988 1096,1988 1151,1989 1207,1989 1263,1988 1319,1988 1375,1988 1431,1988 1487,1987"/>
                <TextEquiv>
                    <Unicode>Der dekadenteste Autor von ganz „Jung=Wien“ und zu¬</Unicode>
                </TextEquiv>
            </TextLine>
            <TextLine id="r1l16" custom="readingOrder {index:15;}">
                <Coords points="269,2040 1481,2051 1497,1995 270,1971"/>
                <Baseline points="280,2024 340,2025 400,2025 460,2026 521,2026 581,2027 641,2028 702,2028 762,2029 822,2030 883,2031 943,2031 1003,2032 1063,2032 1124,2033 1184,2033 1244,2034 1305,2034 1365,2034 1425,2034 1486,2034"/>
                <TextEquiv>
                    <Unicode>gleich der drolligste ist unstreitig Peter Altenberg. Sucht</Unicode>
                </TextEquiv>
            </TextLine>
            <TextLine id="r1l17" custom="readingOrder {index:16;}">
                <Coords points="275,2071 1496,2094 1496,2040 1355,2032 275,2042"/>
                <Baseline points="286,2068 346,2068 406,2068 466,2069 526,2070 586,2071 646,2071 706,2073 766,2074 826,2075 886,2076 946,2077 1006,2078 1066,2079 1126,2079 1186,2080 1246,2079 1306,2079 1366,2078 1426,2077 1486,2075"/>
                <TextEquiv>
                    <Unicode>Hofmannsthal durch schöne Worte zu wirken, so trachtet</Unicode>
                </TextEquiv>
            </TextLine>
            <TextLine id="r1l18" custom="readingOrder {index:17;}">
                <Coords points="277,2115 1500,2146 1501,2083 278,2069"/>
                <Baseline points="289,2108 349,2109 409,2110 469,2111 529,2112 589,2113 649,2114 709,2115 769,2116 829,2117 889,2118 949,2119 1009,2119 1069,2120 1129,2121 1189,2121 1249,2122 1309,2122 1369,2123 1429,2123 1490,2123"/>
                <TextEquiv>
                    <Unicode>Dieser durch Gedankenstriche, Ausrufungs= und Fragezeichen</Unicode>
                </TextEquiv>
            </TextLine>
            <TextLine id="r1l19" custom="readingOrder {index:18;}">
                <Coords points="278,2155 1488,2185 1508,2149 278,2116"/>
                <Baseline points="288,2152 348,2154 408,2156 469,2157 529,2158 590,2159 650,2160 711,2161 771,2162 832,2162 892,2163 952,2163 1013,2164 1073,2164 1134,2164 1194,2165 1255,2165 1315,2166 1376,2166 1436,2167 1497,2167"/>
                <TextEquiv>
                    <Unicode>Effekt zu machen; liegt die Mystik bei Hofmannsthal in</Unicode>
                </TextEquiv>
            </TextLine>
            <TextLine id="r1l20" custom="readingOrder {index:19;}">
                <Coords points="273,2217 1494,2235 1495,2185 274,2163"/>
                <Baseline points="284,2197 344,2198 404,2198 464,2199 524,2200 584,2201 644,2201 704,2202 764,2203 824,2204 884,2205 944,2206 1004,2207 1064,2208 1124,2209 1184,2210 1244,2211 1304,2211 1364,2212 1424,2213 1484,2213"/>
                <TextEquiv>
                    <Unicode>Dem, was er sogt, so ist sie bei Altenberg in Dem vorhanden,</Unicode>
                </TextEquiv>
            </TextLine>
            <TextLine id="r1l21" custom="readingOrder {index:20;}">
                <Coords points="268,2235 1500,2263 1423,2213 269,2200"/>
                <Baseline points="280,2240 340,2241 401,2243 461,2244 522,2245 582,2246 643,2247 703,2248 764,2249 824,2250 885,2251 945,2252 1006,2252 1066,2253 1127,2253 1187,2253 1248,2253 1308,2253 1369,2253 1429,2252 1490,2252"/>
                <TextEquiv>
                    <Unicode>was er nicht sagt. Er begnügt sich mit geheimnißvollen An¬</Unicode>
                </TextEquiv>
            </TextLine>
            <TextLine id="r1l22" custom="readingOrder {index:21;}">
                <Coords points="271,2294 1503,2324 1497,2254 272,2242"/>
                <Baseline points="283,2287 343,2287 403,2287 464,2288 524,2288 585,2289 645,2289 706,2290 766,2291 827,2292 887,2293 947,2293 1008,2294 1068,2295 1129,2296 1189,2297 1250,2297 1310,2298 1371,2299 1431,2299 1492,2300"/>
                <TextEquiv>
                    <Unicode>deutungen, die er mit köstlicher Wichtigkeit und Prätension giebt</Unicode>
                </TextEquiv>
            </TextLine>
            <TextLine id="r1l23" custom="readingOrder {index:22;}">
                <Coords points="276,2325 1495,2355 1495,2305 1420,2300 276,2297"/>
                <Baseline points="286,2329 345,2329 405,2330 465,2330 525,2331 585,2332 645,2333 705,2334 765,2335 825,2337 885,2338 944,2339 1004,2340 1064,2341 1124,2342 1184,2343 1244,2344 1304,2344 1364,2344 1424,2344 1484,2343"/>
                <TextEquiv>
                    <Unicode>und die ihn offenbar überaus poctisch und geistvoll dünken,</Unicode>
                </TextEquiv>
            </TextLine>
            <TextLine id="r1l24" custom="readingOrder {index:23;}">
                <Coords points="275,2376 1496,2394 1475,2331 1191,2367 275,2341"/>
                <Baseline points="285,2374 345,2375 405,2376 465,2376 525,2377 585,2378 645,2379 705,2380 765,2381 825,2382 885,2383 945,2383 1005,2384 1065,2384 1125,2385 1185,2385 1245,2386 1305,2386 1365,2386 1425,2386 1486,2386"/>
                <TextEquiv>
                    <Unicode>deren Gedankenflug der nur“ normal und nicht dekadent</Unicode>
                </TextEquiv>
            </TextLine>
            <TextLine id="r1l25" custom="readingOrder {index:24;}">
                <Coords points="274,2428 1491,2447 1485,2386 275,2381"/>
                <Baseline points="285,2418 344,2419 404,2420 464,2421 524,2422 584,2423 643,2424 703,2425 763,2425 823,2426 883,2427 942,2427 1002,2428 1062,2429 1122,2429 1182,2430 1241,2430 1301,2431 1361,2432 1421,2432 1481,2433"/>
                <TextEquiv>
                    <Unicode>denkende Leser aber oft nicht zu folgen vermag. Ebenso sehr</Unicode>
                </TextEquiv>
            </TextLine>
            <TextLine id="r1l26" custom="readingOrder {index:25;}">
                <Coords points="264,2473 1498,2481 1498,2444 1386,2434 265,2419"/>
                <Baseline points="276,2462 336,2463 397,2465 457,2466 518,2468 578,2469 639,2469 699,2470 760,2470 820,2471 881,2471 942,2471 1002,2472 1063,2472 1123,2472 1184,2473 1244,2473 1305,2474 1365,2474 1426,2476 1487,2477"/>
                <TextEquiv>
                    <Unicode>wie die geheimnißoollen Gedankenstriche liebt Altenberg die</Unicode>
                </TextEquiv>
            </TextLine>
            <TextLine id="r1l27" custom="readingOrder {index:26;}">
                <Coords points="281,2518 1506,2521 1506,2484 1407,2474 281,2475"/>
                <Baseline points="292,2507 352,2508 412,2510 472,2511 532,2511 592,2512 652,2513 713,2514 773,2515 833,2515 893,2516 953,2516 1013,2517 1073,2517 1134,2517 1194,2518 1254,2518 1314,2518 1374,2518 1434,2518 1495,2518"/>
                <TextEquiv>
                    <Unicode>Wiederholung. Einzelne Worte, Phrasen oder ganze Sätze</Unicode>
                </TextEquiv>
            </TextLine>
            <TextLine id="r1l28" custom="readingOrder {index:27;}">
                <Coords points="275,2555 1351,2581 1505,2566 1506,2522 276,2519"/>
                <Baseline points="286,2551 346,2552 406,2552 467,2553 527,2554 588,2554 648,2555 708,2556 769,2557 829,2558 890,2559 950,2560 1010,2560 1071,2561 1131,2561 1192,2562 1252,2562 1312,2562 1373,2562 1433,2561 1494,2560"/>
                <TextEquiv>
                    <Unicode>tauchen immer wieder auf, sollen wohl so eine Art Refrain</Unicode>
                </TextEquiv>
            </TextLine>
            <TextLine id="r1l29" custom="readingOrder {index:28;}">
                <Coords points="273,2599 1500,2631 1483,2565 273,2573"/>
                <Baseline points="284,2595 344,2596 404,2596 464,2597 525,2598 585,2598 645,2599 706,2600 766,2601 826,2602 887,2603 947,2604 1007,2605 1067,2606 1128,2606 1188,2606 1248,2606 1309,2606 1369,2606 1429,2605 1490,2603"/>
                <TextEquiv>
                    <Unicode>oder Leitmotiv sein, erzielen aber durchaus nicht den natür¬</Unicode>
                </TextEquiv>
            </TextLine>
            <TextLine id="r1l30" custom="readingOrder {index:29;}">
                <Coords points="269,2650 1321,2668 1460,2665 1506,2624 270,2600"/>
                <Baseline points="280,2638 340,2639 401,2641 462,2642 522,2643 583,2644 644,2644 704,2645 765,2646 826,2647 887,2647 947,2648 1008,2648 1069,2649 1129,2649 1190,2649 1251,2649 1311,2649 1372,2649 1433,2649 1494,2649"/>
                <TextEquiv>
                    <Unicode>lichen ungezwungenen Eindruck, den ein Kehrreim im Gedicht,</Unicode>
                </TextEquiv>
            </TextLine>
            <TextLine id="r1l31" custom="readingOrder {index:30;}">
                <Coords points="273,2698 1282,2714 1494,2703 1495,2668 274,2653"/>
                <Baseline points="285,2684 348,2684 411,2685 474,2686 537,2686 600,2687 663,2688 726,2689 789,2690 852,2691 916,2692 979,2692 1042,2693 1105,2693 1168,2694 1231,2694 1294,2694 1357,2694 1420,2693 1484,2692"/>
                <TextEquiv>
                    <Unicode>eine Leitmelodie im Musikstück zu machen pflegen, sondern</Unicode>
                </TextEquiv>
            </TextLine>
            <TextLine id="r1l32" custom="readingOrder {index:31;}">
                <Coords points="274,2722 1491,2742 1461,2697 275,2698"/>
                <Baseline points="285,2730 344,2730 404,2731 464,2731 524,2731 583,2731 643,2732 703,2732 763,2733 822,2733 882,2734 942,2734 1002,2735 1061,2735 1121,2736 1181,2736 1241,2737 1300,2738 1360,2738 1420,2739 1480,2740"/>
                <TextEquiv>
                    <Unicode>nehmen sich wie lästige Zwangsoorstellungen aus, deren sich</Unicode>
                </TextEquiv>
            </TextLine>
            <TextLine id="r1l33" custom="readingOrder {index:32;}">
                <Coords points="270,2773 1504,2799 1481,2743 271,2719"/>
                <Baseline points="282,2767 342,2769 403,2771 463,2772 524,2774 585,2775 645,2776 706,2777 766,2778 827,2778 888,2779 948,2780 1009,2780 1069,2781 1130,2782 1191,2782 1251,2783 1312,2784 1372,2785 1433,2786 1494,2787"/>
                <TextEquiv>
                    <Unicode>der Autor nicht erwehren kann. Auch er hat nur ganz wenig</Unicode>
                </TextEquiv>
            </TextLine>
            <TextLine id="r1l34" custom="readingOrder {index:33;}">
                <Coords points="266,2827 1498,2839 1418,2784 266,2797"/>
                <Baseline points="276,2818 336,2819 397,2819 457,2820 518,2820 579,2821 639,2821 700,2822 760,2822 821,2823 882,2823 942,2824 1003,2825 1063,2825 1124,2825 1185,2826 1245,2826 1306,2826 1366,2827 1427,2827 1488,2827"/>
                <TextEquiv>
                    <Unicode>geschrieben, wenigstens veröffentlicht; obwohl er schon den</Unicode>
                </TextEquiv>
            </TextLine>
            <TextLine id="r1l35" custom="readingOrder {index:34;}">
                <Coords points="278,2873 1218,2868 1192,2826 278,2828"/>
                <Baseline points="288,2862 333,2863 379,2863 425,2864 471,2865 517,2865 563,2866 609,2867 655,2868 701,2868 747,2869 792,2870 838,2870 884,2870 930,2870 976,2870 1022,2870 1068,2870 1114,2869 1160,2868 1206,2867"/>
                <TextEquiv>
                    <Unicode>vierzig nahe ist, nur zwei schmächtige Bücher.</Unicode>
                </TextEquiv>
            </TextLine>
            <TextLine id="r1l36" custom="readingOrder {index:35;}">
                <Coords points="1248,2882 1298,2872 1313,2884 1329,2869 1367,2891 1391,2878 1415,2888 1446,2875 1465,2882 1489,2874 1490,2833 1433,2838 1397,2824 1381,2835 1362,2828 1336,2847 1301,2829 1249,2826"/>
                <Baseline points="1260,2867 1287,2868 1314,2869 1341,2869 1369,2870 1396,2871 1423,2871 1450,2871 1478,2870"/>
                <TextEquiv>
                    <Unicode>Sie heißen</Unicode>
                </TextEquiv>
            </TextLine>
            <TextLine id="r1l37" custom="readingOrder {index:36;}">
                <Coords points="276,2919 1109,2934 1241,2898 1497,2927 1497,2879 1328,2868 276,2874"/>
                <Baseline points="286,2907 346,2908 406,2909 466,2910 526,2911 586,2911 646,2911 706,2912 766,2912 826,2912 886,2912 946,2912 1006,2911 1066,2911 1126,2911 1186,2911 1246,2911 1306,2912 1366,2912 1426,2913 1486,2913"/>
                <TextEquiv>
                    <Unicode>„Wie ich es sehe" und „Ashantee"**) Im ersten</Unicode>
                </TextEquiv>
            </TextLine>
            <TextLine id="r1l38" custom="readingOrder {index:37;}">
                <Coords points="271,2953 1477,2973 1495,2926 271,2916"/>
                <Baseline points="281,2952 341,2952 401,2952 461,2952 521,2952 581,2952 641,2953 702,2953 762,2954 822,2955 882,2956 942,2957 1002,2957 1062,2958 1123,2958 1183,2959 1243,2959 1303,2959 1363,2959 1423,2959 1484,2958"/>
                <TextEquiv>
                    <Unicode>offenbart er dem Publikum seine sonderbare Art,</Unicode>
                </TextEquiv>
            </TextLine>
            <TextLine id="r1l39" custom="readingOrder {index:38;}">
                <Coords points="267,3005 825,3016 875,2984 1094,3023 1364,2991 1505,3031 1505,2966 267,2962"/>
                <Baseline points="278,2994 338,2994 399,2995 460,2996 521,2996 582,2997 642,2998 703,2999 764,3000 825,3001 886,3001 946,3002 1007,3003 1068,3003 1129,3003 1190,3004 1250,3004 1311,3003 1372,3003 1433,3002 1494,3002"/>
                <TextEquiv>
                    <Unicode>die Welt zu sehen, im zweiten bekräftigt er dies</Unicode>
                </TextEquiv>
            </TextLine>
            <TextLine id="r1l40" custom="readingOrder {index:39;}">
                <Coords points="277,3041 1489,3062 1490,3013 277,3002"/>
                <Baseline points="288,3039 347,3039 407,3040 466,3041 526,3041 585,3042 645,3042 704,3043 764,3043 823,3044 883,3044 942,3045 1002,3045 1061,3045 1121,3045 1180,3045 1240,3045 1299,3045 1359,3045 1418,3044 1478,3044"/>
                <TextEquiv>
                    <Unicode>in noch drastischerer Form. Das Buch „Ashantee“ ist ein</Unicode>
                </TextEquiv>
            </TextLine>
            <TextLine id="r1l41" custom="readingOrder {index:40;}">
                <Coords points="277,3097 1489,3108 1489,3049 277,3041"/>
                <Baseline points="288,3083 347,3084 407,3085 466,3085 526,3086 585,3087 645,3087 704,3087 764,3088 823,3088 883,3088 942,3089 1002,3089 1061,3089 1121,3089 1180,3089 1240,3089 1299,3089 1359,3090 1418,3090 1478,3090"/>
                <TextEquiv>
                    <Unicode>Unikum und verdient darum eine eingehendere Beachtung:</Unicode>
                </TextEquiv>
            </TextLine>
            <TextLine id="r1l42" custom="readingOrder {index:41;}">
                <Coords points="268,3137 1491,3152 1491,3107 1409,3095 268,3091"/>
                <Baseline points="278,3126 338,3127 398,3127 458,3128 518,3129 578,3130 638,3130 698,3130 758,3131 818,3131 879,3131 939,3131 999,3132 1059,3132 1119,3132 1179,3132 1239,3132 1299,3133 1359,3133 1419,3134 1480,3134"/>
                <TextEquiv>
                    <Unicode>Auf dem Titelblatte steht bloß: Peter Altenberg=Ashantee;</Unicode>
                </TextEquiv>
            </TextLine>
            <TextLine id="r1l43" custom="readingOrder {index:42;}">
                <Coords points="266,3185 1492,3200 1492,3142 1436,3139 267,3135"/>
                <Baseline points="278,3171 338,3171 398,3172 458,3172 518,3173 578,3174 638,3174 698,3175 758,3175 818,3176 879,3176 939,3177 999,3177 1059,3178 1119,3178 1179,3179 1239,3179 1299,3180 1359,3180 1419,3181 1480,3182"/>
                <TextEquiv>
                    <Unicode>auf dem nächsten Blatt ein Motto, von ihm selber verfaß.;</Unicode>
                </TextEquiv>
            </TextLine>
            <TextLine id="r1l44" custom="readingOrder {index:43;}">
                <Coords points="277,3217 1498,3239 1488,3180 278,3182"/>
                <Baseline points="288,3214 348,3215 408,3216 468,3217 528,3218 588,3218 648,3219 708,3220 768,3220 828,3220 888,3221 948,3221 1008,3222 1068,3222 1128,3222 1188,3223 1248,3223 1308,3223 1368,3223 1428,3223 1488,3223"/>
                <TextEquiv>
                    <Unicode>auf dem dritten: „Ashantee (im Wiener Thiergarten bei</Unicode>
                </TextEquiv>
            </TextLine>
            <TextLine id="r1l45" custom="readingOrder {index:44;}">
                <Coords points="267,3263 1488,3283 1488,3233 267,3215"/>
                <Baseline points="277,3260 337,3259 397,3259 457,3260 517,3260 577,3261 637,3262 697,3263 757,3264 817,3265 877,3266 937,3267 997,3268 1057,3269 1117,3269 1177,3269 1237,3269 1297,3269 1357,3268 1417,3266 1478,3264"/>
                <TextEquiv>
                    <Unicode>den Negern der Goldküste, Westküste.) Meinen schwarzen</Unicode>
                </TextEquiv>
            </TextLine>
            <TextLine id="r1l46" custom="readingOrder {index:45;}">
                <Coords points="268,3309 1429,3305 1429,3268 268,3266"/>
                <Baseline points="280,3304 336,3304 393,3304 450,3304 507,3304 564,3305 621,3305 678,3306 735,3307 792,3307 849,3308 905,3309 962,3309 1019,3309 1076,3309 1133,3309 1190,3309 1247,3308 1304,3307 1361,3306 1418,3304"/>
                <TextEquiv>
                    <Unicode>Freundinnen, den unvergeßlichen „Paradieses=Menschen“ A.</Unicode>
                </TextEquiv>
            </TextLine>
            <TextLine id="r1l47" custom="readingOrder {index:46;}">
                <Coords points="265,3344 880,3372 1175,3342 1244,3371 1488,3365 1489,3326 266,3313"/>
                <Baseline points="277,3345 337,3346 397,3346 457,3347 517,3347 577,3348 637,3349 697,3350 757,3351 817,3352 877,3353 937,3354 997,3354 1057,3355 1117,3356 1177,3356 1237,3356 1297,3356 1357,3356 1417,3356 1478,3355"/>
                <TextEquiv>
                    <Unicode>Aköshia, Tiöko, Dj0jö, Nah=Badüh gewidmet“ an dem vienen</Unicode>
                </TextEquiv>
            </TextLine>
            <TextLine id="r1l48" custom="readingOrder {index:47;}">
                <Coords points="276,3399 1499,3427 1471,3364 1173,3342 276,3358"/>
                <Baseline points="287,3389 347,3390 407,3392 467,3393 527,3394 587,3395 647,3395 707,3396 767,3397 827,3398 887,3398 947,3398 1007,3399 1067,3399 1127,3399 1187,3400 1247,3400 1307,3400 1367,3400 1427,3400 1488,3400"/>
                <TextEquiv>
                    <Unicode>Blatte steht wieder „Ashantee, (im Wiener Thierga#ten bei den</Unicode>
                </TextEquiv>
            </TextLine>
            <TextLine id="r1l49" custom="readingOrder {index:48;}">
                <Coords points="279,3438 1505,3450 1388,3403 279,3399"/>
                <Baseline points="289,3433 349,3434 409,3436 469,3437 530,3438 590,3439 650,3440 710,3441 771,3441 831,3442 891,3442 951,3443 1012,3443 1072,3443 1132,3443 1192,3443 1253,3443 1313,3443 1373,3443 1433,3443 1494,3444"/>
                <TextEquiv>
                    <Unicode>Negern der Goldküste, Westküste); auf dem fünften endlich der</Unicode>
                </TextEquiv>
            </TextLine>
            <TextLine id="r1l50" custom="readingOrder {index:49;}">
                <Coords points="277,3483 1498,3492 1498,3444 277,3444"/>
                <Baseline points="288,3480 347,3481 407,3482 467,3482 527,3483 587,3483 647,3484 707,3484 767,3485 827,3485 887,3486 946,3486 1006,3486 1066,3486 1126,3487 1186,3487 1246,3487 1306,3487 1366,3487 1426,3487 1486,3487"/>
                <TextEquiv>
                    <Unicode>Artikel „Ashantee“ nebst Band= und Seitenzahl aus Meyers</Unicode>
                </TextEquiv>
            </TextLine>
            <TextLine id="r1l51" custom="readingOrder {index:50;}">
                <Coords points="270,3527 1493,3541 1476,3488 270,3492"/>
                <Baseline points="280,3525 340,3526 400,3526 460,3527 520,3527 580,3528 640,3529 700,3529 760,3530 820,3530 881,3531 941,3531 1001,3532 1061,3532 1121,3533 1181,3533 1241,3533 1301,3533 1361,3534 1421,3534 1482,3533"/>
                <TextEquiv>
                    <Unicode>Konversationslexikon. Nachdem der Leser so gebührend auf</Unicode>
                </TextEquiv>
            </TextLine>
            <TextLine id="r1l52" custom="readingOrder {index:51;}">
                <Coords points="270,3575 1502,3586 1502,3552 1295,3529 271,3534"/>
                <Baseline points="281,3573 341,3572 402,3572 462,3572 523,3572 583,3573 644,3573 704,3573 765,3574 825,3574 886,3575 946,3575 1007,3576 1067,3576 1128,3576 1188,3576 1249,3576 1309,3576 1370,3575 1430,3575 1491,3574"/>
                <TextEquiv>
                    <Unicode>das große Werk vorbereitet ist, darf er endlich das Allerheiligste</Unicode>
                </TextEquiv>
            </TextLine>
            <TextLine id="r1l53" custom="readingOrder {index:52;}">
                <Coords points="267,3624 1492,3645 1493,3595 267,3578"/>
                <Baseline points="278,3615 338,3616 398,3616 458,3616 518,3617 579,3618 639,3618 699,3619 759,3620 819,3620 880,3621 940,3622 1000,3622 1060,3622 1120,3623 1181,3623 1241,3623 1301,3622 1361,3622 1421,3621 1482,3620"/>
                <TextEquiv>
                    <Unicode>betreten. Was er da zu sehen bekommt, ist auch wahrlich</Unicode>
                </TextEquiv>
            </TextLine>
            <TextLine id="r1l54" custom="readingOrder {index:53;}">
                <Coords points="277,3665 1359,3680 1495,3674 1496,3646 277,3622"/>
                <Baseline points="288,3660 347,3659 407,3659 467,3659 527,3660 587,3660 646,3661 706,3662 766,3662 826,3663 886,3664 945,3664 1005,3665 1065,3665 1125,3665 1185,3666 1244,3665 1304,3665 1364,3665 1424,3664 1484,3663"/>
                <TextEquiv>
                    <Unicode>nicht alltäglich: es sind Stimmungsbilder aus dem Ashantee¬</Unicode>
                </TextEquiv>
            </TextLine>
            <TextLine id="r1l55" custom="readingOrder {index:54;}">
                <Coords points="275,3708 1494,3728 1481,3670 275,3669"/>
                <Baseline points="285,3703 348,3703 411,3703 474,3703 537,3704 600,3704 663,3705 726,3705 789,3706 852,3707 916,3707 979,3708 1042,3708 1105,3709 1168,3709 1231,3709 1294,3709 1357,3708 1420,3708 1484,3707"/>
                <TextEquiv>
                    <Unicode>dorfe im Prater, Gespräche zwischen den angewidmeten dunkeln</Unicode>
                </TextEquiv>
            </TextLine>
            <TextLine id="r1l56" custom="readingOrder {index:55;}">
                <Coords points="276,3743 1425,3772 1494,3766 1495,3705 276,3708"/>
                <Baseline points="286,3745 345,3745 405,3745 465,3746 525,3747 585,3747 645,3748 705,3749 765,3750 825,3751 885,3752 944,3752 1004,3753 1064,3753 1124,3753 1184,3753 1244,3752 1304,3752 1364,3751 1424,3750 1484,3748"/>
                <TextEquiv>
                    <Unicode>Damen und Peter A. (so nennt sich Altenberg merkwürdiger</Unicode>
                </TextEquiv>
            </TextLine>
            <TextLine id="r1l57" custom="readingOrder {index:56;}">
                <Coords points="266,3801 1485,3807 1485,3764 1410,3757 267,3762"/>
                <Baseline points="278,3788 337,3789 397,3789 457,3790 517,3791 577,3792 637,3792 696,3793 756,3794 816,3794 876,3795 936,3795 996,3796 1056,3796 1115,3796 1175,3796 1235,3795 1295,3795 1355,3794 1415,3793 1475,3792"/>
                <TextEquiv>
                    <Unicode>Weise stets, wenn er selber auftritt); ferner enthält dies sonder¬</Unicode>
                </TextEquiv>
            </TextLine>
            <TextLine id="r1l58" custom="readingOrder {index:57;}">
                <Coords points="277,3841 1494,3843 1492,3801 277,3800"/>
                <Baseline points="288,3833 347,3833 407,3834 467,3834 527,3835 586,3836 646,3837 706,3837 766,3838 825,3839 885,3839 945,3840 1005,3841 1064,3841 1124,3842 1184,3842 1244,3842 1303,3842 1363,3842 1423,3841 1483,3840"/>
                <TextEquiv>
                    <Unicode>bare Werk das ashanteesche Einmaleins, ein ashanteesches</Unicode>
                </TextEquiv>
            </TextLine>
            <TextLine id="r1l59" custom="readingOrder {index:58;}">
                <Coords points="274,3894 1493,3913 1472,3841 275,3853"/>
                <Baseline points="285,3879 344,3880 404,3881 464,3881 524,3882 584,3882 644,3882 703,3883 763,3883 823,3883 883,3883 943,3883 1003,3883 1063,3884 1122,3884 1182,3884 1242,3884 1302,3884 1362,3884 1422,3884 1482,3884"/>
                <TextEquiv>
                    <Unicode>Lied, einen englischen Brief Peter A.'s an die Negerin</Unicode>
                </TextEquiv>
            </TextLine>
            <TextLine id="r1l60" custom="readingOrder {index:59;}">
                <Coords points="274,3926 1488,3935 1458,3893 1376,3887 274,3887"/>
                <Baseline points="285,3924 344,3924 404,3925 463,3925 523,3925 583,3926 642,3926 702,3927 762,3927 821,3928 881,3928 941,3928 1000,3929 1060,3929 1120,3929 1179,3928 1239,3928 1299,3927 1358,3926 1418,3925 1478,3924"/>
                <TextEquiv>
                    <Unicode>Monambö, der auch in der Uebersetzung vorliegt, die erstaun¬</Unicode>
                </TextEquiv>
            </TextLine>
            <TextLine id="r1l61" custom="readingOrder {index:60;}">
                <Coords points="278,3983 1488,3990 1489,3935 278,3929"/>
                <Baseline points="290,3965 349,3966 408,3966 468,3967 527,3968 587,3969 646,3970 705,3970 765,3971 824,3971 884,3972 943,3972 1002,3973 1062,3973 1121,3973 1181,3973 1240,3973 1299,3973 1359,3973 1418,3973 1478,3972"/>
                <TextEquiv>
                    <Unicode>licher Weise die englische Wortstellung beibehält; im Kapitel</Unicode>
                </TextEquiv>
            </TextLine>
            <TextLine id="r1l62" custom="readingOrder {index:61;}">
                <Coords points="275,4017 1502,4030 1502,3976 275,3983"/>
                <Baseline points="285,4011 345,4011 405,4011 465,4011 526,4012 586,4012 646,4013 707,4013 767,4014 827,4014 888,4015 948,4015 1008,4015 1068,4016 1129,4016 1189,4016 1249,4016 1310,4016 1370,4016 1430,4015 1491,4015"/>
                <TextEquiv>
                    <Unicode>„Prinzessin in Grün“ endlich giebt Herr Peter A. ein genaues</Unicode>
                </TextEquiv>
            </TextLine>
            <TextLine id="r1l63" custom="readingOrder {index:62;}">
                <Coords points="272,4059 1500,4060 1500,4030 1396,4020 272,4016"/>
                <Baseline points="282,4051 342,4052 402,4054 462,4055 523,4057 583,4058 643,4059 704,4059 764,4060 824,4060 885,4061 945,4061 1005,4061 1065,4061 1126,4061 1186,4061 1246,4060 1307,4060 1367,4060 1427,4060 1488,4059"/>
                <TextEquiv>
                    <Unicode>Verzeichniß aller Sachen, die er der Ashantee=Maid Nah=Badü</Unicode>
                </TextEquiv>
            </TextLine>
            <TextLine id="r1l64" custom="readingOrder {index:63;}">
                <Coords points="274,4100 1491,4127 1491,4071 1380,4064 274,4065"/>
                <Baseline points="284,4098 343,4098 403,4099 463,4100 523,4100 583,4101 642,4101 702,4102 762,4102 822,4103 882,4103 941,4104 1001,4104 1061,4104 1121,4104 1181,4104 1240,4104 1300,4104 1360,4104 1420,4103 1480,4103"/>
                <TextEquiv>
                    <Unicode>geschenkt hat (!), und worin er es nicht unterläßt, bei den</Unicode>
                </TextEquiv>
            </TextLine>
            <TextLine id="r1l65" custom="readingOrder {index:64;}">
                <Coords points="289,4151 1107,4141 1523,4178 1523,4124 1376,4105 289,4108"/>
                <Baseline points="300,4140 360,4142 421,4143 481,4144 542,4145 603,4146 663,4146 724,4147 784,4147 845,4148 906,4149 966,4149 1027,4150 1087,4150 1148,4151 1209,4151 1269,4152 1330,4153 1390,4154 1451,4154 1512,4155"/>
                <TextEquiv>
                    <Unicode>imitirten Swaragden in Klammern „Paris“ und bei den Glas¬</Unicode>
                </TextEquiv>
            </TextLine>
            <TextLine id="r1l66" custom="readingOrder {index:65;}">
                <Coords points="282,4180 1468,4193 1501,4161 282,4147"/>
                <Baseline points="293,4183 352,4184 412,4186 472,4187 532,4188 592,4188 651,4189 711,4189 771,4189 831,4189 891,4189 950,4189 1010,4189 1070,4189 1130,4189 1190,4189 1249,4189 1309,4189 1369,4190 1429,4191 1489,4192"/>
                <TextEquiv>
                    <Unicode>Haarnabeln venetianisch“ damu#####en; offenbar in der richtigen</Unicode>
                </TextEquiv>
            </TextLine>
            <TextEquiv>
                <Unicode>2. Guttings box 37/2
Geitikt
zur
Nr. 29a.
2
So sind die Menschen!
Sie suchen früh und spat
Das Bittere im Kelche;
Wer keine Plage hat,
Der macht sich welche.
Kotzebue.
**)
„Jung=Wien.“
Studienblätter von Theodor v. Sesnosky.
Der dekadenteste Autor von ganz „Jung=Wien“ und zu¬
gleich der drolligste ist unstreitig Peter Altenberg. Sucht
Hofmannsthal durch schöne Worte zu wirken, so trachtet
Dieser durch Gedankenstriche, Ausrufungs= und Fragezeichen
Effekt zu machen; liegt die Mystik bei Hofmannsthal in
Dem, was er sogt, so ist sie bei Altenberg in Dem vorhanden,
was er nicht sagt. Er begnügt sich mit geheimnißvollen An¬
deutungen, die er mit köstlicher Wichtigkeit und Prätension giebt
und die ihn offenbar überaus poctisch und geistvoll dünken,
deren Gedankenflug der nur“ normal und nicht dekadent
denkende Leser aber oft nicht zu folgen vermag. Ebenso sehr
wie die geheimnißoollen Gedankenstriche liebt Altenberg die
Wiederholung. Einzelne Worte, Phrasen oder ganze Sätze
tauchen immer wieder auf, sollen wohl so eine Art Refrain
oder Leitmotiv sein, erzielen aber durchaus nicht den natür¬
lichen ungezwungenen Eindruck, den ein Kehrreim im Gedicht,
eine Leitmelodie im Musikstück zu machen pflegen, sondern
nehmen sich wie lästige Zwangsoorstellungen aus, deren sich
der Autor nicht erwehren kann. Auch er hat nur ganz wenig
geschrieben, wenigstens veröffentlicht; obwohl er schon den
vierzig nahe ist, nur zwei schmächtige Bücher.
Sie heißen
„Wie ich es sehe" und „Ashantee"**) Im ersten
offenbart er dem Publikum seine sonderbare Art,
die Welt zu sehen, im zweiten bekräftigt er dies
in noch drastischerer Form. Das Buch „Ashantee“ ist ein
Unikum und verdient darum eine eingehendere Beachtung:
Auf dem Titelblatte steht bloß: Peter Altenberg=Ashantee;
auf dem nächsten Blatt ein Motto, von ihm selber verfaß.;
auf dem dritten: „Ashantee (im Wiener Thiergarten bei
den Negern der Goldküste, Westküste.) Meinen schwarzen
Freundinnen, den unvergeßlichen „Paradieses=Menschen“ A.
Aköshia, Tiöko, Dj0jö, Nah=Badüh gewidmet“ an dem vienen
Blatte steht wieder „Ashantee, (im Wiener Thierga#ten bei den
Negern der Goldküste, Westküste); auf dem fünften endlich der
Artikel „Ashantee“ nebst Band= und Seitenzahl aus Meyers
Konversationslexikon. Nachdem der Leser so gebührend auf
das große Werk vorbereitet ist, darf er endlich das Allerheiligste
betreten. Was er da zu sehen bekommt, ist auch wahrlich
nicht alltäglich: es sind Stimmungsbilder aus dem Ashantee¬
dorfe im Prater, Gespräche zwischen den angewidmeten dunkeln
Damen und Peter A. (so nennt sich Altenberg merkwürdiger
Weise stets, wenn er selber auftritt); ferner enthält dies sonder¬
bare Werk das ashanteesche Einmaleins, ein ashanteesches
Lied, einen englischen Brief Peter A.'s an die Negerin
Monambö, der auch in der Uebersetzung vorliegt, die erstaun¬
licher Weise die englische Wortstellung beibehält; im Kapitel
„Prinzessin in Grün“ endlich giebt Herr Peter A. ein genaues
Verzeichniß aller Sachen, die er der Ashantee=Maid Nah=Badü
geschenkt hat (!), und worin er es nicht unterläßt, bei den
imitirten Swaragden in Klammern „Paris“ und bei den Glas¬
Haarnabeln venetianisch“ damu#####en; offenbar in der richtigen</Unicode>
            </TextEquiv>
        </TextRegion>
        <TextRegion orientation="0.0" id="r2" custom="readingOrder {index:1;}">
            <Coords points="1516,1101 1516,4214 3342,4214 3342,1101"/>
            <TextLine id="r2l1" custom="readingOrder {index:0;}">
                <Coords points="1637,1134 2816,1161 2920,1136 2921,1062 2490,1093 1637,1059"/>
                <Baseline points="1647,1122 1710,1122 1773,1122 1836,1123 1899,1123 1962,1124 2025,1125 2089,1126 2152,1127 2215,1128 2278,1128 2341,1129 2404,1130 2467,1130 2531,1131 2594,1131 2657,1131 2720,1130 2783,1130 2846,1129 2910,1128"/>
                <TextEquiv>
                    <Unicode>Nordbeurschen</Unicode>
                </TextEquiv>
            </TextLine>
            <TextLine id="r2l2" custom="readingOrder {index:1;}">
                <Coords points="3016,1159 3055,1155 3096,1131 3135,1156 3178,1126 3211,1154 3259,1135 3293,1159 3339,1138 3337,1064 3300,1079 3259,1075 3231,1092 3203,1070 3151,1078 3097,1067 3079,1077 3062,1064 3017,1061"/>
                <Baseline points="3026,1128 3051,1129 3076,1129 3101,1130 3126,1130 3151,1131 3177,1131 3202,1132 3227,1132 3252,1132 3277,1131 3302,1131 3328,1130"/>
                <TextEquiv>
                    <Unicode>An</Unicode>
                </TextEquiv>
            </TextLine>
            <TextLine id="r2l3" custom="readingOrder {index:2;}">
                <Coords points="2190,1369 2474,1355 2753,1399 2957,1370 3050,1400 3247,1371 3248,1315 2501,1297 2442,1339 2313,1285 2191,1321"/>
                <Baseline points="2201,1354 2252,1354 2304,1355 2356,1356 2408,1358 2459,1359 2511,1361 2563,1363 2615,1364 2666,1366 2718,1368 2770,1369 2822,1371 2873,1371 2925,1372 2977,1372 3029,1372 3080,1371 3132,1370 3184,1367 3236,1364"/>
                <TextEquiv>
                    <Unicode>Berlin, Sonntag den 3. Februar</Unicode>
                </TextEquiv>
            </TextLine>
            <TextLine id="r2l4" custom="readingOrder {index:3;}">
                <Coords points="3049,1460 3059,1458 3064,1460 3070,1457 3079,1446 3087,1450 3101,1445 3092,1385 3079,1387 3073,1393 3068,1389 3065,1394 3060,1390 3052,1398 3039,1400"/>
                <Baseline points="3055,1432 3088,1427"/>
                <TextEquiv>
                    <Unicode></Unicode>
                </TextEquiv>
            </TextLine>
            <TextLine id="r2l5" custom="readingOrder {index:4;}">
                <Coords points="3141,1459 3156,1461 3170,1456 3174,1459 3177,1457 3181,1459 3188,1454 3199,1455 3206,1395 3195,1394 3183,1403 3177,1402 3169,1395 3164,1398 3149,1397"/>
                <Baseline points="3156,1431 3190,1435"/>
                <TextEquiv>
                    <Unicode></Unicode>
                </TextEquiv>
            </TextLine>
            <TextLine id="r2l6" custom="readingOrder {index:5;}">
                <Coords points="1856,1526 1955,1538 1999,1521 2023,1535 2250,1524 2377,1548 2378,1474 2331,1458 2190,1487 2153,1469 2125,1484 2060,1481 2043,1463 2010,1476 1974,1456 1945,1477 1857,1463"/>
                <Baseline points="1866,1516 1891,1516 1916,1516 1941,1516 1966,1517 1991,1517 2016,1517 2041,1518 2066,1518 2091,1519 2117,1519 2142,1519 2167,1520 2192,1520 2217,1520 2242,1521 2267,1521 2292,1521 2317,1521 2342,1521 2368,1521"/>
                <TextEquiv>
                    <Unicode>King's street, Lömö=house.</Unicode>
                </TextEquiv>
            </TextLine>
            <TextLine id="r2l7" custom="readingOrder {index:6;}">
                <Coords points="2739,1533 2936,1546 3060,1526 3129,1544 3220,1534 3246,1556 3270,1535 3347,1545 3348,1499 3262,1485 3235,1500 3177,1471 3153,1488 3080,1474 3036,1495 3013,1480 2943,1492 2907,1463 2850,1491 2740,1461"/>
                <Baseline points="2750,1523 2779,1524 2808,1524 2838,1525 2867,1525 2896,1526 2926,1526 2955,1526 2984,1527 3014,1527 3043,1527 3072,1527 3102,1528 3131,1528 3160,1528 3190,1529 3219,1529 3248,1530 3278,1530 3307,1531 3337,1532"/>
                <TextEquiv>
                    <Unicode>dafür zu gelten, das Symptom</Unicode>
                </TextEquiv>
            </TextLine>
            <TextLine id="r2l8" custom="readingOrder {index:7;}">
                <Coords points="1865,1566 2029,1582 2101,1566 2265,1575 2266,1523 2210,1533 2123,1523 2093,1542 2065,1524 2030,1534 2004,1521 1959,1535 1913,1521 1866,1527"/>
                <Baseline points="1877,1560 1902,1561 1927,1562 1952,1563 1977,1564 2003,1566 2028,1567 2053,1568 2078,1568 2103,1569 2129,1569 2154,1569 2179,1569 2204,1567 2229,1566 2255,1563"/>
                <TextEquiv>
                    <Unicode>West=Coast, Afrika.“</Unicode>
                </TextEquiv>
            </TextLine>
            <TextLine id="r2l9" custom="readingOrder {index:8;}">
                <Coords points="2736,1581 2851,1564 2985,1596 3037,1573 3074,1596 3115,1575 3228,1596 3353,1583 3354,1546 3287,1534 3243,1555 3218,1537 3060,1526 2964,1546 2859,1525 2737,1534"/>
                <Baseline points="2748,1569 2777,1569 2807,1570 2837,1571 2866,1572 2896,1572 2926,1573 2955,1574 2985,1574 3015,1575 3045,1575 3074,1576 3104,1576 3134,1577 3163,1577 3193,1578 3223,1578 3252,1578 3282,1578 3312,1578 3342,1578"/>
                <TextEquiv>
                    <Unicode>denn es ist gewiß pervers, wen</Unicode>
                </TextEquiv>
            </TextLine>
            <TextLine id="r2l10" custom="readingOrder {index:9;}">
                <Coords points="1517,1620 2712,1642 2712,1545 2030,1584 1801,1539 1517,1548"/>
                <Baseline points="1528,1601 1586,1603 1645,1606 1704,1608 1762,1609 1821,1611 1880,1612 1938,1613 1997,1614 2056,1614 2115,1614 2173,1614 2232,1614 2291,1614 2349,1614 2408,1613 2467,1613 2525,1612 2584,1612 2643,1611 2702,1610"/>
                <TextEquiv>
                    <Unicode>Fertig! Das ist das ganze Kapitel, dem eine eigene Seite ein¬</Unicode>
                </TextEquiv>
            </TextLine>
            <TextLine id="r2l11" custom="readingOrder {index:10;}">
                <Coords points="2731,1634 2900,1614 3220,1622 3237,1638 3346,1626 3342,1582 3216,1594 3115,1576 3078,1597 3006,1576 2985,1598 2954,1576 2853,1566 2731,1582"/>
                <Baseline points="2742,1615 2771,1615 2801,1615 2830,1616 2860,1616 2890,1617 2919,1617 2949,1618 2978,1618 3008,1619 3038,1619 3067,1620 3097,1620 3126,1620 3156,1621 3186,1621 3215,1621 3245,1621 3274,1621 3304,1620 3334,1620"/>
                <TextEquiv>
                    <Unicode>abgelebt sein will, darin einen</Unicode>
                </TextEquiv>
            </TextLine>
            <TextLine id="r2l12" custom="readingOrder {index:11;}">
                <Coords points="1525,1674 1540,1678 1634,1651 1673,1660 1688,1647 1714,1662 1759,1660 1787,1650 1788,1622 1755,1608 1690,1614 1673,1605 1638,1620 1597,1607 1556,1620 1526,1619"/>
                <Baseline points="1537,1650 1563,1648 1590,1647 1617,1647 1643,1647 1670,1648 1697,1649 1723,1650 1750,1650 1777,1648"/>
                <TextEquiv>
                    <Unicode>geräumt ist!</Unicode>
                </TextEquiv>
            </TextLine>
            <TextLine id="r2l13" custom="readingOrder {index:12;}">
                <Coords points="2740,1659 3077,1679 3121,1660 3294,1663 3337,1679 3352,1677 3353,1625 3249,1639 3088,1618 2740,1627"/>
                <Baseline points="2751,1661 2780,1661 2810,1661 2839,1661 2869,1661 2898,1661 2928,1660 2957,1660 2987,1660 3016,1660 3046,1660 3076,1660 3105,1660 3135,1660 3164,1660 3194,1661 3223,1662 3253,1664 3282,1665 3312,1666 3342,1669"/>
                <TextEquiv>
                    <Unicode>nur die keineswegs mehr orig</Unicode>
                </TextEquiv>
            </TextLine>
            <TextLine id="r2l14" custom="readingOrder {index:13;}">
                <Coords points="1600,1690 2691,1713 2720,1644 1600,1655"/>
                <Baseline points="1612,1687 1666,1689 1721,1692 1776,1693 1831,1695 1886,1696 1940,1697 1995,1698 2050,1698 2105,1698 2160,1699 2214,1699 2269,1699 2324,1699 2379,1699 2434,1699 2488,1699 2543,1699 2598,1700 2653,1700 2708,1701"/>
                <TextEquiv>
                    <Unicode>Von der Art, in der Herr Peter A. dichtet, kann sich</Unicode>
                </TextEquiv>
            </TextLine>
            <TextLine id="r2l15" custom="readingOrder {index:14;}">
                <Coords points="2733,1703 3348,1722 3335,1667 2733,1666"/>
                <Baseline points="2744,1703 2773,1704 2803,1705 2833,1705 2862,1705 2892,1706 2922,1706 2951,1706 2981,1706 3011,1706 3041,1705 3070,1705 3100,1705 3130,1705 3159,1706 3189,1706 3219,1706 3248,1707 3278,1708 3308,1709 3338,1710"/>
                <TextEquiv>
                    <Unicode>täglich auf den Boulevards,</Unicode>
                </TextEquiv>
            </TextLine>
            <TextLine id="r2l16" custom="readingOrder {index:15;}">
                <Coords points="1521,1740 2705,1754 2719,1709 1522,1679"/>
                <Baseline points="1532,1731 1590,1734 1649,1736 1708,1738 1767,1740 1826,1741 1884,1742 1943,1743 2002,1744 2061,1745 2120,1745 2178,1745 2237,1745 2296,1745 2355,1745 2414,1744 2472,1744 2531,1743 2590,1742 2649,1742 2708,1741"/>
                <TextEquiv>
                    <Unicode>Niemand eine Vorstellung machen, der mit den sonderbaren</Unicode>
                </TextEquiv>
            </TextLine>
            <TextLine id="r2l17" custom="readingOrder {index:16;}">
                <Coords points="2731,1754 2861,1744 2993,1763 3021,1746 3170,1768 3268,1745 3322,1761 3352,1752 3353,1720 2922,1713 2885,1697 2859,1716 2732,1713"/>
                <Baseline points="2743,1749 2774,1748 2806,1747 2837,1746 2869,1745 2900,1745 2932,1745 2963,1746 2995,1746 3026,1747 3058,1748 3089,1749 3121,1749 3152,1750 3184,1751 3215,1751 3247,1752 3278,1752 3310,1752 3342,1752"/>
                <TextEquiv>
                    <Unicode>den Linden beobachten kau</Unicode>
                </TextEquiv>
            </TextLine>
            <TextLine id="r2l18" custom="readingOrder {index:17;}">
                <Coords points="1522,1782 2726,1800 2726,1754 2661,1745 1522,1739"/>
                <Baseline points="1532,1779 1591,1780 1650,1781 1709,1782 1768,1783 1827,1784 1886,1785 1946,1785 2005,1786 2064,1787 2123,1787 2182,1787 2241,1788 2300,1788 2360,1788 2419,1788 2478,1788 2537,1788 2596,1788 2655,1788 2715,1788"/>
                <TextEquiv>
                    <Unicode>Allüren der „Modernen“ nicht vertraut ist; da die Zahl dieser</Unicode>
                </TextEquiv>
            </TextLine>
            <TextLine id="r2l19" custom="readingOrder {index:18;}">
                <Coords points="2738,1789 2924,1805 2990,1787 3093,1807 3191,1785 3227,1809 3284,1808 3340,1801 3341,1757 3276,1745 3153,1765 3025,1745 2960,1765 2858,1746 2839,1765 2806,1751 2739,1767"/>
                <Baseline points="2750,1789 2779,1789 2808,1789 2837,1789 2866,1790 2895,1790 2924,1791 2953,1792 2982,1792 3011,1793 3040,1794 3069,1795 3098,1796 3127,1796 3156,1797 3185,1797 3214,1798 3243,1798 3272,1798 3301,1798 3330,1797"/>
                <TextEquiv>
                    <Unicode>und selbst bartlose Bursche</Unicode>
                </TextEquiv>
            </TextLine>
            <TextLine id="r2l20" custom="readingOrder {index:19;}">
                <Coords points="1521,1828 2690,1864 2723,1802 1521,1785"/>
                <Baseline points="1531,1823 1590,1824 1649,1824 1708,1825 1767,1825 1826,1826 1885,1827 1944,1828 2003,1828 2062,1829 2121,1830 2180,1831 2239,1831 2298,1832 2357,1832 2416,1832 2475,1833 2534,1833 2593,1832 2652,1832 2712,1831"/>
                <TextEquiv>
                    <Unicode>Wissenden aber nur gering ist, so empfiehlt es sich, yier einige</Unicode>
                </TextEquiv>
            </TextLine>
            <TextLine id="r2l21" custom="readingOrder {index:20;}">
                <Coords points="2737,1834 3353,1859 3354,1805 3326,1798 3220,1807 3190,1785 3127,1805 2869,1804 2738,1787"/>
                <Baseline points="2748,1834 2777,1834 2807,1834 2837,1834 2866,1834 2896,1834 2926,1834 2955,1835 2985,1835 3015,1835 3045,1835 3074,1835 3104,1836 3134,1837 3163,1838 3193,1839 3223,1839 3252,1841 3282,1844 3312,1845 3342,1848"/>
                <TextEquiv>
                    <Unicode>blödem Ausdruck und schlaffer H</Unicode>
                </TextEquiv>
            </TextLine>
            <TextLine id="r2l22" custom="readingOrder {index:21;}">
                <Coords points="1518,1886 1576,1893 1629,1872 1882,1888 1912,1873 1994,1889 2085,1879 2122,1864 2123,1838 1943,1836 1906,1853 1830,1829 1519,1825"/>
                <Baseline points="1530,1868 1559,1868 1588,1868 1617,1868 1646,1868 1675,1869 1704,1869 1733,1870 1762,1870 1791,1871 1821,1872 1850,1872 1879,1873 1908,1873 1937,1873 1966,1874 1995,1873 2024,1873 2053,1873 2082,1871 2112,1870"/>
                <TextEquiv>
                    <Unicode>Proben zum Besten zu geben.</Unicode>
                </TextEquiv>
            </TextLine>
            <TextLine id="r2l23" custom="readingOrder {index:22;}">
                <Coords points="2742,1886 3344,1895 3344,1851 2742,1838"/>
                <Baseline points="2753,1883 2782,1881 2811,1881 2840,1880 2869,1879 2898,1879 2927,1879 2956,1879 2985,1879 3014,1879 3043,1880 3072,1880 3101,1881 3130,1881 3159,1882 3188,1882 3217,1882 3246,1882 3275,1882 3304,1882 3333,1881"/>
                <TextEquiv>
                    <Unicode>sie entkräftete Greise, die nur</Unicode>
                </TextEquiv>
            </TextLine>
            <TextLine id="r2l24" custom="readingOrder {index:23;}">
                <Coords points="1597,1914 1973,1932 2287,1918 2287,1881 2151,1852 2106,1883 1993,1889 1597,1880"/>
                <Baseline points="1607,1917 1640,1916 1674,1915 1707,1915 1741,1915 1774,1914 1808,1914 1841,1914 1875,1914 1908,1915 1942,1915 1975,1915 2009,1915 2042,1916 2076,1916 2109,1916 2143,1916 2176,1916 2210,1916 2243,1916 2277,1915"/>
                <TextEquiv>
                    <Unicode>Das Kapitel „Paradies“ lautet:</Unicode>
                </TextEquiv>
            </TextLine>
            <TextLine id="r2l25" custom="readingOrder {index:24;}">
                <Coords points="2743,1926 2925,1943 3005,1919 3041,1946 3130,1918 3161,1942 3228,1927 3332,1943 3319,1885 2743,1890"/>
                <Baseline points="2754,1919 2782,1919 2810,1921 2839,1921 2867,1922 2896,1922 2924,1923 2952,1923 2981,1923 3009,1924 3038,1924 3066,1924 3094,1924 3123,1924 3151,1924 3180,1924 3208,1924 3236,1924 3265,1924 3293,1923 3322,1923"/>
                <TextEquiv>
                    <Unicode>Genüsse aus ihrer müdn </Unicode>
                </TextEquiv>
            </TextLine>
            <TextLine id="r2l26" custom="readingOrder {index:25;}">
                <Coords points="1604,1978 2489,1960 2587,1986 2684,1924 2371,1899 2258,1933 1604,1932"/>
                <Baseline points="1615,1960 1670,1960 1726,1960 1782,1960 1837,1960 1893,1960 1949,1961 2005,1962 2060,1962 2116,1963 2172,1964 2228,1964 2283,1965 2339,1965 2395,1965 2451,1965 2506,1964 2562,1964 2618,1962 2674,1960"/>
                <TextEquiv>
                    <Unicode>„Was möchtest Du am liebsten von der Welt, Tioko?!“</Unicode>
                </TextEquiv>
            </TextLine>
            <TextLine id="r2l27" custom="readingOrder {index:26;}">
                <Coords points="2743,1974 2875,1975 2902,1958 2960,1980 3120,1981 3172,1963 3293,1987 3328,1957 3352,1962 3353,1931 3166,1937 3123,1921 3038,1945 3000,1925 2744,1927"/>
                <Baseline points="2754,1963 2783,1964 2812,1964 2842,1965 2871,1965 2901,1966 2930,1967 2959,1967 2989,1968 3018,1968 3048,1969 3077,1969 3106,1970 3136,1970 3165,1971 3195,1971 3224,1972 3253,1972 3283,1973 3312,1974 3342,1975"/>
                <TextEquiv>
                    <Unicode>können. Mit einem Worte:</Unicode>
                </TextEquiv>
            </TextLine>
            <TextLine id="r2l28" custom="readingOrder {index:27;}">
                <Coords points="1595,2002 1972,2037 2247,2000 2316,2038 2730,2025 2730,1967 2676,1964 1596,1976"/>
                <Baseline points="1607,2004 1662,2004 1718,2004 1773,2004 1829,2004 1884,2004 1940,2004 1995,2004 2051,2005 2106,2005 2162,2005 2218,2006 2273,2006 2329,2007 2384,2007 2440,2008 2495,2009 2551,2009 2606,2010 2662,2010 2718,2011"/>
                <TextEquiv>
                    <Unicode>„Green bills cutted, Sir — ——.“ (Geschliffene grüne</Unicode>
                </TextEquiv>
            </TextLine>
            <TextLine id="r2l29" custom="readingOrder {index:28;}">
                <Coords points="2737,2031 2930,2013 2967,2029 3077,2013 3112,2031 3274,2029 3328,2019 3329,1961 3294,1984 3015,1982 2911,1958 2738,1979"/>
                <Baseline points="2749,2010 2777,2010 2805,2010 2834,2010 2862,2011 2891,2011 2919,2011 2947,2012 2976,2013 3004,2013 3033,2014 3061,2014 3089,2015 3118,2015 3146,2016 3175,2016 3203,2017 3231,2017 3260,2017 3288,2017 3317,2018"/>
                <TextEquiv>
                    <Unicode>Gigerl=Dekadenz; jedenfalls i</Unicode>
                </TextEquiv>
            </TextLine>
            <TextLine id="r2l30" custom="readingOrder {index:29;}">
                <Coords points="1513,2059 1576,2055 1604,2075 1646,2049 1687,2061 1698,2050 1786,2053 1787,2016 1689,2006 1624,2017 1577,1995 1566,1999 1553,1986 1514,2005"/>
                <Baseline points="1524,2043 1549,2044 1574,2045 1599,2045 1624,2045 1649,2045 1674,2045 1699,2045 1724,2045 1749,2046 1775,2046"/>
                <TextEquiv>
                    <Unicode>Glasperlen.)</Unicode>
                </TextEquiv>
            </TextLine>
            <TextLine id="r2l31" custom="readingOrder {index:30;}">
                <Coords points="2738,2061 3351,2071 3351,2023 3299,2014 2739,2028"/>
                <Baseline points="2749,2060 2778,2059 2808,2059 2837,2058 2867,2057 2897,2057 2926,2057 2956,2057 2985,2056 3015,2056 3045,2057 3074,2057 3104,2057 3133,2057 3163,2058 3193,2059 3222,2060 3252,2060 3281,2061 3311,2062 3341,2063"/>
                <TextEquiv>
                    <Unicode>wenn es ja auch immerhin sein</Unicode>
                </TextEquiv>
            </TextLine>
            <TextLine id="r2l32" custom="readingOrder {index:31;}">
                <Coords points="1602,2109 1630,2110 1652,2096 1684,2104 1719,2094 1728,2103 1755,2093 1788,2092 1787,2053 1756,2056 1748,2048 1726,2048 1709,2055 1698,2049 1687,2060 1646,2049 1625,2067 1601,2072"/>
                <Baseline points="1613,2097 1640,2094 1667,2091 1695,2089 1722,2089 1749,2090 1777,2093"/>
                <TextEquiv>
                    <Unicode>„Und?!“</Unicode>
                </TextEquiv>
            </TextLine>
            <TextLine id="r2l33" custom="readingOrder {index:32;}">
                <Coords points="2735,2111 2932,2117 3045,2096 3111,2117 3250,2102 3352,2123 3352,2071 3335,2064 3222,2078 2965,2055 2939,2072 2913,2052 2735,2064"/>
                <Baseline points="2745,2108 2774,2106 2804,2104 2834,2103 2864,2102 2894,2101 2923,2101 2953,2101 2983,2101 3013,2101 3043,2101 3072,2102 3102,2103 3132,2103 3162,2104 3192,2105 3221,2106 3251,2107 3281,2108 3311,2109 3341,2109"/>
                <TextEquiv>
                    <Unicode>à la Baudelaire nicht nur Po</Unicode>
                </TextEquiv>
            </TextLine>
            <TextLine id="r2l34" custom="readingOrder {index:33;}">
                <Coords points="1591,2162 1729,2136 1920,2160 1963,2143 2173,2157 2195,2153 2195,2096 2065,2107 1996,2078 1922,2113 1873,2072 1794,2102 1652,2097 1591,2123"/>
                <Baseline points="1601,2143 1630,2141 1659,2139 1688,2138 1717,2137 1746,2137 1775,2137 1804,2137 1833,2138 1862,2138 1892,2139 1921,2140 1950,2140 1979,2141 2008,2141 2037,2142 2066,2141 2095,2141 2124,2140 2153,2139 2183,2137"/>
                <TextEquiv>
                    <Unicode>„And lila bills cutted, Sir —</Unicode>
                </TextEquiv>
            </TextLine>
            <TextLine id="r2l35" custom="readingOrder {index:34;}">
                <Coords points="2745,2148 3351,2167 3351,2113 3265,2104 3165,2118 2745,2105"/>
                <Baseline points="2756,2148 2785,2146 2814,2145 2843,2143 2873,2143 2902,2143 2931,2143 2960,2143 2990,2143 3019,2144 3048,2145 3077,2145 3107,2146 3136,2147 3165,2147 3194,2148 3224,2149 3253,2149 3282,2149 3311,2149 3341,2149"/>
                <TextEquiv>
                    <Unicode>Dekadenz eines Altenberg oder</Unicode>
                </TextEquiv>
            </TextLine>
            <TextLine id="r2l36" custom="readingOrder {index:35;}">
                <Coords points="1594,2196 1614,2201 1656,2183 1665,2191 1713,2182 1726,2190 1757,2190 1770,2173 1786,2177 1803,2169 1800,2141 1746,2143 1739,2137 1712,2146 1698,2140 1690,2147 1642,2140 1632,2152 1591,2162"/>
                <Baseline points="1604,2190 1630,2185 1657,2182 1684,2180 1711,2179 1738,2177 1765,2175 1792,2172"/>
                <TextEquiv>
                    <Unicode>„Und?!“</Unicode>
                </TextEquiv>
            </TextLine>
            <TextLine id="r2l37" custom="readingOrder {index:36;}">
                <Coords points="2731,2189 2850,2207 2872,2190 2993,2206 3028,2191 3056,2207 3093,2192 3318,2198 3318,2159 3266,2150 3082,2162 3041,2146 2732,2143"/>
                <Baseline points="2743,2191 2771,2191 2799,2191 2827,2190 2856,2190 2884,2190 2912,2190 2940,2191 2969,2191 2997,2191 3025,2191 3053,2191 3082,2192 3110,2192 3138,2193 3166,2193 3195,2194 3223,2194 3251,2195 3279,2195 3308,2196"/>
                <TextEquiv>
                    <Unicode>ist bei ihm wenig zu spüren;</Unicode>
                </TextEquiv>
            </TextLine>
            <TextLine id="r2l38" custom="readingOrder {index:37;}">
                <Coords points="1601,2235 2009,2239 2060,2217 2188,2238 2251,2211 2250,2161 2069,2193 1958,2166 1893,2190 1794,2169 1751,2193 1601,2196"/>
                <Baseline points="1613,2224 1644,2223 1675,2223 1706,2222 1738,2222 1769,2222 1800,2222 1832,2222 1863,2222 1894,2222 1926,2222 1957,2222 1988,2222 2019,2222 2051,2222 2082,2221 2113,2221 2145,2220 2176,2219 2207,2217 2239,2215"/>
                <TextEquiv>
                    <Unicode>„And nothing, Sir ———!“</Unicode>
                </TextEquiv>
            </TextLine>
            <TextLine id="r2l39" custom="readingOrder {index:38;}">
                <Coords points="2735,2240 2988,2235 3053,2261 3077,2237 3187,2239 3252,2258 3352,2243 3352,2199 2734,2192"/>
                <Baseline points="2745,2241 2774,2239 2804,2237 2834,2235 2864,2234 2893,2233 2923,2232 2953,2232 2983,2232 3012,2232 3042,2233 3072,2233 3102,2234 3131,2235 3161,2235 3191,2235 3221,2236 3250,2236 3280,2235 3310,2234 3340,2234"/>
                <TextEquiv>
                    <Unicode>ganz klaren Denkvermögens</Unicode>
                </TextEquiv>
            </TextLine>
            <TextLine id="r2l40" custom="readingOrder {index:39;}">
                <Coords points="1600,2269 2723,2287 2724,2223 1600,2224"/>
                <Baseline points="1610,2258 1665,2262 1720,2265 1775,2267 1830,2269 1885,2270 1940,2272 1995,2272 2050,2272 2105,2272 2161,2272 2216,2272 2271,2272 2326,2271 2381,2271 2436,2271 2491,2271 2546,2271 2601,2271 2656,2272 2712,2273"/>
                <TextEquiv>
                    <Unicode>Sehr drastisch ist auch folgende Stelle aus dem Kapitel</Unicode>
                </TextEquiv>
            </TextLine>
            <TextLine id="r2l41" custom="readingOrder {index:40;}">
                <Coords points="2741,2278 2786,2293 2940,2277 2970,2293 3046,2272 3169,2299 3197,2284 3256,2289 3256,2252 3198,2241 2795,2235 2741,2250"/>
                <Baseline points="2751,2278 2777,2276 2803,2275 2829,2274 2855,2273 2881,2273 2907,2273 2933,2273 2959,2274 2985,2274 3011,2275 3037,2276 3063,2276 3089,2277 3115,2277 3141,2278 3167,2278 3193,2278 3219,2278 3246,2277"/>
                <TextEquiv>
                    <Unicode>achtenswerthen Talents.</Unicode>
                </TextEquiv>
            </TextLine>
            <TextLine id="r2l42" custom="readingOrder {index:41;}">
                <Coords points="1517,2317 2708,2325 2695,2273 1517,2280"/>
                <Baseline points="1528,2310 1586,2311 1644,2312 1703,2313 1761,2314 1820,2314 1878,2315 1937,2316 1995,2317 2054,2317 2112,2318 2170,2318 2229,2319 2287,2319 2346,2319 2404,2320 2463,2320 2521,2320 2580,2320 2638,2320 2697,2320"/>
                <TextEquiv>
                    <Unicode>„Le départ pour l’Afrique“ (warum Herr Peter A. nicht</Unicode>
                </TextEquiv>
            </TextLine>
            <TextLine id="r2l43" custom="readingOrder {index:42;}">
                <Coords points="2725,2325 2885,2327 2911,2307 2963,2334 3171,2319 3199,2337 3307,2327 3333,2349 3352,2347 3353,2285 3262,2270 3232,2290 3046,2272 2725,2286"/>
                <Baseline points="2736,2324 2766,2320 2796,2318 2826,2316 2857,2315 2887,2314 2917,2314 2947,2314 2978,2315 3008,2317 3038,2318 3068,2319 3099,2321 3129,2321 3159,2323 3189,2323 3220,2323 3250,2323 3280,2323 3310,2321 3341,2319"/>
                <TextEquiv>
                    <Unicode>Leitte**), das ein großstäd</Unicode>
                </TextEquiv>
            </TextLine>
            <TextLine id="r2l44" custom="readingOrder {index:43;}">
                <Coords points="1519,2362 2673,2390 2709,2386 2710,2319 1519,2318"/>
                <Baseline points="1530,2354 1588,2353 1646,2353 1705,2353 1763,2353 1822,2353 1880,2353 1939,2354 1997,2355 2056,2355 2114,2356 2172,2357 2231,2358 2289,2358 2348,2359 2406,2360 2465,2361 2523,2361 2582,2362 2640,2362 2699,2362"/>
                <TextEquiv>
                    <Unicode>schreibt: Die Abreise nach Afrika, bleibt eines der vielen Räthsel</Unicode>
                </TextEquiv>
            </TextLine>
            <TextLine id="r2l45" custom="readingOrder {index:44;}">
                <Coords points="2725,2380 3288,2368 3288,2325 2989,2319 2970,2336 2916,2308 2829,2332 2725,2325"/>
                <Baseline points="2735,2369 2762,2368 2789,2367 2816,2366 2843,2365 2870,2364 2897,2364 2924,2363 2951,2363 2978,2363 3006,2363 3033,2363 3060,2363 3087,2364 3114,2364 3141,2365 3168,2365 3195,2366 3222,2366 3249,2367 3277,2368"/>
                <TextEquiv>
                    <Unicode>stischen Naturalismus darstell</Unicode>
                </TextEquiv>
            </TextLine>
            <TextLine id="r2l46" custom="readingOrder {index:45;}">
                <Coords points="1513,2410 1615,2414 1646,2394 1680,2412 1845,2399 1944,2424 1975,2405 2132,2420 2133,2372 2038,2375 2014,2355 1863,2358 1826,2377 1687,2354 1514,2363"/>
                <Baseline points="1524,2397 1553,2397 1583,2396 1613,2396 1643,2397 1673,2397 1703,2398 1733,2399 1763,2400 1793,2400 1823,2401 1852,2402 1882,2403 1912,2403 1942,2403 1972,2403 2002,2403 2032,2403 2062,2402 2092,2400 2122,2398"/>
                <TextEquiv>
                    <Unicode>seines Wesens). Da heißt es:</Unicode>
                </TextEquiv>
            </TextLine>
            <TextLine id="r2l47" custom="readingOrder {index:46;}">
                <Coords points="2734,2426 2935,2404 3063,2411 3082,2426 3123,2408 3255,2421 3255,2372 2734,2376"/>
                <Baseline points="2745,2412 2771,2411 2797,2410 2823,2409 2850,2408 2876,2407 2902,2407 2928,2407 2955,2407 2981,2407 3007,2407 3033,2408 3060,2408 3086,2408 3112,2409 3138,2409 3165,2409 3191,2410 3217,2410 3244,2410"/>
                <TextEquiv>
                    <Unicode>selbst seine berüchtigten Ged</Unicode>
                </TextEquiv>
            </TextLine>
            <TextLine id="r2l48" custom="readingOrder {index:47;}">
                <Coords points="1600,2466 1620,2472 1643,2449 1678,2457 1730,2446 1804,2459 1825,2447 1864,2450 1874,2439 1918,2452 1944,2442 1943,2412 1863,2413 1821,2399 1789,2416 1745,2400 1724,2414 1704,2402 1685,2411 1659,2401 1598,2412"/>
                <Baseline points="1610,2450 1636,2447 1663,2445 1690,2443 1717,2442 1744,2442 1771,2442 1798,2442 1825,2441 1852,2440 1879,2438 1906,2436 1933,2432"/>
                <TextEquiv>
                    <Unicode>„Nah-Badüh —</Unicode>
                </TextEquiv>
            </TextLine>
            <TextLine id="r2l49" custom="readingOrder {index:48;}">
                <Coords points="2733,2470 2772,2453 2854,2453 2876,2469 2904,2449 3034,2460 3071,2445 3112,2465 3196,2448 3235,2465 3251,2463 3251,2420 2956,2417 2935,2404 2733,2427"/>
                <Baseline points="2744,2459 2770,2456 2796,2454 2822,2452 2848,2451 2874,2450 2900,2450 2926,2450 2952,2450 2978,2451 3004,2451 3030,2453 3056,2453 3082,2454 3108,2454 3134,2455 3160,2455 3186,2455 3212,2454 3239,2453"/>
                <TextEquiv>
                    <Unicode>„Sensationen“ sind tr</Unicode>
                </TextEquiv>
            </TextLine>
            <TextLine id="r2l50" custom="readingOrder {index:49;}">
                <Coords points="1822,2493 1842,2488 1879,2501 1909,2486 1961,2494 2004,2485 2020,2497 2043,2486 2089,2501 2108,2488 2136,2503 2136,2427 2047,2452 2030,2445 1915,2457 1874,2438 1822,2447"/>
                <Baseline points="1833,2483 1859,2480 1886,2479 1912,2479 1939,2478 1966,2478 1992,2479 2019,2479 2046,2479 2072,2479 2099,2477 2126,2476"/>
                <TextEquiv>
                    <Unicode>21 —— —214</Unicode>
                </TextEquiv>
            </TextLine>
            <TextLine id="r2l51" custom="readingOrder {index:50;}">
                <Coords points="2739,2501 3205,2508 3254,2500 3255,2461 3197,2448 3112,2464 2922,2449 2876,2470 2831,2450 2740,2462"/>
                <Baseline points="2751,2499 2776,2496 2802,2494 2828,2493 2854,2491 2880,2490 2906,2490 2932,2490 2958,2491 2984,2492 3009,2492 3035,2493 3061,2494 3087,2496 3113,2496 3139,2497 3165,2498 3191,2498 3217,2498 3243,2497"/>
                <TextEquiv>
                    <Unicode>Evotik, Einiges ausgenomm</Unicode>
                </TextEquiv>
            </TextLine>
            <TextLine id="r2l52" custom="readingOrder {index:51;}">
                <Coords points="1603,2543 1977,2534 2291,2570 2324,2542 2443,2541 2488,2569 2488,2511 2421,2478 1865,2501 1603,2469"/>
                <Baseline points="1614,2531 1657,2532 1700,2533 1743,2535 1786,2535 1829,2536 1872,2537 1916,2537 1959,2537 2002,2537 2045,2538 2088,2538 2131,2538 2174,2537 2218,2537 2261,2537 2304,2537 2347,2537 2390,2537 2433,2537 2477,2537"/>
                <TextEquiv>
                    <Unicode>Sie steigt langsam auf den Perron zu ihm —</Unicode>
                </TextEquiv>
            </TextLine>
            <TextLine id="r2l53" custom="readingOrder {index:52;}">
                <Coords points="2733,2543 2796,2547 2822,2530 2895,2555 2945,2541 3071,2552 3158,2534 3259,2551 3300,2544 3301,2507 2734,2498"/>
                <Baseline points="2744,2538 2771,2536 2798,2535 2825,2534 2853,2534 2880,2534 2907,2534 2935,2535 2962,2536 2989,2537 3017,2538 3044,2539 3071,2540 3098,2541 3126,2542 3153,2543 3180,2543 3208,2543 3235,2543 3262,2542 3290,2541"/>
                <TextEquiv>
                    <Unicode>für den Eindruck, er wolle</Unicode>
                </TextEquiv>
            </TextLine>
            <TextLine id="r2l54" custom="readingOrder {index:53;}">
                <Coords points="2728,2569 2812,2595 2858,2580 3308,2602 3309,2539 3257,2554 3160,2537 2729,2543"/>
                <Baseline points="2738,2579 2766,2578 2794,2577 2822,2577 2850,2577 2878,2578 2906,2578 2934,2579 2962,2579 2990,2581 3018,2582 3046,2583 3074,2583 3102,2584 3130,2585 3158,2585 3186,2586 3214,2586 3242,2586 3270,2585 3298,2584"/>
                <TextEquiv>
                    <Unicode>auch die reklamehafte Titelwah</Unicode>
                </TextEquiv>
            </TextLine>
            <TextLine id="r2l55" custom="readingOrder {index:54;}">
                <Coords points="1591,2624 1615,2622 1619,2617 1641,2617 1641,2546 1619,2544 1606,2553 1604,2550 1602,2553 1591,2553"/>
                <Baseline points="1602,2608 1630,2608"/>
                <TextEquiv>
                    <Unicode>2</Unicode>
                </TextEquiv>
            </TextLine>
            <TextLine id="r2l56" custom="readingOrder {index:55;}">
                <Coords points="2730,2637 2847,2626 2888,2648 2931,2618 2990,2646 3093,2626 3150,2652 3210,2624 3239,2644 3327,2635 3327,2588 2810,2594 2730,2577"/>
                <Baseline points="2740,2628 2768,2627 2797,2627 2826,2626 2855,2626 2884,2626 2912,2626 2941,2626 2970,2626 2999,2626 3028,2626 3056,2626 3085,2626 3114,2626 3143,2626 3172,2626 3200,2626 3229,2627 3258,2627 3287,2627 3316,2627"/>
                <TextEquiv>
                    <Unicode>sogar den Stempel echter Poesi</Unicode>
                </TextEquiv>
            </TextLine>
            <TextLine id="r2l57" custom="readingOrder {index:56;}">
                <Coords points="1598,2662 2661,2683 2721,2679 2722,2627 1598,2621"/>
                <Baseline points="1609,2660 1664,2660 1719,2661 1774,2662 1829,2662 1884,2663 1939,2664 1994,2664 2049,2665 2104,2665 2159,2666 2214,2666 2269,2667 2324,2667 2379,2668 2434,2668 2489,2668 2544,2669 2599,2669 2654,2669 2710,2669"/>
                <TextEquiv>
                    <Unicode>Die Zahl der Gedankenstriche ist keineswegs aufs Gerathe¬</Unicode>
                </TextEquiv>
            </TextLine>
            <TextLine id="r2l58" custom="readingOrder {index:57;}">
                <Coords points="2723,2693 2762,2672 2855,2682 2890,2665 2983,2688 3059,2674 3208,2687 3327,2674 3328,2650 3211,2626 3154,2652 3105,2629 2994,2651 2930,2620 2895,2648 2847,2625 2724,2632"/>
                <Baseline points="2735,2673 2764,2670 2793,2668 2822,2668 2851,2667 2880,2667 2909,2667 2938,2667 2967,2668 2996,2669 3025,2670 3054,2671 3083,2673 3112,2674 3141,2675 3170,2675 3199,2675 3228,2675 3257,2675 3286,2674 3316,2672"/>
                <TextEquiv>
                    <Unicode>nannte. Im großen Ganzen</Unicode>
                </TextEquiv>
            </TextLine>
            <TextLine id="r2l59" custom="readingOrder {index:58;}">
                <Coords points="1511,2702 2721,2709 2721,2677 2537,2666 1511,2676"/>
                <Baseline points="1522,2700 1581,2702 1640,2704 1700,2705 1759,2707 1818,2708 1878,2709 1937,2710 1996,2711 2056,2712 2115,2712 2174,2713 2234,2713 2293,2713 2352,2714 2412,2714 2471,2714 2530,2713 2590,2713 2649,2713 2709,2712"/>
                <TextEquiv>
                    <Unicode>wohl hingeschrieben, sondern wohl überlegt und bemessen.</Unicode>
                </TextEquiv>
            </TextLine>
            <TextLine id="r2l60" custom="readingOrder {index:59;}">
                <Coords points="2726,2718 3010,2716 3105,2737 3148,2714 3204,2739 3283,2721 3325,2751 3351,2747 3353,2675 2987,2689 2890,2665 2727,2688"/>
                <Baseline points="2738,2713 2768,2712 2798,2711 2828,2711 2858,2711 2889,2712 2919,2713 2949,2713 2979,2714 3009,2715 3040,2716 3070,2718 3100,2719 3130,2719 3160,2720 3191,2721 3221,2721 3251,2722 3281,2721 3311,2721 3342,2720"/>
                <TextEquiv>
                    <Unicode>Hyperwollust wenig erquicklich</Unicode>
                </TextEquiv>
            </TextLine>
            <TextLine id="r2l61" custom="readingOrder {index:60;}">
                <Coords points="1508,2753 2720,2762 2720,2710 1508,2699"/>
                <Baseline points="1519,2747 1578,2747 1638,2748 1697,2749 1757,2751 1816,2752 1876,2753 1935,2754 1995,2756 2054,2756 2114,2757 2174,2758 2233,2759 2293,2759 2352,2759 2412,2759 2471,2759 2531,2758 2590,2757 2650,2755 2710,2753"/>
                <TextEquiv>
                    <Unicode>Darin liegt es ja eben: während andere Schriftsteller sich in ihrer</Unicode>
                </TextEquiv>
            </TextLine>
            <TextLine id="r2l62" custom="readingOrder {index:61;}">
                <Coords points="2733,2773 2839,2758 3157,2789 3211,2766 3352,2795 3353,2721 3320,2736 3284,2720 2734,2721"/>
                <Baseline points="2744,2754 2773,2756 2803,2757 2833,2758 2863,2759 2893,2759 2923,2759 2953,2759 2983,2760 3013,2760 3043,2760 3072,2760 3102,2760 3132,2761 3162,2761 3192,2763 3222,2764 3252,2765 3282,2768 3312,2770 3342,2773"/>
                <TextEquiv>
                    <Unicode>tonjours perdrix wird auf</Unicode>
                </TextEquiv>
            </TextLine>
            <TextLine id="r2l63" custom="readingOrder {index:62;}">
                <Coords points="1511,2812 2717,2808 2700,2758 1511,2751"/>
                <Baseline points="1521,2790 1580,2791 1639,2792 1698,2792 1757,2794 1817,2795 1876,2797 1935,2799 1994,2800 2053,2802 2113,2803 2172,2805 2231,2805 2290,2806 2349,2806 2409,2806 2468,2805 2527,2804 2586,2801 2645,2798 2705,2795"/>
                <TextEquiv>
                    <Unicode>Unfähigkeit bemühen, nach bezeichnenden Worten zu suchen, ver¬</Unicode>
                </TextEquiv>
            </TextLine>
            <TextLine id="r2l64" custom="readingOrder {index:63;}">
                <Coords points="2734,2828 2762,2832 2790,2807 2814,2813 2848,2802 2890,2820 2907,2803 2922,2805 2922,2777 2898,2772 2877,2777 2870,2770 2823,2763 2803,2770 2797,2765 2784,2770 2775,2763 2769,2770 2734,2772"/>
                <Baseline points="2744,2799 2772,2800 2800,2800 2828,2799 2856,2799 2884,2799 2912,2803"/>
                <TextEquiv>
                    <Unicode>cochon.</Unicode>
                </TextEquiv>
            </TextLine>
            <TextLine id="r2l65" custom="readingOrder {index:64;}">
                <Coords points="1508,2840 2725,2838 2688,2801 1508,2794"/>
                <Baseline points="1519,2834 1578,2834 1638,2836 1698,2837 1757,2838 1817,2839 1877,2841 1936,2842 1996,2843 2056,2844 2116,2846 2175,2846 2235,2847 2295,2847 2354,2847 2414,2847 2474,2847 2533,2846 2593,2844 2653,2843 2713,2840"/>
                <TextEquiv>
                    <Unicode>achtet Herr Peter A. in seiner Größe das armselige Wort¬</Unicode>
                </TextEquiv>
            </TextLine>
            <TextLine id="r2l66" custom="readingOrder {index:65;}">
                <Coords points="2787,2848 2889,2845 2913,2862 2932,2847 3138,2862 3211,2848 3265,2863 3352,2849 3352,2816 3264,2794 3205,2811 3128,2790 3097,2810 2987,2789 2889,2821 2787,2807"/>
                <Baseline points="2799,2846 2826,2845 2853,2845 2880,2845 2907,2845 2934,2845 2961,2845 2989,2845 3016,2845 3043,2845 3070,2845 3097,2846 3124,2846 3151,2847 3179,2847 3206,2847 3233,2848 3260,2849 3287,2849 3314,2849 3342,2850"/>
                <TextEquiv>
                    <Unicode>In seinen in diesem Jahre</Unicode>
                </TextEquiv>
            </TextLine>
            <TextLine id="r2l67" custom="readingOrder {index:66;}">
                <Coords points="1515,2891 2712,2911 2713,2837 1516,2843"/>
                <Baseline points="1527,2885 1585,2883 1644,2882 1703,2881 1762,2881 1820,2881 1879,2882 1938,2883 1997,2883 2055,2885 2114,2886 2173,2887 2232,2888 2290,2889 2349,2889 2408,2890 2467,2890 2525,2889 2584,2888 2643,2887 2702,2885"/>
                <TextEquiv>
                    <Unicode>geklingel, denn er kennt das erhabene Geheimniß der Gedanken¬</Unicode>
                </TextEquiv>
            </TextLine>
            <TextLine id="r2l68" custom="readingOrder {index:67;}">
                <Coords points="2729,2900 3154,2888 3179,2906 3353,2904 3347,2847 3312,2864 3102,2847 3065,2872 3015,2848 2840,2859 2730,2831"/>
                <Baseline points="2741,2890 2771,2890 2801,2890 2831,2890 2861,2890 2891,2891 2921,2891 2951,2891 2981,2892 3011,2893 3041,2893 3071,2894 3101,2894 3131,2895 3161,2895 3191,2895 3221,2896 3251,2896 3281,2896 3311,2895 3342,2895"/>
                <TextEquiv>
                    <Unicode>ebenso gesuchten als geschmach</Unicode>
                </TextEquiv>
            </TextLine>
            <TextLine id="r2l69" custom="readingOrder {index:68;}">
                <Coords points="1508,2930 1519,2930 1543,2950 1551,2944 1568,2951 1573,2946 1597,2951 1619,2929 1666,2926 1666,2908 1643,2906 1625,2890 1608,2884 1586,2888 1578,2883 1563,2892 1543,2892 1537,2885 1530,2892 1509,2887"/>
                <Baseline points="1519,2923 1546,2921 1573,2922 1600,2922 1627,2923 1655,2923"/>
                <TextEquiv>
                    <Unicode>striche.</Unicode>
                </TextEquiv>
            </TextLine>
            <TextLine id="r2l70" custom="readingOrder {index:69;}">
                <Coords points="2738,2946 3344,2942 3344,2903 3325,2900 2738,2892"/>
                <Baseline points="2749,2937 2778,2935 2807,2934 2836,2933 2865,2933 2895,2932 2924,2932 2953,2933 2982,2933 3011,2934 3041,2934 3070,2935 3099,2936 3128,2936 3157,2937 3187,2937 3216,2937 3245,2937 3274,2937 3303,2936 3333,2935"/>
                <TextEquiv>
                    <Unicode>schöne Fritz verstimmt wal</Unicode>
                </TextEquiv>
            </TextLine>
            <TextLine id="r2l71" custom="readingOrder {index:70;}">
                <Coords points="1592,2987 2721,2976 2684,2921 2310,2944 1957,2906 1909,2940 1593,2939"/>
                <Baseline points="1604,2968 1659,2969 1714,2971 1769,2972 1825,2973 1880,2974 1935,2975 1991,2976 2046,2976 2101,2977 2157,2977 2212,2978 2267,2978 2322,2979 2378,2979 2433,2979 2488,2979 2544,2979 2599,2979 2654,2978 2710,2978"/>
                <TextEquiv>
                    <Unicode>Die Ashantee=Notizen füllen übrigens nicht, wie man nach</Unicode>
                </TextEquiv>
            </TextLine>
            <TextLine id="r2l72" custom="readingOrder {index:71;}">
                <Coords points="2725,2980 3045,2993 3195,2978 3249,2998 3280,2975 3299,2984 3300,2950 3057,2934 3040,2949 2934,2934 2726,2946"/>
                <Baseline points="2736,2975 2763,2975 2791,2975 2818,2975 2846,2975 2874,2975 2901,2976 2929,2976 2956,2976 2984,2976 3012,2976 3039,2977 3067,2977 3094,2978 3122,2979 3150,2980 3177,2981 3205,2982 3232,2983 3260,2985 3288,2986"/>
                <TextEquiv>
                    <Unicode>ebensowenig im Stande ist,</Unicode>
                </TextEquiv>
            </TextLine>
            <TextLine id="r2l73" custom="readingOrder {index:72;}">
                <Coords points="1508,3019 2424,3043 2707,3029 2708,2986 2253,3005 1509,2956"/>
                <Baseline points="1518,3009 1580,3011 1642,3014 1704,3015 1766,3017 1828,3019 1890,3020 1952,3022 2014,3023 2076,3024 2138,3024 2200,3025 2262,3025 2324,3025 2386,3025 2448,3025 2510,3024 2572,3023 2634,3022 2697,3020"/>
                <TextEquiv>
                    <Unicode>dem Titel des Buches erwarten sollte, den ganzen Band aus.</Unicode>
                </TextEquiv>
            </TextLine>
            <TextLine id="r2l74" custom="readingOrder {index:73;}">
                <Coords points="2731,3027 3353,3032 3353,3003 3280,2974 3236,3000 3197,2980 2877,2979 2853,2998 2732,2984"/>
                <Baseline points="2743,3024 2774,3022 2806,3021 2837,3020 2869,3020 2900,3020 2932,3020 2963,3020 2995,3021 3026,3022 3058,3023 3089,3024 3121,3025 3152,3026 3184,3026 3215,3026 3247,3026 3278,3026 3310,3025 3342,3024"/>
                <TextEquiv>
                    <Unicode>seine Kollegen von der „Mo¬</Unicode>
                </TextEquiv>
            </TextLine>
            <TextLine id="r2l75" custom="readingOrder {index:74;}">
                <Coords points="1518,3065 2718,3074 2718,3028 2608,3019 1519,3018"/>
                <Baseline points="1529,3052 1591,3055 1653,3059 1715,3061 1777,3064 1839,3065 1901,3067 1963,3068 2025,3069 2087,3069 2149,3069 2211,3069 2273,3069 2335,3069 2397,3068 2459,3067 2521,3066 2583,3065 2645,3064 2708,3063"/>
                <TextEquiv>
                    <Unicode>Sie haben diesem nur als die erste Arbeit, die der Autor</Unicode>
                </TextEquiv>
            </TextLine>
            <TextLine id="r2l76" custom="readingOrder {index:75;}">
                <Coords points="2740,3070 2920,3069 3056,3095 3160,3081 3268,3102 3353,3085 3353,3031 3312,3026 3232,3041 3050,3021 2961,3044 2881,3024 2740,3031"/>
                <Baseline points="2750,3063 2779,3064 2809,3064 2838,3064 2868,3064 2898,3065 2927,3065 2957,3065 2986,3066 3016,3066 3046,3066 3075,3067 3105,3067 3134,3067 3164,3068 3194,3068 3223,3069 3253,3069 3282,3069 3312,3070 3342,3070"/>
                <TextEquiv>
                    <Unicode>Sammlung sowohl seinem Scha</Unicode>
                </TextEquiv>
            </TextLine>
            <TextLine id="r2l77" custom="readingOrder {index:76;}">
                <Coords points="1513,3100 2602,3126 2723,3120 2724,3083 1513,3057"/>
                <Baseline points="1524,3098 1583,3101 1642,3103 1702,3105 1761,3107 1821,3108 1880,3109 1939,3110 1999,3111 2058,3111 2118,3112 2177,3112 2236,3112 2296,3112 2355,3111 2415,3111 2474,3110 2533,3109 2593,3108 2652,3108 2712,3107"/>
                <TextEquiv>
                    <Unicode>vermuthlich für die bedeutendste hält, den Namen gegeben, wie</Unicode>
                </TextEquiv>
            </TextLine>
            <TextLine id="r2l78" custom="readingOrder {index:77;}">
                <Coords points="2732,3127 2767,3125 2786,3133 2814,3113 2857,3115 2868,3107 2886,3119 2907,3113 2948,3128 2983,3119 2983,3080 2952,3078 2942,3067 2931,3078 2920,3069 2903,3078 2853,3068 2732,3073"/>
                <Baseline points="2742,3117 2767,3112 2793,3109 2818,3108 2844,3108 2869,3108 2895,3109 2920,3110 2946,3111 2972,3112"/>
                <TextEquiv>
                    <Unicode>heblich nach.</Unicode>
                </TextEquiv>
            </TextLine>
            <TextLine id="r2l79" custom="readingOrder {index:78;}">
                <Coords points="1512,3144 2714,3175 2695,3110 1513,3101"/>
                <Baseline points="1523,3144 1582,3145 1641,3146 1700,3148 1759,3149 1818,3150 1877,3151 1936,3152 1995,3153 2054,3153 2113,3154 2172,3154 2231,3154 2290,3154 2349,3154 2408,3154 2467,3153 2526,3152 2585,3150 2644,3149 2704,3147"/>
                <TextEquiv>
                    <Unicode>das jetzt so Mode ist. Die übrigen Arbeiten, die auch meist</Unicode>
                </TextEquiv>
            </TextLine>
            <TextLine id="r2l80" custom="readingOrder {index:79;}">
                <Coords points="2811,3155 2911,3170 2958,3142 3017,3166 3073,3153 3251,3173 3322,3152 3322,3102 3283,3115 3188,3088 3093,3114 2811,3114"/>
                <Baseline points="2821,3153 2846,3154 2872,3154 2898,3154 2924,3155 2949,3155 2975,3155 3001,3155 3027,3155 3053,3156 3078,3156 3104,3156 3130,3156 3156,3155 3182,3155 3207,3155 3233,3155 3259,3155 3285,3155 3311,3155"/>
                <TextEquiv>
                    <Unicode>Dieser für die junge</Unicode>
                </TextEquiv>
            </TextLine>
            <TextLine id="r2l81" custom="readingOrder {index:80;}">
                <Coords points="1518,3195 2607,3210 2719,3186 2720,3156 1518,3150"/>
                <Baseline points="1528,3186 1587,3188 1646,3189 1705,3190 1764,3192 1823,3193 1882,3194 1941,3195 2000,3196 2059,3197 2118,3197 2177,3198 2236,3198 2295,3198 2354,3198 2413,3197 2472,3196 2531,3196 2590,3194 2649,3192 2708,3190"/>
                <TextEquiv>
                    <Unicode>mit Widmungen versehen sind — aber an weiße Damen —</Unicode>
                </TextEquiv>
            </TextLine>
            <TextLine id="r2l82" custom="readingOrder {index:81;}">
                <Coords points="2725,3207 3336,3204 3336,3163 3291,3152 3273,3167 3005,3166 2968,3148 2907,3170 2726,3131"/>
                <Baseline points="2735,3198 2764,3198 2794,3197 2823,3197 2853,3197 2882,3197 2912,3197 2941,3198 2971,3199 3000,3199 3030,3200 3060,3201 3089,3201 3119,3202 3148,3202 3178,3202 3207,3202 3237,3202 3266,3202 3296,3201 3326,3200"/>
                <TextEquiv>
                    <Unicode>teristische Mangel der Erzähl</Unicode>
                </TextEquiv>
            </TextLine>
            <TextLine id="r2l83" custom="readingOrder {index:82;}">
                <Coords points="1516,3235 2685,3252 2709,3187 2215,3222 1516,3196"/>
                <Baseline points="1526,3232 1584,3233 1643,3235 1701,3236 1760,3237 1818,3239 1877,3240 1935,3241 1994,3241 2052,3242 2111,3243 2170,3243 2228,3243 2287,3243 2345,3242 2404,3242 2462,3241 2521,3239 2579,3237 2638,3236 2697,3233"/>
                <TextEquiv>
                    <Unicode>lesen sich womöglich noch drolliger, namentlich „Theobronia“</Unicode>
                </TextEquiv>
            </TextLine>
            <TextLine id="r2l84" custom="readingOrder {index:83;}">
                <Coords points="2730,3250 3353,3260 3354,3199 2730,3207"/>
                <Baseline points="2740,3240 2770,3240 2800,3240 2830,3240 2860,3240 2890,3240 2920,3241 2950,3241 2980,3242 3010,3242 3041,3243 3071,3243 3101,3243 3131,3244 3161,3244 3191,3244 3221,3244 3251,3244 3281,3245 3311,3244 3342,3244"/>
                <TextEquiv>
                    <Unicode>den Romanen Ludwig Wolf</Unicode>
                </TextEquiv>
            </TextLine>
            <TextLine id="r2l85" custom="readingOrder {index:84;}">
                <Coords points="1505,3278 1813,3298 1871,3266 2185,3305 2722,3277 2688,3242 1506,3239"/>
                <Baseline points="1516,3275 1575,3276 1635,3277 1695,3278 1755,3280 1815,3281 1874,3282 1934,3283 1994,3284 2054,3285 2114,3286 2173,3286 2233,3287 2293,3287 2353,3287 2413,3287 2472,3287 2532,3286 2592,3285 2652,3284 2712,3282"/>
                <TextEquiv>
                    <Unicode>und „Liebesnacht“. Aus der letztgenannten Arbeit seien hier</Unicode>
                </TextEquiv>
            </TextLine>
            <TextLine id="r2l86" custom="readingOrder {index:85;}">
                <Coords points="2734,3288 2888,3306 2905,3291 3336,3292 3336,3264 3293,3246 2735,3247"/>
                <Baseline points="2746,3281 2775,3282 2804,3283 2833,3283 2862,3284 2891,3284 2920,3285 2949,3285 2978,3285 3007,3285 3036,3286 3065,3286 3094,3286 3123,3286 3152,3287 3181,3287 3210,3288 3239,3288 3268,3289 3297,3290 3326,3291"/>
                <TextEquiv>
                    <Unicode>den Versuch unternommen hat,</Unicode>
                </TextEquiv>
            </TextLine>
            <TextLine id="r2l87" custom="readingOrder {index:86;}">
                <Coords points="1510,3330 2577,3359 2718,3325 2673,3286 1510,3288"/>
                <Baseline points="1522,3320 1581,3321 1640,3323 1699,3324 1759,3325 1818,3326 1877,3326 1936,3327 1996,3328 2055,3328 2114,3328 2173,3329 2233,3329 2292,3329 2351,3329 2410,3329 2470,3328 2529,3328 2588,3328 2647,3328 2707,3327"/>
                <TextEquiv>
                    <Unicode>einige Stellen wiedergegeben, die Herrn Peter A. auf der</Unicode>
                </TextEquiv>
            </TextLine>
            <TextLine id="r2l88" custom="readingOrder {index:87;}">
                <Coords points="2733,3330 2834,3347 2854,3329 2878,3345 2975,3326 3025,3348 3094,3334 3159,3352 3189,3335 3287,3349 3352,3323 3352,3293 3328,3291 2733,3289"/>
                <Baseline points="2743,3329 2774,3328 2806,3327 2837,3327 2869,3327 2900,3327 2932,3327 2963,3328 2995,3328 3026,3329 3058,3329 3089,3330 3121,3331 3152,3331 3184,3331 3215,3332 3247,3332 3278,3332 3310,3331 3342,3331"/>
                <TextEquiv>
                    <Unicode>Skizzen und Stimmungsbilder.</Unicode>
                </TextEquiv>
            </TextLine>
            <TextLine id="r2l89" custom="readingOrder {index:88;}">
                <Coords points="1513,3377 1556,3396 1630,3366 2255,3383 2255,3340 2186,3331 1989,3348 1794,3322 1513,3331"/>
                <Baseline points="1523,3372 1559,3372 1595,3371 1631,3371 1667,3371 1703,3371 1739,3371 1775,3372 1811,3372 1847,3372 1884,3372 1920,3372 1956,3372 1992,3372 2028,3372 2064,3372 2100,3372 2136,3372 2172,3371 2208,3370 2245,3369"/>
                <TextEquiv>
                    <Unicode>Höhe seiner eigenartigen Kunst zeigen.</Unicode>
                </TextEquiv>
            </TextLine>
            <TextLine id="r2l90" custom="readingOrder {index:89;}">
                <Coords points="2726,3381 2975,3374 2995,3390 3129,3373 3185,3400 3233,3376 3348,3396 3348,3342 3315,3338 3153,3352 2978,3327 2727,3334"/>
                <Baseline points="2737,3380 2768,3376 2800,3372 2831,3370 2863,3368 2894,3367 2926,3367 2957,3367 2989,3368 3020,3369 3052,3370 3083,3371 3115,3373 3146,3373 3178,3374 3209,3375 3241,3375 3272,3375 3304,3375 3336,3373"/>
                <TextEquiv>
                    <Unicode>Wasser"***) und „Studen</Unicode>
                </TextEquiv>
            </TextLine>
            <TextLine id="r2l91" custom="readingOrder {index:90;}">
                <Coords points="1597,3435 1820,3410 2340,3440 2470,3408 2470,3365 2334,3353 2303,3384 2167,3392 2119,3366 1597,3378"/>
                <Baseline points="1609,3412 1651,3413 1693,3414 1736,3415 1778,3415 1821,3416 1863,3417 1906,3417 1948,3417 1991,3418 2033,3418 2075,3418 2118,3418 2160,3418 2203,3418 2245,3418 2288,3418 2330,3417 2373,3417 2415,3417 2458,3416"/>
                <TextEquiv>
                    <Unicode>Schon der Anfang ist höchst charakteristisch:</Unicode>
                </TextEquiv>
            </TextLine>
            <TextLine id="r2l92" custom="readingOrder {index:91;}">
                <Coords points="2728,3422 2920,3421 2936,3435 2970,3415 2992,3433 3135,3425 3158,3443 3182,3419 3267,3433 3286,3424 3287,3385 2728,3381"/>
                <Baseline points="2739,3420 2765,3420 2792,3419 2819,3419 2846,3419 2873,3419 2900,3419 2926,3419 2953,3419 2980,3419 3007,3420 3034,3420 3061,3420 3088,3421 3114,3421 3141,3422 3168,3422 3195,3422 3222,3422 3249,3423 3276,3423"/>
                <TextEquiv>
                    <Unicode>mißlungen, wenngleich sie</Unicode>
                </TextEquiv>
            </TextLine>
            <TextLine id="r2l93" custom="readingOrder {index:92;}">
                <Coords points="2727,3458 2978,3477 3015,3462 3050,3486 3074,3465 3201,3483 3232,3465 3342,3466 3342,3431 3282,3422 3217,3433 3189,3418 3160,3441 3102,3424 2985,3432 2970,3416 2935,3433 2728,3428"/>
                <Baseline points="2739,3463 2768,3462 2798,3461 2827,3461 2857,3461 2887,3460 2916,3460 2946,3460 2976,3461 3005,3461 3035,3461 3065,3461 3094,3462 3124,3462 3154,3463 3183,3463 3213,3463 3243,3464 3272,3464 3302,3464 3332,3464"/>
                <TextEquiv>
                    <Unicode>gamentlich der zweite, der aber</Unicode>
                </TextEquiv>
            </TextLine>
            <TextLine id="r2l94" custom="readingOrder {index:93;}">
                <Coords points="1593,3466 2545,3471 2606,3460 2606,3413 1905,3439 1818,3409 1593,3440"/>
                <Baseline points="1604,3458 1653,3458 1703,3458 1752,3458 1802,3459 1852,3460 1901,3460 1951,3461 2000,3461 2050,3462 2100,3463 2149,3463 2199,3463 2248,3464 2298,3464 2348,3464 2397,3463 2447,3463 2496,3462 2546,3461 2596,3459"/>
                <TextEquiv>
                    <Unicode>„Pauline hatte mehr vom Mysterium „Genie“ als —</Unicode>
                </TextEquiv>
            </TextLine>
            <TextLine id="r2l95" custom="readingOrder {index:94;}">
                <Coords points="1511,3500 2709,3528 2709,3467 2655,3458 2168,3484 1512,3446"/>
                <Baseline points="1523,3498 1581,3498 1640,3499 1699,3499 1757,3500 1816,3501 1875,3502 1933,3502 1992,3503 2051,3504 2110,3505 2168,3506 2227,3506 2286,3507 2344,3507 2403,3507 2462,3508 2520,3507 2579,3507 2638,3507 2697,3506"/>
                <TextEquiv>
                    <Unicode>Wie außerhalb des engen Lebens ist sie manches Mal. Wo</Unicode>
                </TextEquiv>
            </TextLine>
            <TextLine id="r2l96" custom="readingOrder {index:95;}">
                <Coords points="2720,3506 3203,3506 3255,3530 3343,3520 3344,3464 3091,3464 3051,3485 3006,3465 2720,3472"/>
                <Baseline points="2730,3504 2760,3504 2790,3504 2820,3504 2850,3504 2880,3504 2910,3504 2941,3505 2971,3505 3001,3505 3031,3506 3061,3506 3091,3507 3121,3507 3152,3507 3182,3508 3212,3508 3242,3508 3272,3508 3302,3508 3333,3508"/>
                <TextEquiv>
                    <Unicode>licher Weise im Sande verrin</Unicode>
                </TextEquiv>
            </TextLine>
            <TextLine id="r2l97" custom="readingOrder {index:96;}">
                <Coords points="1507,3552 2715,3551 2715,3519 2609,3505 1507,3498"/>
                <Baseline points="1518,3538 1577,3542 1636,3544 1696,3545 1755,3547 1814,3548 1874,3549 1933,3550 1992,3550 2052,3551 2111,3551 2170,3551 2230,3551 2289,3551 2348,3550 2408,3550 2467,3550 2526,3550 2586,3550 2645,3551 2705,3551"/>
                <TextEquiv>
                    <Unicode>befindet sie sich?! Eigentlich ist sie vielleicht nur schwächlich,</Unicode>
                </TextEquiv>
            </TextLine>
            <TextLine id="r2l98" custom="readingOrder {index:97;}">
                <Coords points="2723,3568 2851,3548 2942,3565 3061,3550 3106,3572 3258,3549 3310,3561 3310,3533 3166,3508 3057,3520 2980,3499 2936,3520 2847,3505 2724,3520"/>
                <Baseline points="2734,3551 2762,3549 2790,3548 2818,3547 2847,3547 2875,3547 2903,3547 2932,3548 2960,3549 2988,3550 3017,3551 3045,3552 3073,3553 3101,3554 3130,3555 3158,3555 3186,3556 3215,3556 3243,3555 3271,3554 3300,3553"/>
                <TextEquiv>
                    <Unicode>seines Verfassers offenbart.</Unicode>
                </TextEquiv>
            </TextLine>
            <TextLine id="r2l99" custom="readingOrder {index:98;}">
                <Coords points="1514,3597 2707,3590 2707,3553 1515,3547"/>
                <Baseline points="1526,3583 1584,3585 1643,3586 1701,3588 1760,3589 1818,3590 1877,3591 1935,3592 1994,3593 2052,3594 2111,3594 2170,3594 2228,3595 2287,3595 2345,3595 2404,3594 2462,3594 2521,3593 2579,3592 2638,3591 2697,3590"/>
                <TextEquiv>
                    <Unicode>kann nicht Stand halten dem strengen Tage. Wie wenn Je¬</Unicode>
                </TextEquiv>
            </TextLine>
            <TextLine id="r2l100" custom="readingOrder {index:99;}">
                <Coords points="2728,3607 2907,3594 3089,3611 3195,3590 3297,3613 3353,3601 3354,3562 2728,3562"/>
                <Baseline points="2738,3599 2768,3597 2798,3596 2828,3595 2858,3594 2889,3593 2919,3593 2949,3593 2979,3593 3009,3594 3040,3594 3070,3595 3100,3596 3130,3597 3160,3597 3191,3598 3221,3599 3251,3600 3281,3600 3311,3601 3342,3602"/>
                <TextEquiv>
                    <Unicode>größere Erzählung — wenigst</Unicode>
                </TextEquiv>
            </TextLine>
            <TextLine id="r2l101" custom="readingOrder {index:100;}">
                <Coords points="1506,3631 2707,3652 2708,3589 1506,3595"/>
                <Baseline points="1516,3628 1575,3630 1634,3631 1693,3633 1752,3634 1811,3635 1870,3636 1929,3637 1988,3638 2047,3638 2106,3639 2165,3639 2224,3639 2283,3640 2342,3639 2401,3639 2460,3639 2519,3638 2578,3637 2637,3636 2697,3635"/>
                <TextEquiv>
                    <Unicode>mand nicht mehr schlucken könnte. Man giebt ihm feine un¬</Unicode>
                </TextEquiv>
            </TextLine>
            <TextLine id="r2l102" custom="readingOrder {index:101;}">
                <Coords points="2734,3638 2911,3657 3102,3637 3192,3660 3353,3635 3353,3601 2734,3607"/>
                <Baseline points="2745,3635 2774,3636 2804,3637 2834,3638 2864,3639 2894,3639 2923,3639 2953,3639 2983,3639 3013,3639 3043,3639 3072,3639 3102,3639 3132,3639 3162,3639 3192,3640 3221,3640 3251,3641 3281,3643 3311,3644 3341,3646"/>
                <TextEquiv>
                    <Unicode>zulänglich erwiesen, so kommt</Unicode>
                </TextEquiv>
            </TextLine>
            <TextLine id="r2l103" custom="readingOrder {index:102;}">
                <Coords points="1505,3679 2623,3700 2711,3686 2712,3642 1506,3631"/>
                <Baseline points="1517,3672 1576,3673 1635,3674 1694,3675 1753,3676 1812,3678 1871,3679 1931,3680 1990,3681 2049,3682 2108,3682 2167,3683 2226,3684 2285,3684 2345,3684 2404,3684 2463,3683 2522,3682 2581,3681 2640,3679 2700,3677"/>
                <TextEquiv>
                    <Unicode>kompakte, breiartige Dinge. Ganz zart wird er, und milde</Unicode>
                </TextEquiv>
            </TextLine>
            <TextLine id="r2l104" custom="readingOrder {index:103;}">
                <Coords points="2728,3689 2949,3684 2981,3700 3027,3681 3111,3701 3187,3686 3211,3706 3267,3682 3349,3689 3350,3631 3261,3652 2728,3644"/>
                <Baseline points="2740,3678 2769,3679 2799,3680 2829,3681 2859,3682 2889,3682 2919,3683 2949,3683 2979,3683 3009,3684 3039,3684 3068,3684 3098,3684 3128,3684 3158,3684 3188,3684 3218,3684 3248,3683 3278,3683 3308,3683 3338,3683"/>
                <TextEquiv>
                    <Unicode>bisweilen recht wirksam zur Ge</Unicode>
                </TextEquiv>
            </TextLine>
            <TextLine id="r2l105" custom="readingOrder {index:104;}">
                <Coords points="1520,3725 2722,3732 2722,3676 1520,3677"/>
                <Baseline points="1530,3714 1589,3717 1648,3719 1707,3720 1766,3721 1825,3723 1884,3723 1943,3724 2002,3725 2061,3725 2120,3726 2179,3726 2238,3726 2297,3726 2356,3726 2415,3725 2474,3725 2533,3725 2592,3725 2651,3724 2711,3724"/>
                <TextEquiv>
                    <Unicode>verwunderte Blicke wirft er auf die Menschen, welche aus</Unicode>
                </TextEquiv>
            </TextLine>
            <TextLine id="r2l106" custom="readingOrder {index:105;}">
                <Coords points="2728,3726 3003,3746 3100,3725 3124,3743 3336,3732 3336,3703 3272,3685 3206,3707 3185,3685 3116,3701 3012,3683 2984,3698 2728,3687"/>
                <Baseline points="2738,3723 2767,3724 2796,3724 2826,3725 2855,3725 2885,3726 2914,3726 2943,3727 2973,3727 3002,3728 3032,3728 3061,3728 3090,3728 3120,3729 3149,3729 3179,3729 3208,3729 3237,3728 3267,3728 3296,3728 3326,3728"/>
                <TextEquiv>
                    <Unicode>Momentaufnahmen aus dem</Unicode>
                </TextEquiv>
            </TextLine>
            <TextLine id="r2l107" custom="readingOrder {index:106;}">
                <Coords points="1508,3766 1709,3797 1837,3767 2703,3780 2675,3728 1508,3732"/>
                <Baseline points="1519,3763 1577,3763 1636,3764 1695,3765 1753,3766 1812,3767 1871,3768 1929,3769 1988,3770 2047,3771 2106,3772 2164,3773 2223,3773 2282,3774 2340,3774 2399,3774 2458,3774 2516,3773 2575,3773 2634,3772 2693,3770"/>
                <TextEquiv>
                    <Unicode>vollen Schüsseln essen. Jedesfalls wird er ganz zart und</Unicode>
                </TextEquiv>
            </TextLine>
            <TextLine id="r2l108" custom="readingOrder {index:107;}">
                <Coords points="2724,3788 2847,3773 2951,3796 2995,3768 3066,3784 3116,3767 3159,3793 3196,3774 3339,3781 3352,3731 2724,3734"/>
                <Baseline points="2735,3768 2765,3768 2795,3768 2826,3768 2856,3768 2886,3768 2917,3769 2947,3769 2977,3770 3008,3770 3038,3770 3068,3771 3099,3772 3129,3772 3159,3772 3190,3772 3220,3772 3250,3771 3281,3771 3311,3770 3342,3769"/>
                <TextEquiv>
                    <Unicode>gemeinsamen Titel „Professic</Unicode>
                </TextEquiv>
            </TextLine>
            <TextLine id="r2l109" custom="readingOrder {index:108;}">
                <Coords points="1510,3817 1530,3817 1536,3824 1553,3815 1580,3828 1599,3815 1608,3819 1623,3810 1642,3808 1670,3819 1670,3771 1642,3778 1594,3765 1586,3769 1566,3765 1553,3776 1529,3765 1510,3768"/>
                <Baseline points="1521,3803 1548,3805 1576,3805 1603,3805 1631,3804 1659,3803"/>
                <TextEquiv>
                    <Unicode>milde —</Unicode>
                </TextEquiv>
            </TextLine>
            <TextLine id="r2l110" custom="readingOrder {index:109;}">
                <Coords points="2729,3832 3166,3811 3185,3829 3222,3816 3246,3836 3296,3819 3333,3832 3318,3776 3203,3773 3164,3792 3108,3767 3084,3782 2995,3769 2952,3792 2859,3772 2729,3778"/>
                <Baseline points="2740,3810 2769,3812 2798,3813 2827,3813 2856,3814 2885,3814 2914,3814 2943,3814 2972,3814 3001,3814 3031,3814 3060,3814 3089,3814 3118,3814 3147,3814 3176,3814 3205,3815 3234,3816 3263,3816 3292,3818 3322,3819"/>
                <TextEquiv>
                    <Unicode>sammlung „Dunkle Sehns</Unicode>
                </TextEquiv>
            </TextLine>
            <TextLine id="r2l111" custom="readingOrder {index:110;}">
                <Coords points="1605,3854 2146,3872 2177,3846 2646,3891 2714,3865 2714,3807 2662,3798 2402,3819 2222,3787 1984,3830 1746,3785 1605,3813"/>
                <Baseline points="1616,3851 1670,3852 1724,3853 1779,3854 1833,3854 1887,3854 1942,3854 1996,3854 2050,3854 2105,3854 2159,3853 2213,3853 2268,3853 2322,3853 2376,3853 2431,3854 2485,3855 2539,3856 2594,3857 2648,3859 2703,3861"/>
                <TextEquiv>
                    <Unicode>Von dieser Pauline wird des Weiteren berichtet, daß sie</Unicode>
                </TextEquiv>
            </TextLine>
            <TextLine id="r2l112" custom="readingOrder {index:111;}">
                <Coords points="2725,3862 2954,3872 3084,3852 3114,3870 3339,3873 3353,3810 3253,3838 3127,3816 2725,3825"/>
                <Baseline points="2736,3857 2766,3857 2796,3858 2826,3858 2857,3858 2887,3858 2917,3858 2947,3858 2978,3858 3008,3858 3038,3858 3068,3858 3099,3858 3129,3858 3159,3859 3189,3859 3220,3859 3250,3859 3280,3859 3310,3859 3341,3860"/>
                <TextEquiv>
                    <Unicode>ersten Buche des Autors, bei</Unicode>
                </TextEquiv>
            </TextLine>
            <TextLine id="r2l113" custom="readingOrder {index:112;}">
                <Coords points="1509,3927 1658,3893 2171,3925 2559,3895 2559,3864 2486,3860 2044,3880 1509,3844"/>
                <Baseline points="1520,3898 1571,3897 1622,3897 1674,3897 1725,3898 1777,3898 1828,3898 1879,3899 1931,3900 1982,3900 2034,3901 2085,3902 2136,3902 2188,3903 2239,3903 2291,3903 2342,3903 2393,3903 2445,3902 2496,3902 2548,3900"/>
                <TextEquiv>
                    <Unicode>schlafe, ihr Gatte aber und „der Gast“ sitzen bei ihr:</Unicode>
                </TextEquiv>
            </TextLine>
            <TextLine id="r2l114" custom="readingOrder {index:113;}">
                <Coords points="2726,3920 2848,3904 2901,3922 2923,3901 3016,3897 3280,3920 3352,3901 3352,3871 3326,3864 2727,3868"/>
                <Baseline points="2738,3897 2768,3897 2798,3897 2828,3898 2858,3898 2889,3898 2919,3899 2949,3899 2979,3900 3009,3900 3040,3901 3070,3901 3100,3902 3130,3902 3160,3902 3191,3903 3221,3903 3251,3903 3281,3903 3311,3902 3342,3902"/>
                <TextEquiv>
                    <Unicode>Schnitzler und Altenberg ungen</Unicode>
                </TextEquiv>
            </TextLine>
            <TextLine id="r2l115" custom="readingOrder {index:114;}">
                <Coords points="1598,3957 2068,3975 2174,3938 2458,3971 2594,3936 2694,3954 2718,3893 2395,3925 1598,3916"/>
                <Baseline points="1609,3944 1663,3944 1718,3943 1773,3943 1828,3943 1883,3944 1938,3944 1992,3944 2047,3945 2102,3945 2157,3946 2212,3946 2267,3946 2322,3946 2376,3946 2431,3946 2486,3946 2541,3945 2596,3944 2651,3942 2706,3941"/>
                <TextEquiv>
                    <Unicode>„Zwei stumme Wächter vor den Thoren des</Unicode>
                </TextEquiv>
            </TextLine>
            <TextLine id="r2l116" custom="readingOrder {index:115;}">
                <Coords points="2808,3949 3213,3960 3274,3943 3352,3964 3339,3907 3088,3915 3006,3899 2809,3914"/>
                <Baseline points="2820,3943 2846,3944 2872,3945 2898,3945 2924,3946 2950,3946 2976,3947 3002,3947 3028,3947 3054,3948 3080,3948 3106,3948 3132,3949 3158,3949 3184,3949 3210,3949 3236,3949 3262,3949 3288,3949 3314,3950 3341,3950"/>
                <TextEquiv>
                    <Unicode>So ein Dutzend=Talent sch</Unicode>
                </TextEquiv>
            </TextLine>
            <TextLine id="r2l117" custom="readingOrder {index:116;}">
                <Coords points="1520,3988 1533,3988 1546,4001 1561,3997 1576,4008 1620,3989 1635,3994 1643,3989 1654,3996 1667,3992 1676,4000 1693,3990 1715,3994 1715,3951 1691,3955 1672,3946 1661,3957 1648,3957 1635,3946 1616,3950 1605,3939 1590,3946 1568,3932 1546,3943 1520,3943"/>
                <Baseline points="1530,3979 1559,3981 1588,3982 1617,3981 1646,3981 1675,3981 1704,3983"/>
                <TextEquiv>
                    <Unicode>Schlafes -</Unicode>
                </TextEquiv>
            </TextLine>
            <TextLine id="r2l118" custom="readingOrder {index:117;}">
                <Coords points="2738,3996 2775,3991 2816,4001 2829,3990 2851,3994 2857,3988 2905,3998 2926,3978 2952,3978 2952,3952 2920,3959 2907,3950 2872,3955 2859,3949 2824,3969 2763,3926 2737,3922"/>
                <Baseline points="2750,3987 2777,3988 2804,3989 2832,3988 2859,3988 2887,3987 2914,3986 2942,3986"/>
                <TextEquiv>
                    <Unicode>sein, der</Unicode>
                </TextEquiv>
            </TextLine>
            <TextLine id="r2l119" custom="readingOrder {index:118;}">
                <Coords points="2980,3992 3022,3985 3088,4001 3115,3986 3205,4005 3322,3997 3353,4008 3353,3954 3295,3960 3271,3938 3210,3961 3178,3950 3106,3960 2981,3953"/>
                <Baseline points="2992,3984 3017,3986 3042,3988 3067,3990 3092,3990 3117,3990 3142,3990 3167,3990 3192,3990 3217,3990 3242,3989 3267,3989 3292,3990 3317,3991 3342,3992"/>
                <TextEquiv>
                    <Unicode> der Novellette</Unicode>
                </TextEquiv>
            </TextLine>
            <TextLine id="r2l120" custom="readingOrder {index:119;}">
                <Coords points="2732,4034 2975,4047 3012,4026 3063,4048 3354,4051 3354,4010 3322,3998 2733,3995"/>
                <Baseline points="2743,4035 2774,4031 2806,4029 2837,4027 2869,4026 2900,4026 2932,4026 2963,4026 2995,4027 3026,4028 3058,4030 3089,4031 3121,4033 3152,4034 3184,4035 3215,4036 3247,4036 3278,4036 3310,4036 3342,4035"/>
                <TextEquiv>
                    <Unicode>bliebene"|f) erst im vergangen</Unicode>
                </TextEquiv>
            </TextLine>
            <TextLine id="r2l121" custom="readingOrder {index:120;}">
                <Coords points="1598,4034 1846,4063 2338,4034 2418,4072 2667,4046 2704,3988 1598,3989"/>
                <Baseline points="1609,4023 1663,4026 1717,4029 1771,4030 1825,4033 1879,4034 1933,4036 1988,4037 2042,4038 2096,4039 2150,4039 2204,4039 2258,4039 2312,4039 2367,4039 2421,4039 2475,4038 2529,4037 2583,4036 2637,4035 2692,4034"/>
                <TextEquiv>
                    <Unicode>Der Gast sagt leise: „Ich habe einen Satz ge¬</Unicode>
                </TextEquiv>
            </TextLine>
            <TextLine id="r2l122" custom="readingOrder {index:121;}">
                <Coords points="1511,4083 1544,4082 1561,4089 1572,4082 1585,4089 1594,4081 1609,4085 1622,4075 1637,4080 1644,4073 1663,4074 1664,4037 1612,4038 1599,4027 1588,4033 1562,4024 1554,4015 1541,4015 1535,4008 1513,4008"/>
                <Baseline points="1522,4067 1548,4069 1574,4069 1600,4069 1626,4070 1652,4071"/>
                <TextEquiv>
                    <Unicode>dichtet</Unicode>
                </TextEquiv>
            </TextLine>
            <TextLine id="r2l123" custom="readingOrder {index:122;}">
                <Coords points="2737,4079 2984,4080 3008,4097 3226,4074 3343,4103 3343,4040 2737,4036"/>
                <Baseline points="2748,4080 2777,4079 2806,4077 2835,4077 2864,4076 2894,4075 2923,4075 2952,4075 2981,4075 3010,4075 3040,4075 3069,4076 3098,4076 3127,4077 3156,4077 3186,4077 3215,4078 3244,4078 3273,4078 3302,4079 3332,4079"/>
                <TextEquiv>
                    <Unicode>hat. Die Geschichte von der klugen</Unicode>
                </TextEquiv>
            </TextLine>
            <TextLine id="r2l124" custom="readingOrder {index:123;}">
                <Coords points="1591,4123 1631,4133 1699,4113 1745,4131 1844,4115 1895,4133 1963,4111 1996,4121 1998,4092 1956,4094 1919,4073 1842,4095 1748,4068 1696,4070 1677,4084 1657,4073 1590,4082"/>
                <Baseline points="1603,4125 1628,4123 1654,4122 1679,4121 1705,4119 1731,4119 1756,4117 1782,4117 1807,4116 1833,4116 1859,4115 1884,4114 1910,4113 1935,4113 1961,4112 1987,4110"/>
                <TextEquiv>
                    <Unicode>Ihr Gatte: ———</Unicode>
                </TextEquiv>
            </TextLine>
            <TextLine id="r2l125" custom="readingOrder {index:124;}">
                <Coords points="2733,4124 3331,4124 3331,4102 3227,4075 3108,4094 3024,4082 3009,4097 2983,4079 2734,4077"/>
                <Baseline points="2745,4117 2773,4119 2802,4120 2831,4121 2859,4121 2888,4122 2917,4123 2945,4123 2974,4123 3003,4123 3032,4123 3060,4124 3089,4124 3118,4124 3146,4124 3175,4124 3204,4124 3232,4124 3261,4125 3290,4125 3319,4126"/>
                <TextEquiv>
                    <Unicode>kenatniß, daß ihre Bluthezeit</Unicode>
                </TextEquiv>
            </TextLine>
            <TextLine id="r2l126" custom="readingOrder {index:125;}">
                <Coords points="1594,4160 3346,4175 3326,4125 1594,4124"/>
                <Baseline points="1605,4165 1691,4165 1778,4165 1864,4166 1951,4165 2037,4165 2124,4165 2210,4165 2297,4165 2383,4164 2470,4164 2557,4164 2643,4163 2730,4163 2816,4163 2903,4163 2989,4163 3076,4163 3162,4163 3249,4163 3336,4163"/>
                <TextEquiv>
                    <Unicode>„Wenn sie wacht, schläft sie — —— und wenn sietkellner des Restaurants hei</Unicode>
                </TextEquiv>
            </TextLine>
            <TextLine id="r2l127" custom="readingOrder {index:126;}">
                <Coords points="2880,4205 2914,4210 2925,4199 2949,4206 2992,4195 3120,4203 3142,4214 3166,4204 3196,4210 3217,4206 3218,4178 3044,4179 3001,4167 2930,4178 2880,4168"/>
                <Baseline points="2890,4201 2916,4200 2942,4199 2969,4198 2995,4198 3021,4198 3048,4198 3074,4198 3100,4199 3127,4200 3153,4201 3179,4202 3206,4204"/>
                <TextEquiv>
                    <Unicode>1is Sahnerg ein</Unicode>
                </TextEquiv>
            </TextLine>
            <TextLine id="r2l128" custom="readingOrder {index:127;}">
                <Coords points="1671,4202 1682,4202 1689,4209 1697,4204 1704,4207 1713,4202 1730,4202 1745,4213 1756,4207 1767,4207 1767,4163 1738,4163 1717,4174 1710,4168 1671,4170"/>
                <Baseline points="1683,4202 1719,4198 1755,4202"/>
                <TextEquiv>
                    <Unicode>mht</Unicode>
                </TextEquiv>
            </TextLine>
            <TextEquiv>
                <Unicode>Nordbeurschen
An
Berlin, Sonntag den 3. Februar


King's street, Lömö=house.
dafür zu gelten, das Symptom
West=Coast, Afrika.“
denn es ist gewiß pervers, wen
Fertig! Das ist das ganze Kapitel, dem eine eigene Seite ein¬
abgelebt sein will, darin einen
geräumt ist!
nur die keineswegs mehr orig
Von der Art, in der Herr Peter A. dichtet, kann sich
täglich auf den Boulevards,
Niemand eine Vorstellung machen, der mit den sonderbaren
den Linden beobachten kau
Allüren der „Modernen“ nicht vertraut ist; da die Zahl dieser
und selbst bartlose Bursche
Wissenden aber nur gering ist, so empfiehlt es sich, yier einige
blödem Ausdruck und schlaffer H
Proben zum Besten zu geben.
sie entkräftete Greise, die nur
Das Kapitel „Paradies“ lautet:
Genüsse aus ihrer müdn 
„Was möchtest Du am liebsten von der Welt, Tioko?!“
können. Mit einem Worte:
„Green bills cutted, Sir — ——.“ (Geschliffene grüne
Gigerl=Dekadenz; jedenfalls i
Glasperlen.)
wenn es ja auch immerhin sein
„Und?!“
à la Baudelaire nicht nur Po
„And lila bills cutted, Sir —
Dekadenz eines Altenberg oder
„Und?!“
ist bei ihm wenig zu spüren;
„And nothing, Sir ———!“
ganz klaren Denkvermögens
Sehr drastisch ist auch folgende Stelle aus dem Kapitel
achtenswerthen Talents.
„Le départ pour l’Afrique“ (warum Herr Peter A. nicht
Leitte**), das ein großstäd
schreibt: Die Abreise nach Afrika, bleibt eines der vielen Räthsel
stischen Naturalismus darstell
seines Wesens). Da heißt es:
selbst seine berüchtigten Ged
„Nah-Badüh —
„Sensationen“ sind tr
21 —— —214
Evotik, Einiges ausgenomm
Sie steigt langsam auf den Perron zu ihm —
für den Eindruck, er wolle
auch die reklamehafte Titelwah
2
sogar den Stempel echter Poesi
Die Zahl der Gedankenstriche ist keineswegs aufs Gerathe¬
nannte. Im großen Ganzen
wohl hingeschrieben, sondern wohl überlegt und bemessen.
Hyperwollust wenig erquicklich
Darin liegt es ja eben: während andere Schriftsteller sich in ihrer
tonjours perdrix wird auf
Unfähigkeit bemühen, nach bezeichnenden Worten zu suchen, ver¬
cochon.
achtet Herr Peter A. in seiner Größe das armselige Wort¬
In seinen in diesem Jahre
geklingel, denn er kennt das erhabene Geheimniß der Gedanken¬
ebenso gesuchten als geschmach
striche.
schöne Fritz verstimmt wal
Die Ashantee=Notizen füllen übrigens nicht, wie man nach
ebensowenig im Stande ist,
dem Titel des Buches erwarten sollte, den ganzen Band aus.
seine Kollegen von der „Mo¬
Sie haben diesem nur als die erste Arbeit, die der Autor
Sammlung sowohl seinem Scha
vermuthlich für die bedeutendste hält, den Namen gegeben, wie
heblich nach.
das jetzt so Mode ist. Die übrigen Arbeiten, die auch meist
Dieser für die junge
mit Widmungen versehen sind — aber an weiße Damen —
teristische Mangel der Erzähl
lesen sich womöglich noch drolliger, namentlich „Theobronia“
den Romanen Ludwig Wolf
und „Liebesnacht“. Aus der letztgenannten Arbeit seien hier
den Versuch unternommen hat,
einige Stellen wiedergegeben, die Herrn Peter A. auf der
Skizzen und Stimmungsbilder.
Höhe seiner eigenartigen Kunst zeigen.
Wasser"***) und „Studen
Schon der Anfang ist höchst charakteristisch:
mißlungen, wenngleich sie
gamentlich der zweite, der aber
„Pauline hatte mehr vom Mysterium „Genie“ als —
Wie außerhalb des engen Lebens ist sie manches Mal. Wo
licher Weise im Sande verrin
befindet sie sich?! Eigentlich ist sie vielleicht nur schwächlich,
seines Verfassers offenbart.
kann nicht Stand halten dem strengen Tage. Wie wenn Je¬
größere Erzählung — wenigst
mand nicht mehr schlucken könnte. Man giebt ihm feine un¬
zulänglich erwiesen, so kommt
kompakte, breiartige Dinge. Ganz zart wird er, und milde
bisweilen recht wirksam zur Ge
verwunderte Blicke wirft er auf die Menschen, welche aus
Momentaufnahmen aus dem
vollen Schüsseln essen. Jedesfalls wird er ganz zart und
gemeinsamen Titel „Professic
milde —
sammlung „Dunkle Sehns
Von dieser Pauline wird des Weiteren berichtet, daß sie
ersten Buche des Autors, bei
schlafe, ihr Gatte aber und „der Gast“ sitzen bei ihr:
Schnitzler und Altenberg ungen
„Zwei stumme Wächter vor den Thoren des
So ein Dutzend=Talent sch
Schlafes -
sein, der
 der Novellette
bliebene"|f) erst im vergangen
Der Gast sagt leise: „Ich habe einen Satz ge¬
dichtet
hat. Die Geschichte von der klugen
Ihr Gatte: ———
kenatniß, daß ihre Bluthezeit
„Wenn sie wacht, schläft sie — —— und wenn sietkellner des Restaurants hei
1is Sahnerg ein
mht</Unicode>
            </TextEquiv>
        </TextRegion>
    </Page>
</PcGts>
