3344 4384
162 254 1315 354 2. Cuttings box 37/2
527 995 1074 1099 Beita
1370 1012 1590 1097 Er
459 1220 764 1313 Nr. 22.
353 1382 783 1459 S.=A. 7 Uhr 54 Min.
1046 1402 1565 1487 M.=A. 9 Uhr 58 Min. V.
361 1445 792 1510 S.=U. 4 Uhr 32 Min.
1225 1460 1512 1521 Uhr — Min.
579 1538 1573 1614 Was Du theurer bezahlst, die Lüge oder die Wahrheit?
580 1593 1537 1665 Jene kostet Dein Ich, diese doch yöchstens Dein Glück.
1328 1643 1524 1717 Hebbel.
1111 1754 1257 1836 (4*)
690 1759 1150 1865 „Jung=Wien.
486 1842 1417 1930 Studienblätter von Theodor v. Sosnosky.
740 1909 1194 1988 [Nachdruck verboten.]
431 1974 1568 2053 Dankt Schnitzler seinen Ruf auch seinen dramatischen
358 2019 1568 2095 Werken, so ist das doch keineswegs als Beweis dafür anzu¬
365 2068 1568 2126 sehen, daß er als Dramatiker höher steht denn als Novellist;
351 2118 1563 2182 das ist nur der Beweis für die bedauerliche Thatsache, daß
357 2165 1569 2226 das liebe Publikum vor einem Autor in der Regel erst dann
349 2216 1570 2276 Respekt bekommt, wenn er „aufgeführt“ wird. Das imponirt
343 2255 1567 2334 ihm, da merkt es sich den Namen, den es auf dem Bücher¬
352 2282 840 2352 umschlag kaum beachtet.
449 2330 1560 2392 Thatsächlich aber ist Schnitzlers Eigenart keineswegs für
360 2377 1558 2444 die Bühne geschaffen; sie ist dazu viel zu fein, zu psychologisch,
345 2431 1565 2482 zu erotisch; daß es ihm dennoch geglückt ist, sich die Bühne zu
362 2472 1557 2520 erobern, zeugt nur für sein technisches Geschick. Seiner Be¬
358 2516 1558 2573 gabung aber entspricht das Gebiet der Erzählung weit besser,
359 2558 1561 2626 und zwar das der Novelle, nicht des Romans, (denn für dieses
348 2604 1569 2653 hat sie zu wenig Kraft und ist sie zu einseitig). Eigentliche
349 2639 1568 2693 Novellen hat er freilich nur wenige geschaffen, darunter die
346 2693 1562 2752 mit dem Wissen des Arztes und der Psychologie des Dichters
360 2734 1570 2802 geschriebene Erzählung „Sterben“ und die Novellen „Ab¬
348 2783 1567 2832 schied" und „Die Todten schweigen“ in der Sammlung „Die
353 2816 833 2881 Frau des Weisen“
840 2823 1568 2887 **), die alle drei höher stehen, als
352 2862 773 2929 seine Bühnenstücke.
829 2858 949 2923 Auch
998 2862 1569 2929 seine Einakter=Sammlung
356 2903 1031 2975 „Anatol“, muß man eigentlich
1139 2918 1557 2973 seiner novellistischen
352 2954 1567 3014 Thätigkeit rechnen. Denn es sind keine Bühnenstücke, wenn
354 3003 1570 3066 sich auch einige aufführen lassen, sondern im Grunde nichts
358 3036 1567 3092 Anderes als Novelletten in dramatischem Gewande. Gerade
349 3094 1567 3135 diese künstierische Ausdrucksform scheint ihm die liebste zu sein,
354 3136 1568 3184 sie ist es vielleicht, weil er weiß oder unbewußt fühlt, daß sie
354 3175 1042 3238 die seiner Eigenart angenehmste ist.
439 3200 1559 3267 Er hat sie auch in seinem jüngsten Buche wieder an¬
350 3267 1568 3312 gewendet, und zwar mit der denkbar besten Wirkung, denn er
347 3311 1559 3354 hat bisher nichts geschrieben, was so durchaus eigenartig und
356 3349 1567 3409 fesselnd wirkt wie dieses Buch. Es ist daher sehr zu bedauern,
345 3399 1562 3448 daß das Publikum sich vorläufig davon nicht selber überzeugen
341 3439 1558 3489 kann, denn es ist mit Ausschluß der Oeffentlichkeit erschienen. In
342 3478 1568 3530 Anbetracht des stark erotischen Themas einerseits und der zur
345 3524 1556 3580 Zeit herrschenden Stimmung hat der Autor es nämlich für
348 3580 1553 3632 rathsam gehalten, sein Werk nicht der Oeffentlichkeit zu über¬
344 3616 1564 3668 geben und damit die Beschlagnahme des Buches und gehässige
344 3663 1553 3707 Anfeindungen heraufzubeschwören; er hat es vielmehr vor¬
343 3708 1551 3772 gezogen, das Werk als unverkäufliches Manuskript in der be¬
353 3751 1556 3806 schränkten Anzahl von 200 Exemplaren drucken zu lassen und
359 3795 1552 3842 in seinem Bekanntenkreise zu vertheilen. Dank der so sehr im
359 3842 1565 3901 Schwange stehenden (Un) Sitte des Bücherverleihens ist es
341 3884 1560 3944 natürlich von Hand zu Hand zu Hand gegangen, so daß sein
348 3934 1570 3985 Dasein längst kein Geheimniß mehr ist und man nicht mehr
356 3973 1571 4032 Gefahr läuft, indisk.et zu erscheinen, wenn man darüber schreibt.
441 4021 1566 4078 Das aber kann man, wofern man kein Mucker, ist, Fur
342 4030 1016 4123 im günstigsten Sinne thun.
1070 4057 1561 4123 Es ist ja gewiß kein
345 4098 489 4155 Buch
493 4092 1063 4160 für junge Mädchen (d.
1149 4095 1559 4164 keines, das man
350 4137 970 4202 solchen in die Hand giebt
1029 4128 1571 4208 gefallen würde es ihnen
1421 4191 1533 4256 ##ter
632 4184 835 4236 unerarhen!
1672 1010 2982 1113 Kordbeurschen
3102 1014 3351 1111 11
2220 1242 3350 1353 Berlin, Sonnabend den 26. Januar
1590 1405 2806 1492 spielerin. IX. Schauspielerin und Graf. X. Graf und
1596 1460 2804 1542 Dirne. Mit der Dirne beginnt, mit der Dirne schließt also
1590 1516 2799 1580 dieser klassische Reigen, der in so geistvoller Symbolik den
1597 1557 2800 1606 Kreislauf der Sinnenlust zum Ausdrucke bringt. Trotz seiner
1594 1606 2796 1672 starken Erotik thäte man dem Buche jedoch bitter Un¬
1602 1649 2800 1712 recht, wenn man es bloß als pornographische Spielerei,
1601 1697 2795 1756 als „pikante Lektüre“, „nur für Herren“ ansähe; es ist weit
1589 1736 2792 1788 mehr, es ist ein Kunstwerk in seiner Art, das es an fesselndem
1601 1778 2784 1830 Reiz mit den besten Stücken aus Prévosts „Lettres de femmes“
2877 1761 3010 1840 Man
3279 1790 3323 1844 ei
1602 1827 2787 1884 aufnehmen kann, an Tiefe und Wahrheit sie aber zumeist
2810 1830 3089 1890 lingt, diesen D
3097 1830 3134 1885 ief
3256 1835 3350 1894 er
1603 1868 2783 1916 übertrifft; es ist ein Buch, in dem sich die Erotik zu klassischer
2814 1875 3152 1934 der Konkurrenz kei
3163 1877 3336 1935 eswegs
1596 1915 2797 1958 Höhe aufschwingt und das es sowohl als Kunstwerk wie als
2886 1923 3340 1979 Wenn dieses Gedicht d
1600 1955 2791 2009 sittengeschichtliches Dokument verdiente, für die Nachwelt ein
2804 1941 3340 2013 ist, wer darf dann noch die
1590 1995 2790 2043 bleibendes literarisches Denkmal zu werden, wie es Boccaccios
2809 2012 3349 2067 Verse verspotten: „Im Schal
1597 2042 2789 2109 „Decamerone“ ist, aber mit mehr Recht. Man komme nur ja
2808 2045 3323 2100 Unverstand mit Wehmuth
1587 2086 2787 2139 nicht etwa mit dem landläufigen Einwand, das Thier im
2801 2096 3349 2149 griff“?! Die Weisheit jener
1582 2133 2791 2175 Menschen dürfe nicht zum Gegenstande der Kunst gemacht
2807 2140 3320 2196 Verstand sie garnicht zu ergr
1583 2173 2796 2238 werden u. dergl. m. In der Kunst gilt nur ein Grundsatz:
2802 2181 3337 2243 dis geradezu mustergültigen
1591 2228 2790 2279 „Tous les genres sont bons hors le genre ennuveux“, und
2805 2224 3350 2283 dero kann man das bezeichn
1590 2268 2789 2323 man braucht nur die berühmtesten Namen der Weltliteratur
2791 2262 3337 2330 Suchen keinen Sinn finden
1593 2307 2794 2366 zu nennen, um jene Moralkeifer ad absurdum zu führen.
2808 2311 3351 2378 steilich anderer Ansicht, er
1590 2358 2785 2419 Homer (in der berühmten Szene, wo Hephaistos seine ungetreue
2799 2354 3349 2419 einem Gedichte durchaus ei
1585 2397 2788 2448 Gattin Aphrodite in Ares' Armen überrascht), Ovid, Catull,
2795 2399 3349 2460 aus diesem Anlaß: „Die le
1583 2433 2792 2489 Walter von der Vogelweide („Unter der Linde"), Goethe
2794 2450 3338 2514 dicht was sie den „eigentlich
1581 2480 2790 2538 (Römische Elegieen, Brautnacht, Braut von Corinth), Byron,
2808 2485 3324 2551 affen die auch immer mit
1587 2526 2787 2572 Heine, Zola, Maupassant: sie Alle sind in ihren Werken der
2807 2527 3326 2593 fahren als müsse dort ein
1582 2567 2788 2643 Erotik durchaus nicht aus dem Wege gegangen! Nur darauf
2809 2571 3347 2638 der Originalorthographie un
1588 2612 2793 2685 kommt es an, daß das Fleisch durch den Geist geadelt werde:
2808 2620 3341 2673 gegebene Ausspruch läßt tie
2808 2664 3349 2727 Beurtheilung seiner Dichtu
1664 2677 2792 2761 Noch nicht so bekannt wie Bahr und Schnitzler, aber auf
2799 2718 3340 2763 Danke verpflichtet, denn wi
1580 2746 2791 2805 dem besten Wege, es zu werden, ist Hugo v. Hofmanns¬
2806 2753 3341 2819 ängstlich zu hüten haben, in
1584 2792 2794 2857 thal. Rascher als er ist wohl noch Niemand zu seinem
2808 2794 3328 2856 zu forschen — es wäre ja
1593 2832 2783 2885 Rufe gekommen, und ganz sicher nicht leichter. Er besaß ihn
2812 2838 3352 2913 Uebrigens muß der Gerechtig
1589 2877 2784 2942 schon, ehe er ein Buch veröffentlicht hatte, er war — in
2809 2885 3334 2945 den, daß doch nicht alle
1583 2930 2782 2973 einer Hyperbel gesprochen — berühmt, bevor er etwas ge¬
2795 2925 3337 2994 klassische Höhe des Unsinns
1581 2968 2783 3036 schrieben hatte. Auch heute, wo sein Lob doch schon in allen,
2882 2973 3323 3022 Hätte Max Nordau,
1592 3014 2778 3066 meist den höchsten Tonarten posaunt und getrommelt wird,
2809 2995 3350 3079 Hofmannsthal schon gesann
1584 3054 2797 3097 besteht sein ganzes literarisches Gepäck aus einigen
2818 3056 3341 3121 exemplar für seine Theorie
1581 3108 2778 3161 dramatischen Szenen, die allenfalls als Einakter gelten
2797 3100 3351 3165 sich Mystizismus und „Eche
1574 3138 1900 3203 können, und
1906 3136 2651 3207 einer unbekannten Anzahl von
2678 3148 2782 3206 Ge¬
2787 3150 3349 3210 mit Verachtung geht er jed
1582 3185 2779 3245 dichten, die noch nicht in Buchform erschienen sind.
2800 3190 3350 3260 und ängstlich flieht er da
1592 3231 2784 3275 Man sollte meinen, das wäre denn doch nicht genug, um ge¬
2798 3245 3350 3301 nur im verschwommenen
1589 3276 2784 3318 feiert zu werden, zumal in unserer Zeit; es müßten diese
2791 3279 3350 3342 Traumwelt, wo nichts mell
1592 3322 2791 3385 spärlichen Proben denn ein Genie verrathen. Hofmannsthal
2797 3327 3325 3386 unbestimmte, absonderliche
1581 3364 2776 3426 ist nun freilich eines; so behaupten wenigstens seine Verehrer,
2793 3370 3318 3429 sich heimisch und wohl.
1583 3412 1641 3461 zu
1645 3416 2783 3466 glauben braucht man's aber darum nicht. Man hat ihn
2797 3399 3338 3475 mystischen Atmosphäre empfi
1590 3452 2777 3508 sogar mit Goethe in Zusammenhang gebracht und behauptet,
2793 3456 3340 3535 mit der Sorgfalt einer sich
1577 3493 2777 3531 er stehe unter dessen Einfluß. Das mag richtig sein; aber
2801 3503 3150 3562 berechnete Worte.
1586 3533 2784 3588 wenn es wahr ist, dann ist es nicht so sehr der Goethe, der
2886 3525 3350 3609 Diese Worte aber habe
1585 3583 2785 3657 den ersten Theil des „Faust“ geschrieben, als vielmehr der,
2801 3579 3331 3646 imponiren ihnen: „Gewöhr
1585 3628 2772 3698 welcher „der Tragödie dritten Theil“ geschrieben hat: „Deuto¬
2795 3642 3341 3689 nur Worte hört, es müsse
1585 3669 2680 3726 bald“, „Symbolizetti“, „Allegorowitsch Mystificinski“.
2798 3667 3350 3740 lassen. Mit den Versen H#
2800 3718 3338 3779 liche Bewandtniß wie mit
1674 3724 2595 3788 Von welchem geistigen Kaliber dieses „Genie“
2593 3713 2785 3783 ist, das
2795 3758 3331 3823 gleichnamigen satirischen P
1589 3767 2774 3819 wird einleuchtender als jede Erörterung folgendes Gedicht
2803 3811 3336 3865 losen Feigheit und Meinu
1577 3802 1778 3878 beweisen:
2807 3853 3314 3927 Hofmannsthal seinen — a
1798 3840 2455 3913 1. Den Erben laß verschwenden
2799 3898 3266 3969 beschränkten — Erfolg.
1861 3892 2451 3954 An Abler, Lamm und Pfau
1872 3940 2471 4020 Das Salböl aus den Händen
2881 3942 3320 4011 Wer sich durch das
1867 3989 2335 4050 Der todten alten Frau:
2791 3990 3315 4043 vermögen nicht beirren u
1859 4025 2429 4086 Die Todten, die entgleiten,
2798 4032 3332 4092 figer Furcht, für rücksten
1861 4071 2427 4130 Die Wipfel in dem Weiten,
2795 4082 3351 4142 jede literarische Mode mitm
1856 4107 2501 4177 Ihm sind sie wie das Schreiten
2810 4120 3350 4187 hellen Kopf, ein scharses A
1851 4145 2350 4219 Der Tänzerinnen werth.
2807 4160 3349 4224 der wird über diesen gept
