3344 4352
160 750 262 831 1
846 733 2070 843 Altgemeinen
346 741 727 839 chen
2179 600 2909 855 eitung.
2645 965 2898 1059 1901.
99 977 1076 1067 lin, Sonntag den 20. Januar
542 1126 1769 1207 Literatur jene Stellung zu erobern, die er jetzt einnimmt. Viel
1786 1129 2994 1216 worden sind. Es sind geistvolle Gespräche zwischen
111 1131 539 1214 rmer und Drän¬
1781 1186 2989 1252 zwei Freunden und den verschiedenen Geliebten des
217 1177 545 1260 des „Neuen
553 1182 1768 1241 dazu haben dagegen seine Theaterstücke beigetragen, die un¬
1782 1238 1932 1292 einer.
144 1231 551 1298 der der äußerste
1947 1236 2995 1294 Die Individualität des Autors tritt schon in
548 1238 1775 1296 leugbar geschickt gemacht und recht unterhaltend sind und in
139 1273 549 1342 tz ist: wer hätte das
1779 1273 2999 1325 diesem Erstlingswerk sehr deutlich ausgeprägt zu
557 1285 1775 1337 denen jener ungenirte burschikose Humor, der vielleicht die ein¬
1787 1320 2998 1378 Tage. Sie offenbart sich im Thema, in den Personen und
555 1324 1767 1381 zige echte Eigenart Bahrs ist, wirksam zur Geltung kommt.
149 1315 553 1391 Bahr vom Jahre
105 1356 545 1435 von 1890 oder sogar
548 1376 1766 1427 Wie schon im Roman „Theater“, hat er auch in den Schau¬
1786 1364 2998 1428 ganz besunders in dem eigenartigen geistigen Aroma, das diese
1782 1412 2129 1478 Stücke umgiebt.
126 1409 552 1480 zehn Jahren, weiß
561 1408 1776 1468 spielen „Tschaperl“ und „Der Star“ bekannte Wiener
551 1456 1772 1516 Persönlichkeiten auf die Szene gebracht, um dadurch „aktuell“ zu
1866 1435 2990 1521 Das Thema ist das illegitime Liebesleben, kurzweg das
113 1459 556 1531 micht so richtig, als es
549 1503 1778 1559 wirken, da das Publikum derlei offenkundige Pseudonymitäten be¬
1791 1504 3000 1565 „Verhältniß“; das Personal besteht aus dem jungen Lebe¬
145 1542 552 1609 g nach der andern
561 1548 1766 1603 kanntlich zu lieben pflegt. Recht bezeichnend für Bahrs sensations¬
1788 1545 2999 1605 manne, der nichts thut, als lieben und über die Liebe philo¬
551 1591 1772 1654 süchtiges Apartseinwollen ist die Degradirung vom Weltheros
1786 1590 3010 1653 sophiren — von dem man zum Mindesten nichts Anderes er¬
115 1589 552 1659 eflügelten Worte ge¬
553 1638 1767 1693 zum Pantoffelhelden, vom Riesen zum Zwerge, die er an
1783 1625 3019 1689 fährt —, und seinem Freunde, der nur dazu da ist, damit
124 1638 547 1703 st ja auch ganz mög¬
555 1672 1773 1729 Napoleon in seinem Stücke „Josephine“ vorgenommen hat;
108 1679 545 1743 vielleicht schon im
1787 1676 3014 1736 jener seine geistvollen Bemerkungen an den Mann bringen
552 1706 1766 1784 datalle Welt, Freund und Feind in dem ersten Franzosenkaiser
1787 1712 3005 1780 kann, und aus „Ihr“ „Sie“ ist verschiedener Art:
129 1720 548 1790 scheint als heute;
1779 1769 3002 1830 entweder die junge Frau, die ihren Gatten be¬
122 1764 544 1833 in liegt es! Jm
551 1778 1769 1824 einen großen Mann sieht, hat sich Bahr bewogen gefühlt, ihn
119 1804 550 1874 rselbe: ein Mann,
1773 1806 3006 1885 trügt, oder die Schauspielerin, die in der Liebe mehr
555 1808 1764 1870 als lächerliche Null hinzustellen, um ja anders zu sein,
550 1852 1774 1910 als andere Leute. Nun der Größe und dem Ruhme Napoleons
193 1850 557 1923 welcher Rich¬
1780 1854 3000 1915 leistet als in ihrem Berufe, oder aber das „süße
114 1861 164 1909 ku
551 1898 1771 1958 wird diese Atout prix Opposition keinerlei Abbruch thun; dies
1788 1885 2997 1945 Mädel“, diese weibliche Lieblingsgestalt Schnitzlers, die durch
106 1892 552 1961 ird, und der sein
1784 1940 3010 1995 ihn zum Typus und deren von iym herrührende Bezeichnung
549 1942 1767 1999 zu lauben, hieße Bayrs Bedeutung erbeblich überschätzen. Er
117 1940 540 2005 hen kann als andere
104 1986 544 2049 rechers verleiht; er
1787 1978 3014 2041 zum geflügelten Worte geworden ist. Unter dem „süßen
633 1978 1776 2035 Napoleon eben klein gemacht, um sich selber, wenn
1784 2027 3017 2082 Mädel“ versteht er jene Klasse hübscher (die nicht hübschen
556 2029 1765 2088 schön nicht groß, so doch interessant zu machen, das ist Alles ...
158 2027 548 2089 der weiß, daß in
105 2055 551 2134 it nur Der interessant
1785 2062 3003 2119 kommen nicht in Betracht), frischer und lebenslustiger Mädchen,
546 2070 1770 2125 Bahrs Bedeutung liegt überhaupt nicht in seiner künst¬
1783 2114 3019 2171 die man in Wien als marchandes de mode, Kassire¬
158 2114 550 2179 der immer einen
550 2107 1770 2173 lettschen Thätigkeit, sondern in seiner kritisch=ästheiischen.
1789 2161 3006 2224 rinnen, Ladenmamsells und dergl. trifft, und die dem Zuge
105 2161 552 2228 it dem er die nach¬
558 2161 1782 2225 Mit allen seinen Erzählungen und selbst mit seinen
1786 2197 3016 2270 ihres Herzens und ihrer Sinne ohne viel Bedenken und ohne
545 2192 1771 2268 bühnenwirksamen Stücken wäre es ihm gewiß nie geglückt,
114 2210 558 2279 Neue anregt. Mag
1795 2248 3004 2308 Rücksicht auf die strenge Moral zu folgen pflegen, mit andern
96 2239 551 2315 lt annnehmen, was
547 2249 1780 2307 sopiel von sich reden zu machen, wie durch seine Kritiken über
144 2290 554 2363 Originalitäts= und
1787 2291 3008 2354 Worten: Mädchen, die zwar nicht tugendhaft sind, die man
542 2290 1772 2357 Theater, Literatur, Malerei und Kunstgewerbe. Auf diesem
122 2333 550 2405 etwa gesagt werden,
1788 2340 3006 2388 aber doch nicht zur Halbwelt (im landläufigen Sinne des
557 2329 1784 2391 Gibiete nimmt er thatsächlich eine bedeutende, ja eine führende
1795 2385 3019 2441 Wortes, nicht in dem Dumas) zählen darf, sozusagen
563 2379 1783 2439 Stellung ein. Er ist es, der die „décadence“ in die deutsche
116 2376 545 2448 sen lediglich kühle
1787 2421 3016 2502 Dreiviertelwelt also. Ohne Zweifel kommt dieser Typus
121 2423 1773 2492 fte zwar die Ansicht] Literatur eingeführt hat; ihm gebührt das ebenso zweifelhafte
1794 2468 2924 2519 auch in anderen Großstädten vor, nicht nur
148 2472 562 2533 vermuthlich nicht
559 2471 1773 2526 Verdienst, für jene Mode Propaganda gemacht zu haben, deren
1785 2509 3021 2575 Wien, aber Schnitzler hat ihm ein so ausgesprochen wienerisches
556 2515 1777 2581 Name gedankenlos von aller Welt nachgesprochen wird, der Sezession
113 2517 553 2580 wohl Unrecht. Das
1789 2553 3001 2619 Gepräge gegeben, daß man sich unter dem „süßen Mädel“ nur
109 2556 555 2623 Art Bedürfniß, der
557 2560 1781 2612 nämlich; er ist es schließlich, der „Jung=Wien“ entdeckt und
1788 2600 3005 2667 eine Wienerin vorstellen kann. Dieser Typus tritt fast in
553 2595 1783 2671 damit die Aufmerksamkeit auf die in der Literatur bis dahin so
117 2607 554 2668 sucht; die Sucht nach
1776 2649 3018 2706 jedem seiner Werke auf und ist mit seinem Namen unzer¬
109 2637 546 2713 n zitirte Wort Henri
548 2657 1766 2709 arg vernachlässigte Kaiserstadt an der Donau gelenkt hat. „Jung¬
1788 2688 2996 2756 trennlich verbunden, er ist der Dichter des „süßen Mädels“
553 2690 1780 2752 Wien“, das ist nämlich die in neuerer Zeit geläufig gewordene
114 2698 551 2755 n’est qu'une chose,
1863 2717 2988 2789 Da läg' es denn nahe, zu behaupten, das „süße Mädel“
564 2739 1770 2799 Bezeichnung für die Gruppe in Wien lehender Schriftsteller,
97 2737 556 2805 changement.“ Der
1793 2758 3001 2837 sei seine Muse. So einleuchtend und bezeichnend dies aber
562 2785 1771 2837 die Bahr „entdeckt“ hat oder die doch der von ihm gesörderten Rich¬
107 2777 544 2846 t er bald diese, balo
1787 2814 3011 2875 auch klänge, im Grunde wäre es doch nicht richtig: seine Muse
559 2836 1783 2887 tung, der „Moderne“ angehören. Talente zu entdecken oder
106 2821 547 2892 aller Wandlungen im
1781 2866 3011 2929 sieht jenem äußerlich wohl sehr ähnlich, aber thatsächlich ist sie
563 2871 1769 2933 doch Leute, die er dafür hielt — vielleicht auch nur, die dafür
129 2876 551 2933 hin der Konsequenz,
1795 2909 3001 2963 nicht ein frisches, natürliches und lebensfrohes Geschöpf wie
552 2920 1776 2970 zu halten ihm gerade Spaß machte: das ist oder war
105 2926 542 2981 n bis heute stets für
1786 2952 3003 3006 das „süße Mädel“; sie ist vielmehr stark „von des Ge¬
565 2970 1782 3019 wenigstens ein Sport von ihm, der ihm selber mindestens
108 2964 377 3018 getreten ist.
1796 2987 3007 3054 dankens Blässe angekränkelt“; hinter ihrer üppigen Genußfreude
559 3003 1777 3062 ebensoviel nützte wie seinen Schützlingen, denn er schrie deren
104 2999 548 3073 Prachtexemplar eines
1791 3046 3003 3103 birgt sich eine unüberwindliche Skepsis; sie singt und tanzt,
561 3042 1770 3102 Namen und Vorzüge mit so schallender Stimme in die Welt,
112 3047 559 3122 dem sich alle für
1786 3088 3009 3149 den Tod im Herzen, die Rosen auf ihren Wangen sind Grabes¬
560 3091 1781 3141 er gebärdete sich dabei so auffällig, daß das Publikum ihm
105 3086 548 3155 beisen lassen. Wenn
1791 3128 3008 3185 rosen, und der süße Champagner, den sie kredenzt, hat eine
564 3141 1776 3195 mehr Aufmerksamkeit zuwendete als Jenen und sich seinen
116 3137 563 3202 Mystizismus und die
1789 3169 3013 3232 bittere Neige. Sie aber weiß, daß es so ist, und gefällt sich
571 3182 1783 3255 Namen früher merkte als die, die er verkündete. Indem er
101 3179 560 3248 ich Zeichen der Ent¬
1785 3219 3012 3273 darin. Frivole Melancholie und kokette Skepsis, das sind die
565 3229 1472 3297 Andere entdeckte, entdeckte das Publikum ihn.
104 3223 556 3293 an ihr leiden, denn
1799 3247 3011 3312 Grundelemente ihres Charakters, und diese Mischung verleiht
102 3269 561 3333 ohem Grade. Was
1793 3304 3008 3379 Allem, was sie schafft, jenen pikanten Reiz, der die Eigenart
646 3305 1773 3372 Ist Bahr auch der Führer des sogenannten „Jungen
104 3318 566 3380 bestärkt haben dürfte,
1794 3356 2728 3419 Schnitzlers kennzeichnet und so anziehend macht.
864 3353 1777 3407 er darum doch keineswegs dessen bedeutendste
96 3359 555 3416 on 1890 kannte und
570 3340 736 3418 Wien“,
1864 3379 3006 3452 Am reinsten kommt sie vielleicht in seinem Märchen
97 3399 552 3468 kiner Künstlergeschichte
561 3402 1785 3462 Persönlichkeit; er ist nur der Impresario der Gesellschaft;
1772 3417 3014 3499 4 Drei Elixire“ zur Geltung, das sich unter allen anderen
110 3446 557 3508 Buch aber mit seinem
565 3444 1782 3508 deren wahrer „Star“ aber ist Arthur Schnitzler; und
995 3476 3008 3549 sagen: er ist auch der einzige  Beiträgen des Modernen Musenalmanachs“ von 1894 wie
103 3498 559 3555 stilistischen Ungeheuer¬
715 3475 945 3551 s gleich
558 3497 697 3553 um
567 3522 3006 3593 wahrhaft bedeutende Autor der ganzen Truppe. Bahr ist, um eine Perle im Schlamm ausnahm. Er erzählt darin von
120 3535 551 3590 Aus= und Mißgeburt
567 3580 3008 3632 mit Goethe zu sprechen, rein literarisch genommen, ein Talent N einem jungen Lebemiann der darüber nicht wegkommen kann,
98 3583 563 3646 rden; ein solches Buch
1782 3613 3012 3679 daß er von den „Verhältnissen“, die seine Geliebten
568 3619 1790 3680 doch kein Charakter; Schnitzler dagegen ist ein Taient —
131 3628 550 3685 deutschen Literatur
102 3628 153 3679 K
1796 3658 3004 3719 vor ihm gehabt haben, nichts weiß, weil keine die
569 3658 1784 3731 ein viel stärkeres sogar — und ein Charakter. Das Ur¬
100 3660 564 3738 Thatsächlich freilich
1786 3691 3022 3752 Wahrheit gestehen will. Da gelangt er in den Besitz
557 3705 1776 3775 Irment dieses Charakters ist Errtik. Schnitzler ist der Erotiker
115 3697 549 3779 Schöpfung, sondern
1787 3742 3002 3791 eines Elixirs, dessen Kraft jene Mädchen und Frauen zwingt,
564 3750 1785 3817 rist-e-durch durch, immer und überall,
105 3753 552 3820 kadentens Poesiebir
1788 3791 3011 3860 die Wahrheit zu sagen. Er kennt nun ihre Vergangenheit,
1235 3790 1784 3853 ost, an Peter Nansen und
560 3803 1187 3855 2 4 erinnert darin an Marcel
127 3792 558 3866 #####ch ## Die deussche
106 3809 171 3871 1530
1251 3833 1775 3892 Üblut=Erotiker sind. Es
1787 3830 3016 3883 aber er ist damit nicht zufrieden: er will nicht, daß sie an
108 3826 491 3894 pift gefunden hat.
566 3820 1263 3892 Rinz Tovote, die ja ebenfalls
1789 3872 3016 3936 Andere denken wenn sie bei ihm sind, unb abermals gelingt
575 3875 1787 3939 wäre aber dennoch nicht ganz richen wenn man ihn, daraus
114 3868 554 3934 riften Bahrs sind ge¬
1793 3918 3020 3991 eslihm, ein Elixir zu bekommen, das seinen Wunsch erfüllt,
566 3924 1786 3982 folgernd, als Das für Wien bezeichnen wollte, was Jene
98 3917 568 3987 Was er sonst noch ge¬
1795 3956 3019 4011 indem es seinen Geliebten die Erinnerung an ihr früheres
561 3947 1767 4020 fur Paris, Kopenhagen und Berlin sind, denn er ist
104 3952 565 4030 ernünftig, trotz aller
1784 4011 3010 4068 Liebeoleben völlig auslöscht, so daß sie glauben, er sei ihre
1431 3995 1782 4066 im Allgemeinen
107 4008 562 4071 ihm nun einmal nicht
571 3997 1448 4063 von ihnen doch recht verschieden. Er besitzt —
1799 4048 3016 4111 einzige Liebe. Aber auch das genügi ihm nicht; er will auch
566 4042 1787 4116 wenigstens — nicht die verwegene Frivolität, den prickelnden
122 4055 562 4119 angethan, daß man
1791 4095 3015 4141 ihre Zukunft besitzen: keine soll nach ihm einen Andern lieben.
124 4102 555 4156 er beweist, daß Bahr
576 4089 1782 4149 Witz Prévosts, es fehlt ihm die schlichte Anmuth und frische
1796 4141 3007 4192 Wieder findet er ein Elixir das die Kraft besitzt, das zu ver¬
565 4135 1786 4192 Natürlichkeit Nansens aber er ist tiefer philosophischer als
114 4144 557 4191 iker und Dekadent ist
