3392 4352
490 144 811 234 Nr. 29a.
685 233 825 307 enee
1017 322 1457 390 So sind die Menschen!
1013 376 1494 424 Sie suchen früh und spat
1012 412 1468 472 Das Bittere im Kelche;
1015 450 1434 511 Wer keine Plage hat,
1027 494 1451 561 Der macht sich welche.
1298 525 1529 607 Kotzebue.
1111 629 1256 703 (7 K
692 647 1161 748 „Jung=Wien.
521 728 1456 815 Studienblätter von Theodor v. Sosnosky.
458 805 1586 859 Der dekadenteste Autor von ganz „Jung=Wien“ und zu¬
373 840 1596 906 gleich der drolligste ist unstreitig Peter Altenberg. Sucht
369 897 1592 957 Hofmannsthal durch schöne Worte zu wirken, so trachtet
379 944 1593 1004 Dieser durch Gedankenstriche, Ausrufungs= und Fragezeichen
371 989 1590 1046 Effekt zu machen; liegt die Mystik bei Hofmannsthal in
372 1027 1593 1091 Dem, was er sogt, so ist sie bei Altenberg in Dem vorhanden,
376 1075 1599 1129 was er nicht sagt. Er begnügt sich mit geheimnißvollen An¬
366 1120 1601 1161 deutungen die er mit köstlicher Wichtigkeit und Prätension giebt
366 1163 1589 1215 und die ihn offenbar überaus poetisch und geistvoll dünken,
373 1207 1593 1247 deren Gedankenflug der nur“ normal und nicht dekadent
365 1246 1594 1310 denkende Leser aber oft nicht zu folgen vermag. Ebenso sehr
374 1289 1603 1333 wie die geheimnißoollen Gedankenstriche liebt Altenberg die
380 1327 1605 1383 Wiederholung. Einzelne Worte, Phrasen oder ganze Sätze
379 1374 1600 1441 tauchen immer wieder auf, sollen wohl so eine Art Refrain
371 1427 1608 1481 oder Leitmotiv sein, erzielen aber durchaus nicht den natür¬
378 1471 1605 1524 lichen ungezwungenen Eindruck, den ein Kehrreim im Gedicht,
376 1513 1597 1579 eine Leitmelodie im Musikstück zu machen pflegen, sondern
370 1557 1591 1615 nehmen sich wie lästige Zwangsvorstellungen aus, deren sich
368 1605 1601 1652 der Autor nicht erwehren kann. Auch er hat nur ganz wenig
376 1639 1598 1706 geschrieben, wenigstens veröffentlicht; obwohl er schon den
1348 1686 1602 1752 Sie heißen
372 1682 1326 1739 vierzig nahe ist, nur zwei schmächtige Bücher.
1351 1735 1596 1795 Im ersten
368 1735 1334 1786 „Wie ich es sehe" und „Ashantee"**)
375 1769 1594 1826 offenbart er dem Publikum seine sonderbare Art,
369 1826 1596 1878 die Welt zu sehen, im zweiten bekräftigt er dies
383 1860 1594 1922 in noch drastischerer Form. Das Buch „Ashantee“ ist ein
384 1912 1597 1965 Unikum und verdient darum eine eingehendere Beachtung:
375 1965 1597 2019 Auf dem Titelblatte steht bloß: Peter Altenberg=Ashantee;
384 2002 1596 2069 auf dem nächsten Blatt ein Motto, von ihm selber verfaßt;
381 2047 1606 2108 auf dem dritten: „Ashantee (im Wiener Thiergarten bei
379 2090 1599 2135 den Negern der Goldküste Westküste.) Meinen schwarzen
383 2137 1602 2191 Freundinnen, den unvergeßlichen „Paradieses=Menschen“ Akolé,
379 2181 1610 2235 Aköshia, Tiöko, Dj6jö, Nah=Badüh gewidmet“ auf dem vierten
379 2231 1612 2280 Blatte steht wieder „Ashantee, (im Wiener Thiergarten bei den
381 2260 1612 2334 Negern der Goldküste, Westküste); auf dem fünften endlich der
382 2317 1611 2370 Artikel „Ashantee“ nebst Band= und Seitenzahl aus Meyers
387 2350 1604 2418 Konversationslexikon. Nachdem der Leser so gebührend auf
389 2391 1601 2449 das große Werk vorbereitet ist, darf er endlich das Allerheiligste
379 2440 1608 2490 betreten. Was er da zu sehen bekommt, ist auch wahrlich
380 2487 1611 2538 nicht alltäglich: es sind Stimmungsbilder aus dem Ashantee¬
387 2539 1612 2591 dorfe im Prater, Gespräche zwischen den angewidmeten dunkeln
392 2580 1600 2640 Damen und Peter A. (so nennt sich Altenberg merkwürdiger
382 2625 1615 2680 Weise stets, wenn er selber auftritt); ferner enthält dies sonder¬
387 2666 1618 2717 bare Werk das ashanteesche Einmaleins, ein ashanteesches
387 2707 1608 2768 Lied, einen englischen Brief Peter A.'s an die Negerin
391 2752 1618 2808 Monambo, der auch in der Uebersetzung vorliegt, die erstaun¬
394 2786 1619 2861 licher Weise die englische Wortstellung beibehält; im Kapitel
386 2844 1619 2903 „Prinzessin in Grün“ endlich giebt Herr Peter A. ein genaues
384 2895 1606 2946 Verzeichniß aller Sachen, die er der Ashantee=Maid Nah=Badü
390 2917 1621 2994 geschenkt hat (!), und worin er es nicht unterläßt, bei den
388 2969 1630 3041 imitirten Smaragden in Klammern „Paris“ und bei den Glas¬
388 3029 1613 3085 Kaarnadeln „venetianisch“ dazu zu setzen; offenbar in der richtigen
397 3063 1618 3118 Voraussetzung, daß der Leser, wenn er über die Herkunft
385 3109 1618 3158 dieser Dinge nichts Genaueres erführe, unglücklich wäre.
398 3150 1610 3226 Und das Sonderbarste dabei ist, daß er all diesen Gegenstän¬
392 3193 955 3258 den eigene Kapitel widmet.
481 3241 1615 3301 Daß ein Dichter sein Buch Leuten widmet, die nicht lesen
615 3286 1624 3337 t sicherlich absonderlich; aber Bahr hat ein Buch
396 3282 590 3347 können,
397 3327 1623 3388 seinem Hunde gewidmet, und das ist doch noch absonderlicher;
392 3374 1625 3420 daß ein europaischer Dichter Ashantee=Mädchen besingt, dürfte
389 3414 1625 3479 zwar zum ersten Male der Fall sein, doch das ist ja Ge¬
388 3469 1611 3521 schmackssache; daß aber ein Dichter die Geschenke aufzählt, die
399 3504 1611 3566 er seiner Holden gemacht hat, und daß er dieses Verzeichniß
402 3552 1620 3627 als eigenes Kapitel behandelt: Das ist denn doch wohl noch
397 3599 747 3658 nicht dagewesen!
495 3628 1628 3694 Und sicher nicht dagewesen ist es auch, daß eine Adresse
378 3679 1630 3759 zum Gegenstande eines Kapitels gemacht wird; wohlverstanden,
400 3732 869 3800 nichts als die Adresse:
756 3756 1046 3828 „Nah=Badüh
749 3815 1074 3875 Christiansborg
755 3859 1111 3934 Goldcoast, Accra
527 3924 1217 3989 Vergl. Beilage Nr. 17a und Nr. 22.
474 3968 1617 4054 *) Wie ich es sehe. 1896. Ashantee. 1897. Beide: Berlin,
400 4015 631 4082 S. Fischer.
2285 147 3315 247 Berlin, Sonntag den 3. Februar
1943 314 2461 399 King's street, Lömö=house,
2833 317 3390 396 dafür zu gelten, das Sympto
1949 385 2360 436 West=Coast, Afrika.“
2828 384 3369 445 denn es ist gewiß pervers, n
2820 419 3400 487 abgelebt sein will, darin ein
1614 411 2812 486 Fertig! Das ist das ganze Kapitel, dem eine eigene Seite ein¬
2825 466 3366 529 nur die keineswegs mehr o
1612 469 1877 533 geräumt ist!
1696 483 2816 570 Von der Art, in der Herr Peter A. dichtet, kann sich
2828 508 3389 570 täglich auf den Bouleva#
2828 553 3354 615 den Linden beobachten
1613 551 2809 601 Niemand eine Vorstellung machen, der mit den sonderbaren
2834 590 3399 655 und selbst bartlose Bur
1610 595 2808 649 Allüren der „Modernen“ nicht vertraut ist; da die Zahl dieser
2838 632 3395 700 blödem Ausdruck und schlaffer
1620 643 2810 712 Wissenden aber nur gering ist, so empfiehlt es sich, hier einige
2835 681 3400 745 sie entkräftete Greise, die nu
1620 690 2214 746 Proben zum Besten zu geben.
2842 728 3399 787 Genüsse aus ihrer müden
1699 714 2394 784 Das Kapitel „Paradies“ lautet:
2842 773 3393 829 können. Mit einem Wor
1699 748 2772 831 „Was möchtest Du am liebsten von der Welt, Tioko?!“
2838 802 3387 888 Gigerl=Dekadenz; jedenfalls
1694 818 2820 891 „Green bills cutted, Sir ———.“ (Geschliffene grüne
2840 859 3373 922 wenn es ja auch immerhin
1616 857 1881 925 Glasperlen.)
2842 902 3387 954 à la Baudelaire nicht nur
1693 908 1878 974 „Und?!“
2842 945 3395 1001 Dekadenz eines Altenberg oh
1696 935 2395 1019 „And lila bills cutted, Sir ——.
2842 993 3391 1053 ist bei ihm wenig zu spüren
1686 993 1885 1059 „Und?!“
2846 1034 3399 1103 ganz klaren Denkvermögen
1695 1029 2164 1100 „And nothing, Sir —
2831 1087 3361 1141 achtenswerthen Talents.
1694 1061 2812 1137 Sehr drastisch ist auch folgende Stelle aus dem Kapitel
2830 1112 3368 1181 Leute"*), das ein groß
1618 1119 2817 1182 „Le départ pour l’Afrique“ (warum Herr Peter A. nicht
2828 1154 3394 1231 stischem Naturalismus darstell
1619 1166 2811 1240 schreibt: Die Abreise nach Afrika, bleibt eines der vielen Räthsel
2831 1209 3399 1281 selbst seine berüchtigten Gedich
1609 1213 2230 1279 seines Wesens). Da heißt es:
2844 1252 3399 1313 „Sensationen“ sind trotz
1711 1258 1991 1324 „Nah-Badüh
2073 1294 2232 1354 ——214
2838 1296 3400 1354 Evotik, Einiges ausgenomme
2837 1342 3390 1399 nur den Eindruck, er wolle
1702 1324 2586 1420 Sie steigt langsam auf den Perron zu ihm —
2844 1379 3400 1446 auch die reklamehafte Titelwa
2840 1428 3393 1491 sogar den Stempel echter Pol
2834 1468 3387 1532 nannte. Im großen Ganz
1699 1466 2829 1538 Die Zahl der Gedankenstriche ist keineswegs aufs Gerathe¬
2836 1513 3389 1583 Hyperwollust wenig erquick
1617 1515 2819 1575 wohl hingeschrieben, sondern wohl überlegt und bemessen.
2834 1564 3399 1637 toujours perdrix wird auf
1613 1568 2828 1630 Darin liegt es ja eben: während andere Schriftsteller sich in ihrer
2840 1603 3019 1661 cochon.
1616 1613 2821 1664 Unfähigkeit bemühen, nach bezeichnenden Worten zu suchen, ver¬
2913 1622 3390 1717 In seinen in diesem Ja
1620 1650 2825 1721 achtet Herr Peter A. in seiner Größe das armselige Wort¬
2839 1681 3391 1756 ebenso gesuchten als geschn
1624 1693 2820 1774 geklingel, denn er kennt das erhabene Geheimniß der Gedanken¬
2839 1731 3400 1797 schöne Fritz verstimmt
1624 1746 1774 1816 striche.
2847 1778 3400 1842 ebensowenig im Stande ist,
1695 1766 2832 1842 Die Ashantee=Notizen füllen übrigens nicht, wie man nach
2849 1823 3400 1891 seine Kollegen von der „
1618 1816 2824 1878 dem Titel des Buches erwarten sollte, den ganzen Band aus.
2843 1858 3378 1940 Sammlung sowohl seinem
1615 1871 2834 1927 Sie haben diesem nur als die erste Arbeit, die der Autor
2850 1913 3099 1989 heblich nach.
1619 1918 2823 1972 vermuthlich für die bedeutendste hält, den Namen gegeben, wie
2924 1937 3401 2025 Dieser für die junge
1621 1960 2836 2011 das jetzt so Mode ist. Die übrigen Arbeiten, die auch meist
2836 2004 3401 2060 teristische Mangel der Er
1617 1999 2826 2065 mit Widmungen versehen sind — aber an weiße Damen —
2844 2053 3391 2103 den Romanen Ludwig W
1616 2035 2816 2105 lesen sich womöglich noch drolliger, namentlich „Theobronia“
2845 2082 3400 2145 den Versuch unternommen h
1616 2100 2832 2160 und „Liebesnacht“. Aus der letztgenannten # beit seien hier
2846 2131 3391 2199 Skizzen und Stimmungsbilk
1623 2137 2836 2209 einige Stellen wiedergegeben, die Herrn Peter A. auf der
2838 2172 3399 2242 Wasser"***) und „Stul
1624 2179 2370 2242 Höhe seiner eigenartigen Kunst zeigen.
2853 2219 3394 2280 mißlungen, wenngleich sie
1711 2225 2584 2291 Schon der Anfang ist höchst charakteristisch:
2855 2264 3400 2331 gamentlich der zweite, der
1714 2267 2714 2335 „Pauline hatte mehr vom Mysterium „Genie“ als —
2852 2308 3399 2369 licher Weise im Sande ver
1631 2308 2837 2371 Wie außerhalb des engen Lebens ist sie manches Mal. Wo
2847 2346 3400 2423 seines Verfassers offenbart.
1631 2355 2837 2410 befindet sie sich?! Eigentlich ist sie vielleicht nur schwächlich,
2850 2393 3399 2465 größere Erzählung — wer
1626 2407 2834 2461 kann nicht Stand halten dem strengen Tage. Wie wenn Je¬
2851 2438 3400 2507 zulänglich erwiesen, so kom
1626 2444 2830 2507 mand nicht mehr schlucken könnte. Man giebt ihm feine un¬
2850 2486 3392 2553 bisweilen recht wirksam zur
1627 2492 2835 2559 kompakte, breiartige Dinge. Ganz zart wird er, und milde
2842 2531 3391 2591 Momentaufnahmen aus de
1631 2534 2837 2596 verwunderte Blicke wirft er auf die Menschen, welche aus
2849 2569 3400 2638 gemeinsamen Titel „Prof
1617 2583 2829 2652 vollen Schüsseln essen. Jedesfalls wird er ganz zart und
2859 2617 3392 2683 sammlung „Dunkle Se
1627 2630 1784 2697 milde —
2862 2664 3399 2722 ersten Buche des Autors,
1719 2643 2839 2746 Von dieser Pauline wird des Weiteren berichtet, daß sie
2852 2703 3399 2776 Schnitzler und Altenberg un
1622 2710 2676 2794 schlafe, ihr Gatte aber und „der Gast“ sitzen bei ihr:
2933 2749 3399 2820 So ein Dutzend=Talent
1717 2740 2851 2823 „Zwei stumme Wächter vor den Thoren des
2853 2781 3398 2855 sein, der in der Novell
1635 2793 1824 2878 Schlafes
2848 2837 3385 2900 bliebene“ff) erst im verga
1718 2823 2842 2932 Der Gast sagt leise: „Ich habe einen Satz ge¬
2861 2875 3374 2940 hati Die Geschichte von derk
1619 2890 1778 2964 dichtet
2851 2921 3378 2982 kenntniß, daß ihre Bluthez
1967 2931 2083 2988 — —
1705 2932 1972 3001 Ihr Gatte:
1721 2983 3384 3044 „Wenn sie wacht, schläft sie — —— und wenn sie##tkellner des=Restaurante
2854 3013 3399 3077 Male intime Soupers einge
1643 3027 1980 3101 schläft, wacht sie
2858 3055 3399 3127 sogar vortiefflich, aber sie
1721 3064 2207 3142 „Sage ihr es nicht ——
2855 3101 3386 3178 sein; ein eigenes Gesicht ha
1712 3116 1870 3170 „Nein
1714 3133 2175 3219 Einige Zeilen weiter:
2936 3170 3378 3255 Die im Vorausgegan
1713 3176 2642 3265 „Der Gast fühlt: „Wenn sie schläft, wacht sie —
2853 3215 3375 3302 terisirung einiger Schrift
1714 3236 2747 3303 Ihr Gatte sagt: „Du würdest sie schön ruiniren“ —
2857 3276 3378 3342 Wien“ macht keinen An
1712 3283 2723 3344 Der Gast fühlt: „Und wenn sie wacht, schläft sie“ —
2865 3322 3400 3382 aller Auforen zu bieten, di
1712 3345 2844 3395 Die Beiden sitzen auf Tabourets und rauchen Zigaretten.
2867 3370 3400 3430 sich doch dazu rechnen; scho
1720 3372 2178 3439 Zwei stumme Wächter
2866 3399 3401 3482 nicht genau feststellen läßt,
1712 3393 2839 3489 Weit gesunder, jedenfalls nicht annähernd so dekadent ist
2856 3450 3392 3522 ohne Zweifel giebt es noch
1637 3464 2847 3520 die Muse Felix Dörmanns. Das bedeutet für ihn freilich
2861 3499 3391 3575 werden können, zum Minde
1632 3507 2845 3563 keineswegs ein Lob, denn er will krank und dekadent sein,
1636 3562 2849 3620 er gefällt sich darin; erklärt er doch in einem oft zitirten
1641 3606 2086 3677 Gedicht mit Emphase:
2983 3590 3370 3672 Ledige Leute. E
2941 3598 2988 3674 *)
1879 3634 2550 3711 „Ich liebe, was Niemand erlesen,
2980 3653 3383 3707 Neurotico. Leipz
1859 3683 2497 3749 Was Keinem zu lieben gelang:
2990 3695 3358 3748 Sensationen.
1855 3729 2499 3789 Mein eigenes urinneres Wesen
3015 3733 3399 3791 Warom der schä
2873 3762 3307 3843 Wiener Verlag. 1900.
1862 3775 2588 3839 Und Alles, was seltsam und krank.“
2940 3796 3399 3872 ***) Im todten Wasse
1718 3799 2848 3891 Aber trotz all seines heißen Bemühens gelingt es ihm
2870 3845 3388 3909 1900. Dresden, C. Reißner.
1635 3868 2852 3922 nicht, im Leser (wenn dieser nicht leichtgläubig ist) die Ueber¬
2969 3880 3393 3956 )Dunkle Sehnsuch
1639 3907 2852 3982 zeugung hervorzurufen, daß er wirklich der müde, leben= und
2861 3923 2985 3989 1898.
1642 3951 2855 4022 lust=übersättigte Roué ist, der Dekadent ist, der er zu sein vor¬
2993 3945 3388 4038 Der Hinterblieb
2859 3997 3127 4069 Verlag 1900.
1636 3998 2843 4072 giebt. Allerdings mag eben in diesem sonderbaren Bestreben,
2472 4061 2593 4137 1
2884 4114 3388 4179 lah seltsam gelb und gefur
1902 4120 2837 4177 schüttelte ihn an den Schultern. „Haben Sie
1663 4129 1889 4177 Andrei und
