3344 4320
2067 230 2283 321 —
1509 317 1954 411 box 36/3
290 307 1345 412 Pamphlets Offprints
875 1137 2245 1200 einer Viertelstunde knall ich dich nieder! Lehre mich also, durch
867 1191 2230 1242 dein Beispiel die moralische Kraft zum Tode, die du predigst.“
863 1233 2241 1287 Das Beispiel ist recht schlecht gewählt, aber der Dialog sprüht
874 1292 2237 1334 nur so von Geist und lieferer Lebensweishei. Auf der Bühne
872 1334 2237 1379 wirken der unerbittliche Revolver und die Zeiger der Uhr, welche
872 1386 2241 1438 Minute für Minute dem Tode zueilen, erschütternd; künstlerisch
873 1438 2233 1496 sind diese Motive nicht und Salten hat sich zweifelsohne im Thema
879 1489 2228 1539 vergriffen, wenn auch sein Medizinalrat ohne die Spannung eines
874 1539 2230 1595 gespannten Hahnes als Streber, als unechter Selfmademan,
867 1581 2135 1642 als Prahler und Schwätzer eine ganz interessante Figur gibt.
988 1663 2237 1726 Armselig ist auch die Rolle, welche der Arzt in Romain
878 1702 2236 1766 Coolus' „Coeur à coeur“ spielt. Die Gahin des Herrn Helloin
874 1751 2234 1824 ist konsterniert, denn sie soll ihren Liebhaber an eine andere ab¬
872 1808 2243 1860 geben. Was fehlt nur meiner Frau?, denkt Halloin, und er bittet
879 1868 2242 1920 den Hausarzt, zu recherchieren. Dieser errät den wahren
868 1900 1225 1964 Sachverhalt
976 1953 2225 2047 Ein ernstes medizinisches Thema hat Georges Thurner
865 2026 2233 2078 in „Le Bluff“ angeschlagen, die voreilige Publikation ärztlicher
866 2078 2240 2138 Entdeckungen und Erfindungen, welche bei den armen Kranken
868 2132 2229 2176 die kühnsten Hoffnungen auf Heilung und Retlung wachrufen.
868 2182 2227 2220 Dr. Hardouin ist ehrlich, bekennt am Schlusse, daß sein Tuber¬
871 2224 2215 2276 kuloseserum nichts wert sei, und versinkt in Armut und Ver¬
860 2278 2223 2324 gessenheit. Capus schildert in der „Rosine“ die berühmte Ver¬
866 2334 2222 2392 lassene, die entweder Maitresse des Millionärs Hellot oder die
869 2373 2227 2433 Gattin des Arztes Georges werden muß; sie wählt — nach einem
863 2423 2226 2478 alten Bühnenrezept — die Ehe mit dem von Humanität triefenden
865 2473 2221 2542 Arzte. In dem Schauspiel „Sieg“ von Gabriel Trarieux, einer
859 2534 2220 2591 sehr interessanten Arbeit, agiert der Arzt eine Hauptrolle. Olivier
865 2598 2212 2649 und Claude lieben Jie kleine Jacqueline; Olivier, der mit Tuber¬
864 2620 2227 2683 kulose erblich belastete, heiratet sie und verliert ein Kind an
864 2680 2230 2726 Meningitis tub. Er verzichtet — gleichsam schuldbewußt — auf
867 2730 2228 2784 den Kindersegen und verfällt der Seuche. Claude, der berühmte
865 2779 2216 2846 Pariser Arzt, wird an das Krankenbeit des Freundes gerufen und
860 2836 2218 2901 erobert das Weib im ersten Sturme, das sich nach einem gesunden
864 2885 2226 2946 Manne sehnt. Die Folgen dieses Ehebruches machen sich bemerkbar
869 2929 2218 2985 — Olivier, der scheinbar wieder gesundet, dem Liebhaber seiner Frau
862 2985 2225 3028 das Leben verdankt, rächt sich nicht, sondern er ebnet beiden den
854 3021 2226 3093 Weg, indem er das Kind zu legitimieren sich bereit erklärt, Dann
857 3081 2228 3143 stirbt er einsam, groß, um dem Leben Platz zu schaffen. Das ist
860 3139 2226 3191 tatsächlich ein ärztliches Drama. Der dänische Dichter Helge Rode
864 3187 2220 3239 hat versucht, im „Morbus Tellermann“ den Berufsehrgeiz der
864 3239 2127 3296 Arzte zu schildern. Das Thema erwies sich als undramatisch.
976 3302 2219 3350 Prof. Ughetti erzielt mit seinen Feuilletons über das
855 3341 2231 3417 Verhältnis des Arztes zur Gesellschaft bemerkenswerte Erfolge.
2695 1135 3336 1216 Seine „Erinnerungen“ haben d
2700 1201 3326 1267 Buch hat viel Lob geerniet 2°).
2699 1253 3347 1317 einem Börsegeschäft, persiflier
2698 1299 2899 1364 bekämpft
3115 1300 3322 1359 eutischen
2918 1302 2959 1357 de
3058 1310 3096 1355 r3
2705 1351 2780 1404 Ery
3211 1353 3325 1417 Organ
3226 1401 3317 1464 (B
3239 1450 3333 1516 chaft
