3344 4320
1495 308 1948 397 box 36/3
162 295 1342 409 1. Panphlets, offprints
697 1128 1938 1197 Ein Gedicht von Hugo Salus hat auf den Referenten als
570 1180 794 1249 poetische
819 1188 1955 1264 Verwertung der Fieberphantasien besonders stark
573 1233 801 1303 gewirkt*).
1012 1266 1513 1374 Genesene Ophelia.
817 1360 1433 1421 Du klare, alabasterweilie Stirne,
817 1413 1639 1456 Darauf der Abglanz aller Keuschheit thront.
863 1455 1656 1495 Gleichwie im Diadem der Nacht der Mond —
816 1486 1661 1559 Heut' bist du wieder rein, wie Eis der Firne.
810 1547 1584 1618 Ach! hinter dir, im argverwirrten Hirne,
815 1614 1625 1670 Hat gestern noch ein trüber Geist gewohnt.
814 1655 1624 1695 Der selbst so reine Lippen nicht verschont
810 1691 1617 1768 Und sie verzerrt zum Munde einer Dirne!
812 1759 1662 1817 Heut' sind die Lippen, die nie wissen dürfen,
808 1811 1653 1857 Wie sie ein Dämon schänderisch mißbraucht.
816 1848 1599 1911 Sanft und gerührt und lächeln seligwund,
812 1895 1654 1973 Da sie erstaunt des Lebens Odem schlürfen.
806 1970 1700 2013 Und heilig glänzt die Stirn, da nun mein Mund
799 2005 1765 2082 Auf ihren Schnee den Kuß des Mitleids haucht.
685 2098 1930 2187 Die Prager Arzte besitzen von jeher eine Lyrikergruppe. Wir
563 2155 1931 2232 nennen noch Prof. Karl Bayer, den bekannten Chirurgen,
569 2216 1930 2283 dessen Gedichte im Jahre 1902 erschienen sind?). Hübsch und
568 2258 1935 2320 ergreitend ist die Art, wie Bayer Motive aus dem ärztlichen
564 2303 1597 2391 Leben poelisch sieht. Wir wählen als Beispiel das
1052 2377 1416 2477 Willkommen.
890 2463 1622 2537 Willkommen Krankheit, die mit Zwang,
890 2519 1497 2579 Wenn auch nicht gern, gewährt,
890 2558 1535 2618 Wonach ich immer strebend rang.
887 2602 1436 2665 Und was ich stets entbehrt.
878 2649 1479 2752 Was mit der Tage wilder Hast
881 2718 1366 2774 Mir raubte das Geschick,
870 2756 1568 2824 Jetzt hatt' ich Muße, Zeit und Rast:
874 2805 1358 2859 Ich kam zu mir zurück.
884 2867 1488 2937 Ich rückte näher meinem Herd
875 2923 1468 2977 Und fühlt' erst, wie er warm.
870 2952 1555 3021 Und schätzte erst des Lebens Wert:
886 3001 1367 3061 Wie war ich früher arm!
880 3067 1441 3139 Ich sah die Liebe engelgleich
874 3124 1440 3175 Dem Krankenbett sich nah'n:
884 3160 1569 3223 Willkommen Krankheit, elend, bleich,
879 3195 1385 3274 Willkommen Dornenbahn!
699 3297 1117 3363 9 Jugend Nr. 17, 1907.
708 3342 1415 3420 Bayer: Gedichte. Berlin, Duncker.
1947 222 2375 311 —.—
2541 1184 3310 1253 Dr. August Lieber in Innsbruck
2419 1254 3320 1318 welche bei aller Wärme und bei guter gla
2421 1288 2907 1355 sonders ansprechen *).
2534 1337 3293 1414 Artur Schnitzlers „Märchen“
2418 1394 3324 1461 abermals zur Aufführung. Am 1. Dezemb
2416 1451 3321 1501 Dichter mit diesem Drama seine erste ru
2414 1488 3319 1554 Wien — Alle lobten den Verfasser, Alle ta
2416 1541 3324 1604 Werk. Der Schriftsteller Denner vertei
2412 1592 3329 1660 Mädchen. „Und ich sage euch, es ist Zeit
2425 1649 3328 1724 Welt schaffen, dieses Märchen von der Gefa
2415 1688 3325 1765 Schauspielerin wird von diesen Worten be
2414 1747 3324 1805 küßt die Hand des Verteidigers. Hat er sie
2402 1801 3328 1865 ihm weh, denn er liebt sie. Der zweite Al
2406 1846 3323 1915 Wahrheit; noch einmal siegt die Liebe übe
2406 1901 3319 1962 dann kommt der Abschied. Die Inkonsequenz
2406 1954 3319 2009 aller Menschenverbesserer und Moralisten w
2404 2004 3329 2065 licher Strenge nachgewiesen — dazu gehö
2408 2040 3321 2108 Das Thema erfordert aber lbsen'sche Größ
2407 2091 3321 2152 Diese besitzt kein junger Dramatiker, diese
2407 2137 3321 2217 lbsen nicht. Wir Arzte dürfen alle Kunst
2413 2195 3327 2259 wicklungsgeschichtlich nehmen; deshalb ist
2414 2251 3295 2310 „Märchen“ besonders ans Herz gewachsen.
2401 2290 3324 2363 reits, kaum angedeutet, alle siegenden
2406 2337 3328 2408 lers, sein Anatol, sein Theodor Kaiser, sein
2400 2390 3319 2461 Künstlerinnen und süßen Mädel, seine „Liebelei
2519 2451 3325 2509 Dr. Karl Ludwig Hirschfeld ha
2401 2489 3326 2558 modernen Bauerntheater „Berg und Tal“ auf
2400 2551 3323 2611 Der Inhalt ist rasch erzählt: Die Baronin lieh
2393 2602 3321 2663 und beide werden ein Paar. In der Großstad
2402 2649 3296 2694 der Berge nicht wohl und brennt durch;
2390 2690 3308 2759 schießt einen Wilderer über den Haufen und
2401 2744 3321 2815 sich wieder bei Gesang und Tanz. Einige F
2390 2785 3322 2854 durch originelle Färbung aus, der Rest ist B
2507 2850 3320 2903 Artur Schnitzlers Novellenbuch i
2392 2888 3320 2968 künstlerische Ereignis des Jahres 7). Der Dicht
2384 2957 3321 3014 und tiefer; er folgt den dunklen Gesetze
2384 2995 3312 3068 Goethe etwa in den „Wahlverwandtschafter
2386 3034 3311 3098 in „Madame Bovary“, er empfindet un
2383 3092 3310 3149 schauerlich wie Poé. Da ist „Das Schicks
2391 3136 3309 3213 Leisenbohg“. Er liebt die Sängerin Kläre Hell,
2390 3203 3325 3256 wenn sie einen anderen beglückt. Der letzte
2389 3234 3321 3317 ist in Kläres Armen gestorben — der Freihe
2534 3350 3321 3419 Lieber: Aus tiefen Schachten. Innsbruc
2520 3396 3318 3478 1 Schnitzler: Dämmerseelen. Berlin, Fi
2427 3450 2765 3507 1908. Nr. 24/23.
