3344 4320
180 313 1356 413 1. Panphlets, offprints
159 1181 819 1258 ieder! Lehre mich also, durch
176 1247 793 1327 zum Tode, die du predigst.“
166 1297 818 1359 ählt, aber der Dialog sprüht
171 1347 821 1419 ebensweisheit. Auf der Bühne
165 1397 813 1461 d die Zeiger der Uhr, welche
163 1448 813 1520 n, erschülternd; künstlerisch
167 1496 810 1558 at sich zweifelsohne im Thema
160 1550 814 1604 alrat ohne die Spannung eines
183 1600 811 1663 als unechter Selfmademan,
195 1654 713 1725 interessante Figur gibt.
214 1707 800 1783 welche der Arzt in Romain
199 1771 814 1830 Die Gattin des Herrn Helloin
183 1819 799 1882 Liebhaber an eine andere ab¬
198 1866 811 1941 denkt Halloin, und er bittet
197 1924 823 1988 Dieser errät den wahren
161 2038 802 2095 ema hat Georges Thurner
163 2093 802 2159 voreilige Publikation ärztlicher
160 2145 801 2213 Iche bei den armen Kranken
167 2196 800 2259 ung und Rellung wachrufen.
168 2237 787 2308 am Schlusse, daß sein Tuber¬
188 2293 798 2358 versinkt in Armut und Ver¬
201 2337 792 2403 „Rosine“ die berühmte Ver¬
166 2390 797 2462 sMillionärs Heliot oder die
160 2431 798 2509 nuß; sie wählt — nach einem
179 2499 794 2560 dem von Humanität triefenden
163 2543 795 2607 on Gabriel Trarieux, einer
176 2592 805 2666 Arzt eine Hauptrolle. Olivier
155 2643 789 2709 line; Olivier, der mit Tuber¬
153 2694 804 2765 sie und verliert ein Kind an
163 2744 800 2817 eichsam schuldbewußt — auf
161 2793 800 2864 euche. Claude, der berühmte
157 2840 800 2914 eit des Freundes gerufen und
174 2902 795 2963 das sich nach einem gesunden
152 2921 795 3014 bruches machen sich bemerkbar
147 2994 788 3064 det, dem Liebhaber seiner Frau
171 3052 786 3111 sondern er ebnet beiden den
157 3097 798 3160 ieren sich bereit erklärt. Dann
158 3142 799 3212 ben Platz zu schaffen. Das ist
169 3193 807 3267 dänische Dichter Helge Rode
151 3235 808 3315 mann den Berufsehrgeiz der
167 3294 709 3366 ies sich als undramatisch.
170 3353 800 3426 seinen Feuilletons über das
158 3406 809 3478 chaft bemerkenswerte Erfolge.
1513 321 1970 413 box 36/3
1282 1208 2631 1275 Seine „Erinnerungen“ haben die dritte Auflage erlebt !*), ein neues
1273 1253 2648 1322 Buch hat viel Lob geerntet ?°). Er vergleicht die Wissenschaft mit
1270 1312 2647 1365 einem Börsegeschäft, persilliert die wissenschaftlichen Kongresse,
1276 1358 2655 1418 bekämpft den therapeutischen Optimismus, insbesondere die kühnen
1280 1401 2635 1463 Erwartungen in Betreff der Organ- und der Serumtherapie; er charak¬
1286 1462 2642 1512 terisiert ärztliche Größen (Billroth ist verzeichnet) und er
1281 1509 2644 1568 leugnet, daß die Wissenschaft spezifische Begabung vorausselzt.
1286 1564 2644 1615 Jeder Buchhalter hätte Mathematiker werden können, wenn er die
1289 1611 2638 1665 entsprechenden Studien gemacht hätte; es komme nur auf Fleiß und
1280 1663 2641 1720 Ausdauer an. Merkwürdig, daß derlei Paradoxe so viel Beifall finden.
1401 1720 2648 1765 Zu Allerseelen kam die Rede Hermann Nothnagels
1297 1763 2644 1816 „Das Sterben“ in würdiger Ausstattung heraus ?!). Von keinem
1282 1816 2645 1862 Dichter, von keinem Philosophen ist das Wort vom Tode schöner
1281 1848 2650 1901 und liefer gesagt worden als von dem Wiener Arzte, dem letzten
1278 1912 2648 1966 universellen Internisten. Diese Rede wird stets eine Mahnung für
1277 1961 2639 2019 die Gesunden: und ein Trost der Kranken bleiben. Theobald
1284 2002 2639 2063 Kerner ist gestorben, der Sohn eines großen Dichters. Die
1278 2074 2636 2121 Reminiszenzen an seinen Vater 22) sind hübsch und frisch, Theo¬
1285 2116 2647 2172 balds eigene Sachen recht schwach 29). „Vor Thorschluß“ schrieb
1278 2163 1759 2224 er schon vor Jahren:
1580 2198 2326 2279 Der Mund, der oflmals Scherze sprach.
1580 2265 2255 2320 Wird bald jetzt bleich und stumm.
1577 2310 2262 2363 Und schnell geht es per Eisenbahn
1584 2350 1962 2410 Zum Crematorium.
1587 2395 2162 2454 In ihren Strahlenmantel hüllt
1583 2449 2137 2500 Die Flamme dort mich ein.
1588 2482 2284 2538 Mein Haupt, eh' es in Staub zerfälli.
1580 2530 2115 2594 Umgibt ein Heil’genschein.
1580 2572 2279 2649 Die Asche — werst sie in die Luft:
1592 2623 2081 2684 Sie fliege mit dem Wind.
1590 2672 2307 2735 Sink' nieder, wo ein Bächlein rauscht
1583 2699 2038 2769 Und wilde Rosen sind.
1563 2746 2650 2826 Prof. Oskar Lassar, der vor Kurzem aus
1404 2767 1560 2837 Auch
1294 2806 2647 2877 dem Leben schied, hat sich in jungen Jahren als Poet und
1296 2875 2642 2926 Märchenerzähler versucht. Dem am 19. Oktober v. J. in München ver¬
1305 2927 2652 2976 storbenen Dr. Josef Goßmann wird ein hübsches poetisches
1292 2968 2525 3045 Talent nachgerühmt. Goßmann singt vom „Humor“ ?4):
1420 3041 2645 3125 1*) Ughetti: Zwischen Arzten und Klienten. 3. Aufl., Wien, Brau¬
1286 3102 1576 3157 müller, 1907.
1434 3112 2658 3193 20) Ughetti: Auf dem Wege der Wissenschaft. Autorisierle Uber¬
1305 3174 2319 3231 setzung von Prot. Dr. Galli. Wien, Braumüller, 1907.
1421 3203 2404 3275 21) Nothnagel: Das Sterben. Wien, Perles, 1907.
1422 3265 2671 3329 22) Kerner: Das Kernerhaus. Stuttgart, Deutsche Verlags¬
1291 3298 1578 3361 anstalt, 1894.
1419 3334 2400 3388 23) Kerner: Dichtungen. Hamburg, Grädener, 1819.
1419 3366 2673 3443 24) Graßmann: Nachruf auf Josef Goßmann. Münch. Med.
1294 3421 1815 3483 Wochenschr. Nr. 46, 1907.
