3436 4256
237 229 1164 317 29. Doktor Graesler
1791 226 2188 319 box 4/7
507 269 563 335 C
609 263 1657 336 Semerdesten, Bädearze
2271 902 2785 1041 1. Beiblatt.
2078 1035 3005 1115 Druck und Verlag von Rudolf Mosse in Berlin.
456 909 1921 1113 Berliner Tageblatt.
1820 1107 2955 1179 r Slle chen. Sebint Verschalst. Der dus Fedshntsche Aue nlg
221 1130 3012 1213 nicht besonders zahlreich bedacht. In allen Gemeir den ist dem Wunsche bringenden Gestaltung des Gewerbes übliche und angemessene Maß
131 1167 545 1243 zugestimmt und nur
538 1193 3009 1265 wiederholt Ausdruck gegeben worden die vorhandenen Spielplätze erheblich übersteigt. Diese für den Einzelfall notwendige Nachprüfung
158 1201 552 1270 Mit diesen Abände¬
538 1243 1772 1285 weiter auszudehnen und neue große Plätze anzulegen. Nach einem
1773 1243 3014 1303 enthält zugleich die Beantwortung der zweiten Frage, nämlich die
145 1253 548 1320 serklärung der Ver¬
542 1274 1762 1328 Gerüchte sollte jetzt der umsangreiche Spiel= und Sportplatz in
1763 1279 3011 1352 Verneinung der Zulässigkeit von Durchschniltspreisen. Abgesehen da¬
149 1302 542 1357 geeigneter Zeit nach
552 1326 1761 1375 Hohenschönhausen, der von Sportvereinen, Turnern und
1768 1334 3001 1396 von, daß keine Möglichkeit besteyt, solche Durchschnittspreise auf eine
134 1339 548 1398 ber nach Möglichkeit
547 1365 1757 1417 von der Jugendwehr oft und gern benutzt wird, eingehen und das
1771 1368 3012 1436 feste, nachweisbare und nachprüfbare Grundlage zu stellen, fiele damit
156 1381 546 1451 hkurzer Erörterung
538 1397 1758 1456 Gelände der Bebauung erschlossen werden. Wie wir von zu¬
1754 1419 3009 1485 auch die Möglichkeit der strafgerichtlichen Verfolgung, eine Aussicht,
537 1444 1761 1496 ständiger Stelle erfahren, entbehren diese Gerüchte jeder Unterlage.
1756 1461 2793 1524 die unter allen Bedingungen verhindert werden müßte.
149 1447 550 1522 gliche Anträge, die
542 1474 1766 1543 Im Gegenteil schweben gegenwärtig zwischen Hohenschönhausen und
130 1506 537 1557 #its von den bürger¬
1806 1489 3002 1564 An der anschließenden Aussprache beteiligte sich Rechtsanwalt
540 1528 1774 1580 einer großen Nachbargemeinde Verhandlungen, die bezwecken, den
163 1542 539 1606 : „Die Versammlung
1758 1540 3013 1601 Dr. Alsberg, der die Schwierigkeiten betonte. ir die jetzt
537 1558 1764 1646 Spiel= und Sportplatz dauernd für die Groß=Berliner zu er¬
140 1576 544 1640 ndlung der er
1763 1576 3011 1648 der anständige und ehrbare Kaufmann gerate, und die ver¬
537 1610 772 1682 halten.
132 1634 542 1698 Eigen auch nach dem
1758 1625 3013 1691 schiedenartigen Auffassungen der verschiedenen Senate des Reichs¬
569 1657 1768 1719 Zehn Einbrecher vertzaftet. Seit längerer Zeit wurden die
124 1679 541 1737 v. Dr. Weyl (Soz.)
1764 1673 3016 1740 gerichts charakterisierte. Justizrat Eschenbacher npfahl drako¬
540 1708 1768 1765 westlichen Vororte Berlins von einer Einbrechergesellschaft unsicher
139 1712 546 1775 ein arztloser Zustand
1760 1724 3018 1780 nische Mittel gegen die Wucherer. Außerdem beteiligten sich Handels¬
550 1752 1752 1805 gemacht. Der Schöneberger Kriminalpolizei ist es
130 1753 548 1814 öffentlichen Gesund¬
1770 1767 3007 1819 direktor Heusler, Geh. Rat Kave u. a. an der Aussprache. Dal
535 1781 1766 1857 jetzt gelungen, zehn Einbrecher im Alter von 18 bis 20 Jahren
133 1797 540 1853 istrat ein endgültiger
1765 1804 3013 1857 Schlußwort des Vortragenden, das darin gipfelte, daß ein jeder
546 1842 1756 1902 zu verhaften. Den Verhafteten konnte eine ganze Reihe von Ein¬
151 1839 548 1910 s zu Zwiespalt mit
1763 1845 3004 1914 ohne Murren und Sperren und in vaterländischer Treue die not¬
2104 1897 2262 1980 S
589 1955 3002 2026 Der Vorhang hob sich. Man gab einen neueren deutschen die in Ausstattung und Anordnung ihren Beifall janden;
548 1992 1781 2054 Schwank. Katharina unterhielt sich vortrefflich, und oft lachte
1765 2018 3019 2069 doch als sie mit ihm ins Zimmer seiner verstorbenen Schwester
139 1965 546 2108 Hadearzt
546 2046 1770 2105 sie auf, aber ohne sich nach ihrem Nachbar hinzuwenden. Im
1774 2059 3008 2111 trat, sah sie ihn befremdet an. „Sie sind doch nicht am
2956 2089 3014 2122 7
547 2091 1774 2143 ersten Zwischenakt kaufte er ihr eine Tüte Bonbons, die sie
1763 2114 2996 2166 Ende verheiratet,“ sagte sie, „und Ihre Frau ist verreist?“
544 2135 1761 2194 dankbar lächelnd entgegennahm. Während des zweiten Aktes
1766 2142 3017 2197 Er lächelte zuerst, dann strich er sich mit der Hand
136 2144 529 2231 [Nachdruck verboten.]
535 2182 1765 2237 nickte sie ihm bei Stellen, die ihr besonders lustig erschienen,
1767 2182 3015 2226 über die Stirn, und mit gedämpfter Stimme erklärte er ihr,
540 2223 1764 2275 freudig zu. Während das Spiel weiterging, dem Dr. Gräsler
1763 2219 3025 2281 daß dieses völlig neu eingerichtete Zimmer für seine Schwester
548 2264 1768 2315 etwas zerstreut zuhörte, fühlte er von einer Loge her einen
1759 2268 3020 2330 bestimmt gewesen sei, die vor wenigen Monaten im Süden
137 2251 548 2345 der schlechteren be¬
533 2298 1767 2356 Operngucker auf sich gerichtet. Er erkannte Böhlinger,
1773 2311 3014 2367 gestorben war. Katharina blickte ihm wie prüfend ins Uuge,
542 2349 1769 2397 grüßte ihn unbefangen und erwiderte in keiner Weise den
1771 2350 3011 2401 dann trat sie näher auf ihn zu, nahm seine Hand und strich
138 2333 417 2409 von mir?“
545 2384 1759 2448 pfiffig fragenden Blick des alten Freundes. Als er im letzten
1764 2392 3005 2454 schmeichelnd mit der ihren über sie hin, was ihm sehr wohl
131 2385 541 2454 em Beruf ein Ge¬
542 2429 1755 2490 Zwischenakt mit Katharina in den Wandelgängen hin und
1766 2433 3020 2499 tat. Er drehte das Licht ab, sie begaben sich ins Speisezimmer,
142 2436 539 2502 auch zu Hause ge¬
540 2471 1767 2526 her spazierte, hing er sich plötzlich in ihren Arm, was sie ohne
1768 2478 3016 2533 und jetzt erst ließ Katharina sich bewegen, Hut und Jacke all¬
135 2472 546 2556 er zu gehen beab¬
546 2512 1770 2563 weiteres geschehen ließ, gab über die Leistungen einiger Dar¬
1764 2513 3022 2579 zulegen. Dann aber war sie rasch zu Hause. Als er sich
534 2557 1768 2615 steller seine Meinung ab, aber so eindringlich und leise, als
1776 2563 3013 2618 anschickte, den Tisch zu decken, ließ sie es nicht zu, sondern be¬
136 2549 546 2628 es fragt mich auch
536 2597 1770 2649 gäbe es ein holdes Geheimnis zwischen ihm und seiner reizen¬
1765 2600 3013 2667 stand darauf, das sel ihre Sache. Auf ihren scherzenden Be¬
135 2604 539 2666 en — nicht wahr?“
536 2636 1774 2695 den Begleiterin, und er war etwas enttäuscht, Böhlinger nicht
1772 2640 3013 2705 fehl nahm er auf einem entfernten Sessel Platz und sah ihr
145 2643 542 2725 sieber, — so wie es
543 2677 1774 2739 zu begegnen. Das letzte Zeichen tönte, und als Gräsler nun
1768 2684 3016 2743 mit leiser Rührung zu, wie sie hausmütterlich alle Vorbe¬
546 2719 1767 2778 wieder neben Katharinen saß, rückte er so nahe an sie heran,
1763 2728 3014 2780 reitungen für das Aben##sen traf, und wie sie sich nicht nur
123 2720 541 2792 ewohnheit die eine
536 2775 1759 2820 daß ihre Arme sich berührten, und da sie den ihren nicht regte,
1773 2772 3007 2821 hierin, sondern auch dreußen in Küche und Vorzimmer mit
132 2779 553 2842 e: „Allein macht es
555 2805 1765 2863 fühlte er, wie sich allmählich eine immer vertrautere Beziehung
1768 2809 3012 2858 einer Geschicklichkeit zurechtfand als hätte sie hier seit jeher
141 2819 548 2879 nur in Gesellschaft
549 2840 1773 2902 zwischen ihm und ihr hergestellt hatte, und er es wohl wagen
1775 2857 3013 2915 Haus und Wirtschaft geführt. Endlich setzten sie sich beide an
140 2861 550 2936 auch lacht, und den
545 2888 1769 2940 durfte in der Garderobe, während er ihr in die Jacke hinein¬
1773 2893 3017 2962 den Tisch, sie teilte vor, er schenkte ein, und sie aßen und
551 2942 1561 2996 half ihr flüchtig Haare und Wangen zu streicheln.
1768 2946 3009 2998 tranken. Sie plauderte von dem verflossenen Abend äußerte
605 2951 1770 3021 Als sie vor dem Tore standen, sagte sie, unter dem Hut zu
1778 2970 3009 3046 sich entzückt über den Komiker, der sich besonders brav ge¬
139 2972 540 3041 nders schön wird.“
535 3017 1769 3083 ihm aufblickend, in einem Ton, der nicht ganz ernst gemeint
1769 3015 3020 3080 halten, und war verwundert, von Gräsler zu hören, daß er
209 3030 537 3105 ich stehe jeden¬
538 3064 1716 3115 klang: „Jetzt muß ich schauen, daß ich nach Hause komm'.“
1766 3069 3007 3121 selten Theater besuche, was für sie den Inbegriff aller irdi¬
606 3077 1764 3156 „Aber vorher,“ entgegnete er gewandt, „werden Sie mir,
1766 3102 3017 3152 schen Genüsse vorzustellen schien. Nun gab er ihr Aufschluß
140 3099 547 3182 raschen Schritt an¬
538 3139 1772 3200 wie ich hoffe, liebes Fräulein Katharina, die Ehre erweisen,
1765 3148 3013 3207 darüber, wie schon der äußere Verlauf seines Daseins Ver¬
133 3156 430 3217 #versäumen.
541 3184 1455 3253 mein bescheidenes Mahl mit mir zu teilen.“
1765 3176 3016 3247 gnügungen solcher Art nicht häufig erlaube, daß er seinen
140 3202 550 3273 er, als sie vor dem
598 3212 1767 3285 Sie sah ihn zuerst an wie fragend, dann nickte sie ernst
1767 3225 3018 3291 Aufenthalt von Halbjahr zu Halbjahr verändere, daß er eben
149 3257 549 3320 noch eine Viertel¬
1767 3269 3015 3318 aus einer kleinen deutschen Bäderstadt zurückkäme, und daß
543 3259 1770 3314 und so rasch, als verstünde sie mehr, als er gesagt hatte. Und
1768 3313 3016 3371 er bald wieder übers Meer nach einer fernen Insel reisen
536 3305 1767 3362 wie zwei Liebende, deren Schritte die Leidenschaft beschleunigt,
145 3314 541 3396 Auges lief sie ihm
542 3351 1772 3412 Arm in Arm, eilten sie durch die abendlichen Straßen seinem
1762 3341 3013 3419 müsse, wo es keinen Winter gäbe, wo hohe Palmen stünden
156 3363 549 3442 kaum um ihn, als
545 3388 783 3457 Hause zu.
1760 3398 3018 3436 und man auf kleinen Wagen in brennender Sonne zwischen
150 3420 547 3486 n, und erst als sie
608 3421 1762 3487 Als sie in seiner Wohnung angelangt waren und er im
1778 3433 3022 3489 niedern Steinmauern ins gelbe Land hineinfahre Latharina
140 3449 550 3534 ritten Reihe saßen,
543 3473 1773 3528 Arbeitszimmer Licht gemacht hatte, blickte Katharina rings
1778 3476 3015 3523 fragte, ob es dort auch viele Schlangen gäbe. „Man kann
553 3509 1777 3575 um sich und betrachtete alle Bilder und Bücher mit neugierigen
1783 3518 3014 3583 sich vor ihnen schützen,“ sagte er. — Wann müssen Sie denn
134 3539 554 3619 ten Zuschauerraum
1776 3557 2238 3621 schon wieder dorthin?“
547 3560 1767 3621 Augen. „Gefällt es Ihnen bei mir?“ fragte er. Sie nickte.
2277 3563 2998 3619 „Bald. Möchten Sie wohl mit?“
150 3601 554 3658 bemerkte er eines,
552 3590 1783 3651 „Es ist aber doch ein ganz altes Haus, nicht wahr?“ — „Drei¬
1772 3596 3013 3664 fragte er wie im Scherz und fühlte zugleich in seiner durch
156 3639 1782 3712 Ihn selbst, der im hundert Jahre gewiß.“ — „Und wie neu da herin alles aus¬
1766 3647 3011 3721 den rasch genossenen Wein erhöhten Stimmung, daß in diesem
547 3683 3004 3752 sieht.“ — Gern erbot er sich, ihr die übrigen Räume zu zeigen, Scherz eine Ahnung von Wahrheit zitterte. (Forts. folgt.)
