3392 4224
229 123 1048 213 29. Doktor Graes
1229 143 1645 220 Badearzt
436 159 1644 262 ESSO JILEerSE
1790 160 2170 258 box 4/9
1676 543 2672 621 Ausgleichsgesichtspunkt. Ist dann nicht ein gräm¬
1673 607 2668 661 liches Alter mit seinem Minus an Kraft, Gesundheit
1676 649 2679 708 und Lust das Aquivalent, mit dem für das Plus der
1674 698 2677 755 Jugend bezahlt wird! Und kann nicht in einem hei¬
1684 746 2694 795 teren, sorglosen Lebensabend der Dank vermutet
1682 787 2671 847 werden, mit dem das gerechte Leben jahrzehnte¬
1664 821 2673 895 lange Mühsale bezahlt!! Jeder Kostgänger dieser
1671 857 2685 924 Erde muß ja seine Rechnung begleichen, ehe er zu¬
1685 910 2685 975 rücktritt; mag nun die Kurve seines Glückes in
1677 961 2677 1006 schönem anspruchslosen Gleichmaß gelaufen sein
1676 1004 2568 1061 oder in wilder, aufgeregter Sprunghaftigkeit.
1734 1039 2684 1106 So hat denn ein jeder seinen Typus von Glück
1682 1091 2680 1162 und Kummer, und es tut nicht gut, abzuirren von
1686 1133 2260 1190 dem einmal vorbestimmten.
1736 1176 2675 1234 Der Held in Arthur Schnitzlers neuer feiner
1681 1227 2683 1273 Erzählung!) macht einen solchen Versuch. Ein
1685 1271 2683 1325 Durchschnittsmensch, den der Lebenszufall Arzt
1683 1313 2676 1360 werden ließ, pendelt dieser Doktor Gräsier hin und her
1687 1356 2680 1404 zwischen dem kleinen deutschen Badeorte, wo er im
1683 1400 2677 1456 Sommer, und der südlichen Insel Lanzarote, wo er
1688 1446 2684 1496 den Winter über praktiziert. Sein Leben rollte sich
1686 1485 2683 1537 bisher gleichmäßig ab. Die Mühen einer Alltags¬
1679 1537 2686 1591 praxis, ohne viel Ehrgeiz. Die Schwester führte ihm
1685 1581 2676 1635 den Haushalt, unaufdringlich und geräuschlos. Er
1689 1625 2696 1683 scheint „zufrieden.“ Wie unter einem grauen Himmel
1687 1669 2682 1712 von Resignation, so rann sein Leben dahin. Da
1694 1702 2686 1768 kommt eines Tages die Katastrophe: Dieselbe
1691 1756 2686 1813 Schwester, in deren stillen Wassern sich manches
1694 1795 2694 1854 Geheimnis barg, begeht Selbstmord und läßt ihn
1690 1842 2682 1909 allein. Das Gemüt des Mannes, aus seinem wunsch¬
1695 1902 2682 1942 und ein wenig gedankenlosen Frieden aufgeschreckt,
1691 1936 2684 1970 wirft plötzlich Wellen. Er fühlt sich als Achtund¬
1703 1971 2694 2021 vierziger, für den es mählich Abend werden will.
1690 2020 2703 2060 Fühlt, daß es Zeit wäre, unter Dach und Fach zu
1691 2061 2684 2119 kommen, ehe es zu spät wird. Und siehe, Eros hat
1202 2056 1581 2153 Telephon 12.801
1689 2103 2687 2167 nur auf diesen Augenblick der Erkenntnis, der Sehn¬
1692 2149 2683 2202 sucht, des empfundenen Mangels gewartet. Drei
1411 2144 1558 2218 6
624 2158 1530 2262 „OBSERVEK,
1698 2194 2687 2272 Frauen kreuzen nach des Liebesgottes Willen seinen
1700 2237 1831 2298 Weg.
637 2233 1560 2311 I. österr. beh. konz. Unternehmen für Zeltungs-Russchnitte
1728 2267 2691 2342 Zuerst die schöne und stolze Sabine. Auch sie,
647 2287 1556 2394 Wien, I., Concordiaplatz Nr. 4.
1693 2326 2686 2379 27jährig, leidet unter der drohenden Vereinsamung
1692 2376 2695 2437 und wirft unmerklich ein geschicktes Netz um den
1689 2417 2699 2469 Uberreifen. Sie sucht den Fahrenden sebhaft zu
1089 2417 1416 2533 6-JUl. 1918
1694 2462 2692 2521 machen, indem sie ihn auf ein gerade verkäufliches
1693 2501 2682 2569 Sahatorium hinlenkt. Der Besitzer, ein Sonderling,
1699 2554 2703 2613 will sein Haus je eher je lieber losschlagen, „da er
1691 2597 2682 2638 die paar Jahre, die ihm noch beschieden wären, in
1690 2635 2684 2698 möglichster Entfernung von wirklichen und einge¬
704 2571 1499 2731 Die Umschau, Frankfurt a. M.
1698 2684 2698 2747 bildeten Kranken zu verbringen und sich von den
1698 2735 2691 2789 hunderttausend Lügen zu erholen wünschte, zu
879 2721 1544 2804 Das bißchen Glück.
1700 2766 2698 2833 denen ihn sein Beruf zeitlebens gezwungen hätte.
1697 2819 2692 2875 „Sie können's auf sich nehmen“, sagte er, „Sie sind
728 2815 1686 2877 In einer geistreichen Novelle versuchte jüngst
1695 2855 2690 2921 noch jung“, was Doktor Gräsier zu einer melancho¬
721 2864 1688 2916 Kaspar Ludwig Merkl zu beweisen, daß alle
1698 2890 2698 2960 lisch abwehrenden Handbewegung veranlaßte.“ Denn
708 2909 1694 2957 Menschen gleich glücklich seien. Glück, sagt er,
1701 2949 2703 2991 dies ist seine Tragik: allzu große Bescheidenheit, ja
696 2951 1683 3013 ist Befriedigungslust. Die Lust der Befriedigung
1710 2995 2706 3053 Selbstunterschätzung war von jeher sein schlimmster
707 2992 1694 3041 aber entspricht dem Schmerze des Bedürfnisses.
1697 3042 2692 3102 Fehler; sonst „säße er wohl heute nicht als Bade¬
711 3056 1696 3101 „Mit der Stärke jeglichen Schmerzes muß sich also
1703 3085 2689 3142 arzt in diesem lächerlichen kleinen Kurstädtchen,
705 3087 1698 3139 die gleiche Stärke Genuß einstellen.“ Wer dauernde
1703 3124 2703 3191 sondern in Wiesbaden oder Ems als Geheimer Sani¬
710 3133 1685 3190 mäßige Bedürfnisse hat, wird in ihrer Befriedigung
1701 3174 2695 3230 tätsrat.“ Er zögert vor dem letzten Zugriff. Und
705 3176 1687 3239 ein dauerndes, doch mäßig intensives Glück finden.
1699 3206 2699 3256 Sabine läßt andere Minen springen. Sie zeigt ihm
717 3215 1688 3276 Wer zu den Extremen neigt, wird extreme Unlust,
710 3260 1699 3320 doch auch extreme Befriedigung in der Lösung der
1703 3265 2692 3319 offene Sympathié. Ja, endlich, als nichts verfangen
1706 3302 2697 3372 will, schreibt sie ihm einen schönen und freimütigen
703 3303 1690 3377 Bedürfnisspannung haben. Die Glüchsmasse beider
707 3352 1626 3397 ist verschieden verteilt, doch im ganzen gleich.
1705 3343 2688 3417 Brief und trägt sich ihm selber an; aus herzlicher
755 3398 1699 3453 Ohne sich auf diese Lösung durchaus festzulegen,
1750 3406 2647 3499 1) Dr. Gräsier, Badearzt. 222 Seiten. Preis geh. M. 3.—
700 3428 1694 3489 kann man wohl noch weiter gehen. Man stelle ein¬
707 3481 2531 3526 mal die verschiedenen Lebensphasen unter diesen geb. M. 4.— Berlin ror7. Verlag S. Fischer.
1654 3565 2648 3653 Freundschaft. „Liebe“, schreibt sie, „ist es wohl
1655 3637 2644 3680 nicht. Noch nicht.“ Aber Gräsler fühlt dunkel, das
1659 3676 2652 3730 dieses Glück nicht für ihn gewachsen ist. Er krittelt
1656 3726 2647 3778 an dem Brief herum — „sie hatte es richtig heraus¬
1651 3772 2644 3824 gebracht, daß er ein Pedant war, eitel, kühl, unent¬
1660 3815 2646 3873 schlossen“ —, bittet sich vierzehn Tage Bedenkzeit aus
1656 3851 2643 3912 und entweicht in seine Heimatstadt. Und der Liebes:
1649 3895 2638 3951 film rollt weiter. Ein Idyll mit der lieblichen Katha¬
1660 3947 2653 3995 rina löst die stolze Sabine ab. Kleiner Leute Kind,
1655 3990 2660 4038 läuft ihm die anmutige Verkäuferin gleich am ersten
1660 4022 2649 4081 Tage in den Weg. Schnell schlingt sich ein Band
1667 4074 2649 4126 hinüber und herüber. Sie zieht auf Wochenfrist zu
2658 3572 3325 3651 Der Klein-Pikrehner zuletzt. Er
2653 3639 3326 3709 noch eine Abschiedsrede: „Nu lieg
2655 3681 3329 3744 feichten Erde. Nu is er weg. Er
2655 3722 3338 3784 Leben jehabt. Aber daß er de — nei
2654 3768 3317 3827 noch hat mitmachen kennen, das
2661 3810 3323 3872 noch ’ne Freide gewesen.“ Und
2666 3855 3329 3909 wandt: „Heeren Se, Neimann, we
2654 3904 3323 3970 reden wer noch, das Jeschäft müs
2655 3945 2939 4002 Neimann“
2698 3974 3332 4049 Die Auseinandersetzung mit
2652 4025 3319 4080 nimmt unangenehmste Form an,
2660 4078 3338 4126 Länge. Georg, angewidert von allel
