3392 4256
1270 205 1708 285 Badearzt
273 206 1226 305 29. Doktor Graesler
1809 207 2236 301 box 4/6
484 228 1696 323 Lender ardesten Baasaide
818 852 1189 1007 Nr. 85.
1693 853 3194 1055 Berliner Tageblatt.
612 993 1404 1076 Freitag, den 16. Februar 1917.
2149 1052 3368 1142 enenenen ene ereen ee ellichen ven wrnege haben Rnch als d
1648 1058 1786 1132 M
1799 1104 3021 1166 verständigen festgelegt und bieten den Scuhmachern ausreichenden
552 1114 1788 1167 daß etwas unrentabel gewirtschaftet würde. In allerletzter Zeit sind
3011 1122 3338 1188 werden müssen.
1790 1158 3016 1208 Verdienst. Einer Weigerung der Schuhmacher, zu den Richtpreisen
549 1154 1792 1213 #allein von einer einzigen Heimstätte für 1650 Mark drei
3018 1170 3366 1227 gungsanlage
1801 1205 3017 1268 zu arbeiten, werde die Behörde mit entsprechenden Mitteln zu be¬
557 1205 1790 1266 Zentner Schokolade gekauft worden, woran die Heimstätte
3018 1203 3366 1266 französischen Luftf
1795 1240 2107 1317 gegnen wissen.
549 1233 1792 1302 jahrelang zu knabbern hätte, ferner kaufte die Heimstätte viele
3004 1246 3366 1316 russischer Fe
557 1272 1807 1352 Tonnen Bratheringe so viel, daß man nicht wußte,
1836 1277 3030 1346 Ziehung der Wohlfahrtsgeldlotterie. Am gestrigen letz¬
3017 1298 3378 1357 fangreichsten Trop
546 1327 1789 1390 wohin damit; auch Sauerkohl ist in außergewöhnlich
1802 1325 3031 1387 ten Ziehungstage der Wohlfahrtsgeldlotterie wurden noch
3075 1335 3375 1405 Ganz besonder
1800 1367 3022 1425 folgende größere Gewinne gezogen: 5000 Mark auf Nr. 259 028,
549 1379 1799 1434 großen Posten gekauft worden. Das seien unnötige Aus¬
3019 1369 3366 1438 Knaben im Alter
1783 1401 2728 1453 je 1000 Mark auf Nr. 110 281, 194 706 und 286 649.
551 1414 1798 1470 gaben, durch die die Unterhaltungskosten erhöht würden. Stadtrat
3016 1429 3380 1485 ein beredtes Zeug
1844 1448 3015 1507 Neue Räume der Zentraleinkaufsgesellschaft. Der Aktien¬
559 1456 1798 1508 Kalisch trat den Ausführungen entgegen. Die Insassen der
3018 1465 3362 1532 legen. Früher spi
1793 1469 3022 1557 bauverein Unter den Linden in Berlin hat vom 1. Oktober d. J. ab
551 1502 1798 1554 städtischen Heimstätten müßten gut verpflegt werden. Durch
3021 1508 3348 1571 bahnen. Jetzt in
1795 1536 3021 1614 die freiwerdenden Räume des Hotels Lindenhof an die Zen¬
559 1538 1788 1594 die allgemeine Teuerung sei auch der Betrieb der Heimstätten sehr
3017 1553 3350 1616 wichtig, daß die
1792 1581 2615 1644 traleinkaufsgesellschaft vermietet.
555 1583 1798 1651 in Mitleidenschaft gezogen worden. Nach kurzer Erörterung
3020 1579 3375 1656 licher Arbeit dies
545 1632 1799 1684 nahm die Stadtverordnetenversammlung die Vorlage des Magi¬
1837 1620 3025 1689 Wegen Uebertretung der Bezugsscheinvorschriften sind
3020 1632 3361 1701 System vertraut
549 1667 807 1726 strats an.
1786 1672 3036 1741 die in Berlin, Beusselstraße, und in Charlottenburg, Tau¬
3069 1676 3378 1743 Die große Anz
607 1709 1788 1768 Die geplante Großmarkthalle für Obst=, Gemüse= und
1791 1717 3027 1766 roggener Straße, gelegenen Geschäfte der Firma M. G.,
3014 1701 3376 1784 der Ausstellung z
550 1725 1787 1811 Räucherwaren an der Beusselstraße muß zum Teil auf Charlotten¬
1801 1765 2944 1822 wie uns der Magistrat der Stadt Charlottenburg mitteilt,
2924 1766 3034 1827 auf
3015 1757 3380 1828 Flieger in Feind
556 1797 1792 1854 burger Gebiet erbaut werden. Mit der Gemeinde Charlottenburg
1795 1806 3031 1859 Antrag der Reichsbekleidungsstelle geschlossen worden. Die
3030 1805 3380 1868 unserer Komben
540 1838 1794 1894 soll ein Vertrag abgeschlossen werden, der die Bedingungen festsetzt,
1796 1843 3022 1912 Inhaberin der Firma hatte in einer großen Anzahl von Fällen die
3028 1854 3375 1917 lichkeit unseres ##
2961 1897 3032 1972 20
1797 1960 3030 2031 entrindeten Baumstamm; Dr. Eräsler aber, der seinen lichten
3008 1969 3363 2043 gemacht hätten,
1794 2017 3031 2076 Anzug keinerlei Fährlichkeiten aussetzen wollte, blieb stehen,
3026 2027 3363 2080 der reizvollsten
548 1962 1803 2116 Doktor Gräsler, Badearzt
1794 2059 3027 2120 erzählte von seinen Reisen weiter, seine Stimme, sonst trotz
3026 2066 3350 2125 Badestädtchens
1801 2102 3023 2153 häufigen Räusperns etwas belegt, erklang ihm selbst mit einer
3017 2099 3375 2168 an dem Herrn d
1067 2089 1299 2176 Erzählung
1800 2134 3033 2200 neuen oder ihm wenigstens fremd gewordenen Weichheit, und
3027 2146 3378 2212 zustellen, vermoch
1130 2160 1242 2218 bon
585 2141 911 2231 (5. Fortsetzung.]
1386 2140 1776 2236 [Nachbruck verboten.]
1786 2175 3032 2255 er fand sich mit einer Teilnahme angehört, deren er lange schon
3016 2190 3381 2248 zu entdecken als
917 2194 1428 2285 Arthur Schnitzler.
1799 2221 3025 2284 entwöhnt war. Am Ende erbot er sich, die Geschwister heim¬
3009 2235 3367 2296 wiederkehrendes
1789 2273 3026 2326 zubegleiten, so daß der Vater, wenn er schon zu Hause wäre,
3021 2266 3386 2339 Als Sabine das
614 2254 1795 2338 „Der Mutter geht's ausgezeichnet“, sagte Sabine. „Aber
1807 2314 3036 2359 ohne weiteres an eine zufällige Begegnung glauben könnte, wo¬
3025 2319 3369 2376 verabschieden, d
559 2308 1792 2376 wenn Sie den Abend schon verloren geben, Herr Doktor, wie
1796 2351 3029 2413 durch dann die Bekanntschaft in der harmlosesten Weise ein¬
3018 2368 3365 2428 würdigkeit, ließ
548 2362 1798 2413 wär's“ — und sie sah mit einem flüchtigen Blick zu ihrem
1794 2398 3023 2466 geleitet sei. Sabine nickte in einer kurzen, ihr ganz eigenen
3021 2402 3376 2457 Eltern und Kin
549 2404 1792 2474 Bruder — „wenn wir den Herrn Doktor unsern Wald zeigten,
1809 2427 3024 2497 Art, was dem Doktor eine entschiedenere Justimmung er¬
552 2450 729 2519 Karl?“
3012 2447 3367 2507 holzgetäfelten D
1803 2468 3025 2525 schien, als Worte bedeutet hätten. Auf dem sich leicht bergab
3024 2484 3368 2549 Er sprach von de
614 2472 986 2572 „Ihren Wald?“
1809 2525 3032 2569 senkenden, immer breiter werdenden Waldwege war es nun
3025 2523 3373 2586 saal und wandte
626 2540 1789 2606 „Wir heißen ihn so,“ sagte Karl. „Er gehört wirklich uns
1797 2554 3026 2627 hauptsächlich Karl, der die Unterhaltung führte und Reise=,
3025 2568 3363 2634 lei Veranstaltung
555 2581 1798 2642 allein. Von den Kurgästen kommt keiner so weit. Da gibt es
1802 2613 3032 2675 ja, Entdeckungspläne entwickelte, in deren kindlicher Abenteuer¬
3080 2610 3348 2676 „In den letz
557 2628 1564 2687 wunderschöne Partien. Manche wie im Urwald.“
1798 2652 3031 2715 lichkeit Nachklänge kürzlich gelesener Jugendschriften nicht zu
3015 2639 3373 2716 „Früher, als ich
628 2671 1799 2755 Sowas muß man sich natürlich ansehen, sagte der Doktor.
1804 2690 3026 2749 verkennen waren. Früher, als der Doktor erwartet hatte,
3030 2694 3367 2762 Lächeln des Dokt
547 2707 1103 2790 „Ich nehme dankbar an.“
1805 2716 3027 2792 stand man vor dem Gartenzaun, und zwischen den hohen
3023 2742 3374 2795 ihm schien, nicht
611 2760 1795 2833 Der Wagen wurde für alle Fälle in die Nähe des Forst¬
1797 2773 3029 2832 Tannen in verdämmerndem Weiß schimmerte die Rückseite des
3018 2782 3369 2850 siebenundzwanzig
1802 2822 3035 2878 Forsthauses mit ihren sechs schmalen, gleichförmigen Fenstern.
551 2806 1794 2878 hauses dirigiert, und Dr. Gräsler, von den Geschwistern ge¬
3064 2829 3377 2881 Der Vater wi
1799 2865 3028 2924 Auf dem zertretenen Rasen zwischen Haus und Zaun, roh ge¬
561 2857 1801 2913 leitet, schlug einen Feldweg ein, der ganz schmal, so daß eines
3024 2857 3379 2923 lichen Verhältni
562 2907 1799 2965 sich hinter dem anderen halten mußte, zuerst zwischen manns¬
1799 2907 3028 2960 zimmert, stand ein länglicher Tisch mit Bank und Sesseln. Da
3024 2910 3375 2970 haftigkeit vom
565 2941 1802 2996 hohen Aehren, dann über Wiesengrund in den Wald hinein¬
1802 2945 3034 2997 Karl vorausgelaufen war, um Nachschau zu halten, blieb der
3027 2958 3381 3011 Weltlebens zu r
556 2988 742 3053 führte.
1794 2991 3030 3047 Doktor eine Weile mit Sabine allein unter den Tannen stehen.
3028 2988 3386 3054 war zu entnehm
1798 3035 3031 3088 Sie sahen einander an, der Doktor lächelte etwas verlegen; da
611 3018 1802 3098 Der Doktor sprach davon, daß er schon sechs Jahr all¬
3021 3021 3382 3101 und diese Laufba
1802 3060 3024 3126 Sabine ernst blieb, bemerkte er, die Blicke langsam nach ver¬
3028 3076 3358 3142 gegeben hatte.
550 3067 1800 3130 sommerlich hierherkäme und die Gegend eigentlich doch nicht
1805 3119 3020 3173 schiedenen Seiten wendend: „Welch ein Friede hier," und
3024 3121 3368 3184 Künstlern, an de
564 3122 1801 3175 recht kenne. Dies aber sei nun einmal sein Los. Schon als
1798 3144 3020 3213 räusperte leise. Karl erschien an einem offenen Fenster und
556 3156 1799 3215 Lloydarzt habe er meistens nur die Ufer kennengelernt, besten¬
3018 3152 3373 3222 hochgeschätzt un
1806 3198 3025 3257 winkte lebhaft. Der Doktor verlieh seinem Antlitz beruflichen
559 3205 1799 3259 falls die Hafenstädte und deren nächste Umgebung; tiefer ins
3013 3193 3360 3274 handelt hatten,
1802 3240 3035 3299 Ernst und folgte Sabine durch den Garten auf die Veranda,
570 3243 1799 3294 band zu streifen, habe der Dienst beinahe immer verwehrt. Da
3030 3245 3384 3304 mußte, leerte er
1792 3271 3036 3354 wo der Förster und seine Frau sich eben von dem Sohn die
555 3289 1805 3344 Karl durch wiederholte Fragen sein Interesse für ferne Gegen¬
3027 3286 3388 3348 plötzlich ermüdet
1792 3336 3022 3393 Geschichte der nachmittägigen Begegnung berichten ließen.
554 3326 1801 3376 den und Seereisen kundgab, nannte der Doktor aufs Gerate¬
3016 3329 3382 3388 brauchten und al
1811 3368 3023 3423 Gräsler, durch die falsche Bezeichnung Förster noch immer
563 3366 1806 3429 wohl die Namen mancher Küstenorte, in die oder an denen
3026 3377 3364 3434 an der Zeit, sich
1800 3400 3029 3466 irre gemacht hatte erwartet, sich einem langbärtigen, derben
3072 3416 3381 3475 Die Geschwist
558 3419 1798 3479 vorüber sein Beruf ihn vor Jahren geführt hatte; und daß er
1805 3439 3024 3512 Mann im Jägeranzug mit der Tabakspfeife im Mund gegen¬
3025 3444 3373 3530 ten sich ängstlich
553 3457 1797 3515 als eine Art von Weltfahrer gelten durfte, gab seiner Rede
1813 3487 3029 3550 überzusehen und war nun verwundert, als ihn ein schlanker,
3022 3495 3362 3558 gewonnen hätte.
555 3501 1805 3560 eine Lebhaftigkeit und Laune die ihm sonst nicht immer zu
1805 3541 3031 3596 glattrasierter Herr mit schwarzem, eben erst ergrauendem,
3018 3526 3383 3596 trauen wollte, ei
567 3538 1807 3594 Gebote standen. Von einer Lichtung aus eröffnete sich ein an¬
1807 3578 3026 3639 sorgfältig gescheiteltem Haar freundlich, aber mit einer irgend¬
3020 3582 3374 3646 die Erwartung a
556 3585 1803 3644 mutiger Ausblick nach dem Städtchen, von wo das gläserne
3029 3614 3380 3690 noch zu einer ord
1800 3622 3026 3689 wie theatralisch wirkenden Vornehmheit begrüßte. Dr.
561 3615 1804 3678 Dach der Trinkhalle in der Abendsonne heraufglitzerte Man
1796 3662 3387 3735 Gräsler begann damit, den schönen Wald zu preisen, mit] ohne die er als
573 3661 1816 3716 beschloß, eine Weile zu rasten. Karl streckte sich der Länge
567 3715 3380 3760 nach ins Gras hin, Sabine setzte sich auf einen abgehauenen, dessen ganzer Herrlichkeit ihn erst Karl und Sabine bekannt= aussagen könnte.
