3392 4256
209 190 403 290 29.
451 181 1063 265 oktor Graesle
1205 189 1550 263 Badearz
1679 187 2143 276 box 4/9
401 206 1624 302 det
1067 1069 2301 1135 Tiefste Tragik ist dort, wo keine Schuld festzustellen ist; in
976 1115 2323 1184 diesem Sinne ist die Entwicklung und in ihr die Menschheit höchst
983 1165 2313 1239 tragisch. Das ist letzte Tragik, daß man für Schuld Entwicklung,
979 1218 2325 1294 für Entwicklung Schuld sagen kann, und daß Schuld sich mit Ent¬
966 1275 2315 1332 wicklung so vollkommen deckt, daß von jener kein Rest übrig bleibt;
985 1315 2319 1381 und daß die Entwicklung, weil sie seelenlos ist, unter der Last
975 1361 2324 1435 dieser Schuld nicht zusammenbricht, sondern immer weiter geht.
975 1411 2317 1491 Tragik ist, daß die dumpfe, dickhäutige, seelenlose Welt ihre Tragir
976 1468 2309 1531 nicht empfindet. Man muß sich letzten Endes an Gott halten, als
971 1510 2306 1581 an einen ganz großen Tragiker, der die Menschen durch eine ver¬
975 1554 2319 1633 dorbene Welt und ein schlechtes Leben führt, weil er mit ihnen
976 1627 1408 1699 noch Großes vorhat.
1077 1718 2307 1801 Wenn ich nicht wüßte, wie unfruchtbar, ja, verderblich es ist,
973 1785 2319 1846 den Nächsten anzuklagen, wo eine viel größere ungreifbare Schuld
978 1830 2320 1899 im Prinzip, im Ganzen, in der Entwicklung liegt; wenn es mir
984 1905 2325 1948 nicht widerstrebte, mit dem Finger auf die Andern zu zeigen, und
987 1944 2325 2000 wären wir auch weiß wie die Unschuld (die, übrigens, opferfroh,
989 1983 2321 2039 die ganze Schuld lieber auf sich nimmt, als pharisäerhaft anzu¬
975 2031 2323 2087 klagen); wäre ich nicht eingedenk, daß man nicht in die Ferne zu
979 2088 2336 2147 schweifen braucht, wenn das Schlechte so nahe liegt: ich würde:
981 2140 2316 2204 sagen, daß England, Frankreich, Amerika ungeheure Schuld vor
986 2194 1755 2264 der Menschheit zu verantworten hat.
967 2345 2335 2415 Doktor Gräsler, Badearzt von Hans Wantoch
984 2425 2311 2498 (Dieses letzte und unkomplizierteste Buch Arthur Schnitzlers (im
977 2469 2304 2549 — Verlag von S. Fischer) ist eines der feinsten und künstlerisch¬
977 2542 2326 2594 sten Werke des Dichters. Es heißt zwar: „Doktor Gräsler, Bade¬
976 2564 2318 2633 arzt', aber es hat mehr Naturgeruch als Weltkurortparfüm, mehr
980 2620 2312 2691 Erdschwere und menschliches Gewicht als spielerische Geistigkeit und
981 2666 2322 2732 jonglierenden Esprit, der, bei Schnitzler oft und zu oft, durch
980 2718 2309 2782 Vielfalt und spektrale Zerlegung eine Bedeutsamkeit vorgibt, wo
988 2761 2320 2823 nur eine Nichtigkeit vorliegt. „Doktor Gräsler, Badearzt“ ist eine
981 2815 2320 2880 Visitenkarte und kein Plakat, es bezeichnet keine menschliche Spezies
985 2865 2320 2924 (verwandt etwa in Schnitzlers Welt dem Hoteldirektor des „Weiten
990 2911 2323 2973 Land“), sondern zeigt einen Menschen an, der in Schnitzlers
977 2961 2314 3027 Deuvre ein Einziger und Eigener ist und ziemlich breitspurig auf
982 3012 2312 3076 seinen besondern, etwas dicken, etwas plumpen Beinen dasteht.
1084 3049 2315 3135 Die Hosen um diese Beine stelle ich mir sogar ohne Bügel¬
989 3105 2316 3186 falten, ziemlich schlapp und korkzieherhaft vor, denn es ist wahr¬
989 3170 2320 3230 haftig niemand da, der sich um Doktor Gräslers Hosensitz kümmern
978 3209 2322 3271 sollte. Die Schwester, die ihm die Wirtschaft führte, und,
983 3258 2329 3329 still, für sich, ein wenig altjüngferlich und lawendelduftend, ihr
978 3286 2345 3389 eigenes Leben einer heimlichen Kokotte lebte, hat, als der letzte
2204 3369 2327 3442 273
1241 3385 2143 3615 SAadut,
2290 3469 2634 3643 22
