3436 4320
13 3141 142 3204 1
1226 170 1621 247 Badearzt
1746 165 2139 256 box 4/6
225 174 1149 255 29. Doktor Graesler
432 212 1649 289 A E A B  JASAa   HESA
2319 805 2823 934 1. Beiblatt.
2090 916 3048 1001 Druck und Verlag von Rudolf Mosse in Berlin.
452 914 1930 1014 Vermnel=Tagebtan.
934 999 1766 1071 Per As.
1782 996 2489 1086 Wraiel in Dieser Jeie erwachsen sind.
132 1066 1764 1117 bahn diese Ernschrän= das durch die Entzündung von Oel entstanden ist. Mehrere mit
139 1097 1773 1165 der Maßnahme viel Heizöl gefüllte Fässer gerieten in Brand, doch gelang es der Fabrik¬
1866 1105 2908 1196 Schiffmann vor den Geschworenen.
135 1138 544 1201 tdem muß man sich
552 1151 1771 1217 feuerwehr schnell, das Feuer zu ersticken. Der Schaden ist unbe¬
137 1188 540 1241 n ersten Schritt
1828 1177 2999 1236 Der Prozeß Schiffmann nähert sich jetzt endlich seinem Ende.
543 1196 1517 1249 deutend. Personen sind nicht zu Schaden gekommen.
141 1225 537 1284 ienstpflicht dar¬
1779 1213 3011 1292 Gleichwohl wird es noch einige Tage dauern, bis die Verhandlung
585 1233 1774 1296 Selbstmord eines 13jährigen Schülers. Der Selbstmord
1778 1281 3014 1330 zu Ende geführt werden kann. In der gestrigen Verhandlung
154 1267 534 1330 Betriebe sehr bald
541 1297 1775 1346 eines Dreizehnjährigen wird aus Neukölln gemeldet. Der
157 1311 538 1387 sich genügend weib¬
1786 1322 3013 1373 wurde vom Vorsitzenden mitgeteilt, daß auf den Antrag Schiff¬
551 1323 1773 1388 Schüler S. aus der Wichmannstraße hatte in Abwesenheit der Eltern
1781 1352 3007 1414 manns, den Staatsanwalt Messerschmidt als Zeugen zu ver¬
543 1376 1759 1431 deren und seiner Geschwister Brot aufgegessen. Aus Furcht,
1776 1400 3008 1449 nehmen, der Oberstaatsanwalt die Genehmigung zu dieser
544 1420 1759 1481 dafür gezüchtigt zu werden, erhängte er sich gestern in der Küche.
137 1418 537 1496 Straßenbahn wird
1770 1456 3016 1510 Vernehmung versagt hat. Der Vorsitzende bemerkte, daß offen¬
545 1460 1425 1533 Als die Eltern ihn auffanden, war er schon tot.
130 1479 535 1540 len Fällen die Motor¬
1775 1484 3012 1543 sichtlich dieser Antrag wohl nur zu dem Zweck gestellt worden sei,
591 1497 1764 1583 Drei Wochen tot in der Wohnung gelegen hat die 24 Jahre
139 1524 538 1587 oder aber, zum großen
1772 1527 3016 1583 um den Staatsanwalt auszuschalten und auf diese Weise den Fort¬
544 1572 1759 1627 alte Straßenbahnschaffnerin Berta Korsch, die für sich allein in
152 1571 542 1623 und in den nächst¬
1783 1571 3009 1626 gang des Prozesses zu hintertreiben. Schiffmann sollte doch endlich
541 1605 1760 1653 Neukölln, Goethestraße 9, wohnte. Sie hatte seit dem 22. Januar
154 1610 528 1664 hdie Hochbahnwagen
1782 1619 3022 1674 erkennen, daß ihm solche Versuche mißlingen und daß man Mittel
544 1646 1769 1711 ihre Wohming nicht mehr verlassen. Gestern wurde sie von ihrer
153 1646 539 1709 Das Kriegsamt hat
1783 1660 2611 1706 und Wege habe, mit ihm fertig zu werden.
543 1687 1775 1748 Schwester tot im Bett liegend aufgefunden. Sie hatte nach dem
137 1683 542 1750 gen beschäftigt. Eine
1826 1686 3006 1752 Der Vorsitzende verwies ferner auf einen neuen Antrag Schiff¬
543 1723 1771 1800 polizeilichen Befund am Abend des 22. Januar zum Schutz gegen die
146 1742 536 1809 Wagenmaterial durch
1785 1731 3013 1800 manns, der von neuem Staatsanwalt, Sachverständige und Gericht
543 1857 1767 1924 zu den Seinen oder in innerem Reichtum kaum genügenden
1784 1848 3014 1911 Wahrscheinlichkeit nach in den nächsten Jahren wiederkommen
533 1908 1767 1963 Ersatz zu finden vermochte. Daß er sich mit jemandem ein¬
1775 1893 3025 1956 werde, ein Zwang würde mir die Freude an dieser Gegend,
144 1871 538 2015 Jadearzt
1777 1949 2792 2007 ja an meinem Berufe überhaupt erheblich stören.
548 1949 1759 1998 mal gründlich aussprechen durfte, tat ihm sichtlich wohl. Und
1839 1989 3010 2052 Sabine schien durch ein kaum merkliches Neigen des
556 1992 1763 2052 so nahm er es gern an. 's der Doktor, der erklärte, ihn
1780 2021 3009 2081 Kopfes ihr Verständnis für diese Auffassung ausdrücken zu
552 2030 1767 2080 überhaupt nicht als Pat. n betrachten zu können, scherz¬
144 2049 520 2145 (Nachdruck verboten.]
1788 2070 3011 2128 wollen. Im übrigen zeigte sie sich über die Verhältnisse der
539 2077 1773 2136 haft gewandt um die Erlaubnis ersuchte, bei gelegentlichen
1778 2114 3013 2169 Heilanstalt gut unterrichtet und erklärte sie insbesondere für
556 2122 1767 2185 Spaziergängen im Forsthaus einsprechen und dort mit ihm
551 2153 964 2218 plaudern zu dürfen.
1777 2151 3019 2206 viel ertragsfähiger, als sie sich unter dem derzeitigen, alten
170 2175 537 2247 Karl an seine
1788 2196 3014 2255 und nachlässig gewordenen Direktor notwendig erwiesen hätte.
607 2198 1763 2255 Als er nächsten Sonntag vormittag von dieser Erlaubnis
151 2225 535 2309 t so gesprächig war
1779 2240 3011 2296 Auch sprach sie die Meinung aus, daß für jeden Arzt die Wirk¬
542 2237 1778 2315 Gebrauch machte, traf er den Sänger vorerst allein an, der
1788 2285 3020 2345 samkeit an einer Heilanstalt schon darum sehr wünschenswert
542 2287 1770 2346 ihm sofort mitteilte, daß er es doch für klüger gehalten habe,
131 2315 530 2383 und zu Dr. Gräsler
1782 2333 3008 2378 sein müßte, weil nur da die Bedingungen zu einer wirklich
549 2328 1772 2379 die „Familie“ wie er sich immer zusammenfassend ausdrückte,
1787 2373 3021 2424 dauernden Beziehung zwischen Arzt und Kranken und damit
130 2361 543 2440 ie sind ihm gleich
548 2373 1775 2430 von der stattgehabten Untersuchung und von deren günstigem
130 2409 529 2471 ch merken können.
1773 2408 3029 2479 auch die Gelegenheit zur Anwendung von verläßlichen, weil
545 2416 1764 2462 Ausgang zu unterrichten, schon um die besorgten Mienen, die
145 2454 539 2516 wehrte der Doktor
1786 2451 2806 2521 stets kontrollierbaren Heilmethoden gegeben seien.
553 2453 1768 2502 ihm widerwärtig seien, nicht mehr sehen und das langweilige
139 2493 534 2556 den nächsten Tagen
556 2501 1776 2550 Gerede, das ihn zur Verzrgeiflung bringe, nicht mehr hören
1844 2493 3019 2557 „Das hat freilich viel für sich,“ meinte Dr. Gräsler mit
140 2541 536 2598 n. Die Geschwister
541 2541 1771 2606 zu müssen. Als der Arzt daraufhin die freilich übertriebene,
1777 2539 3011 2602 jener Zurückhaltung im Ton, die er als Fachmann in diesem
129 2581 532 2634 nrande stehen und
549 2589 1768 2637 aber dabei doch rührende Besorgnis der Kinder zu rühmen sich
1777 2592 3011 2641 Kreise für angemessen hielt. Dies entging Sabine nicht, und
131 2630 537 2679 in kühlen Sternen¬
555 2623 1771 2681 anschickte, stimmte der Vater leicht zu und erklärte, an ihnen
1788 2630 3022 2693 sie bemerkte rasch und leicht errötend: „Ich habe nämlich eine
133 2668 541 2725 kabinens Vertrauen
539 2660 1757 2740 überhaupt nichts anderes aussetzen zu wollen als daß sie
1778 2683 2671 2740 Zeitlang in Berlin Krankenpflege getrieben.“
133 2706 1767 2762 ner um so süßeren, eben gar so gute und brave Menschen seien. „Darum“ setzte
1837 2696 3017 2779 „Wahrhaftig, rief der Doktor aus, und wußte nicht gleich,
158 2740 1769 2801 seinen ärztlichen! er hinzu, „werden sie beide nicht viel vom Leben haben, wahr¬
1777 2757 3013 2821 wie er sich dieser Eröffnung gegenüber verhalten sollte. Und
148 2792 1774 2843 wohl bewußt, daß scheinlich werden sie es nicht einmal kennen lernen.“ Und in
1782 2799 3007 2851 er bemerkte allgemein: „Ein schöner, ein edler Beruf. Aber
148 2833 1761 2886 müder und gleich= seinem Auge schimmerte eine blasse Erinnerung von fernen
1781 2838 3013 2905 düster und schwer! Und ich begreife wohl, daß es Sie bald
128 2863 541 2945 ber es oft genug an
554 2880 1134 2940 und verruchten Abenteuern.
1776 2885 3005 2946 wieder nach Hause in die heimatliche Waldesluft gezogen hat!“
126 2919 534 2977 en lassen, und nach
604 2911 1780 2972 Sie hatten nur eine kurze Weile auf der Bank vor der
1831 2928 3018 2981 Sabine schwieg, auch die andern blieben stumm. Dr. Gräs¬
132 2969 543 3021 al die ganze ernste
557 2947 1770 3023 Eingangstür gesessen, als die übrigen Mitglieder der Familie
1789 2958 3017 3028 ler aber ahnte, daß man nun hart an der Stelle vorgekommen
136 3002 540 3063 erflossenen Jugend¬
556 3016 1772 3069 Schleheim herankamen, alle etwas sonntagsmäßig angetan
1793 3026 3024 3081 war, wo das bescheidene Rätsel von Sabinens Dasein ver¬
148 3049 540 3103 dessen er sich aber
547 3053 1767 3111 und gerade dadurch kleinbürgerlicher anzusehen als sonst.
1782 3063 2227 3123 borgen liegen mochte.
141 3080 550 3162 rlich wert erwiesen
550 3087 1777 3143 Sabine, die sich dessen bewußt zu sein schien, nahm gleich den
1829 3086 3022 3162 Nach dem Essen bestand Karl auf einer Dominopartie im
545 3130 1781 3193 bewimpelten Hut herunter und strich sich dann wie beruhigt
1787 3158 3011 3220 Garten wie auf seinem verbrieften Recht. Der Doktor wurde
554 3173 1101 3243 über ihre schlichte Frisur.
1777 3203 3013 3252 aufgefordert, mitzutun; und bald, während die Mutter auf
609 3189 1770 3264 Der Doktor wurde über Mittag hiergehalten; das Gespräch
135 3204 549 3276 die Tür zu seinem
1791 3231 3015 3290 einem bequemen Sessel unter den Tannen hingestreckt, über
560 3256 1767 3313 bei Tische hielt sich durchaus an der Oberfläche der Dinge,
141 3272 541 3334 erwunderung unter
1783 3278 3012 3338 der mitgenommenen Handarbeit allmählich einschlummerte,
559 3297 1767 3353 und als die Rede darauf kam, daß der Leiter einer dem Bade¬
135 3310 548 3371 n, der als Erst¬
1783 3325 3015 3374 war das Spiel harmlos klappernd im Gange. Dr. Grösler
552 3337 1770 3412 städtchen ganz nahe gelegenen Heilanstalt sich mit Rücktritts¬
133 3352 546 3410 khraum folgte. Der
1786 3364 3005 3416 erinnerte sich gewisser trübseliger Sonntagnachmittagsstunden
548 3385 1780 3446 absichten trage fragte die Mutter den Gast beiläufig, ob ihn
134 3396 541 3453 die Familie niemals
1786 3399 3018 3457 aus den vergangenen Jahren an seiner schwermütigen
558 3438 1776 3483 denn eine solche Stellung nicht lockte, wo ihm vielleicht Ge¬
148 3437 547 3493 ar nach erhaltenem
1788 3450 3016 3505 Schwester Seite; er schien sich einer düstern, lastenden Epoche
555 3474 1768 3519 legenheit geboten würde, seine berühmten Hungerkuren syste¬
141 3483 550 3542 Beschwerden vorzu¬
1785 3503 3011 3550 seines Lebens wundersam entronnen; und wenn Sabine, seine
552 3505 1772 3564 matisch anzuwenden. Nachdem Gräsler den Scherz lächelnd
177 3517 546 3584 unterziehen. Dr.
1776 3539 3022 3585 Zerstreutheit gewahrend, ihn durch einen lächelnden Blick
550 3546 1783 3610 abgewehrt hatte, bemerkte er, daß er sich zu einer Stellung
142 3554 551 3620 ches Leiden zu ent¬
1779 3581 3012 3641 oder gar durch eine leichte Berührung seines Armes mahnte,
554 3593 1774 3644 solcher Art bisher niemals habe entschließen können. „Ich
143 3600 550 3656 simmung unverkenn¬
1783 3617 3007 3682 die Steine weiter anzusetzen, so fühlte er von solcher Vertrau¬
145 3637 1775 3700 #schend erschien, der kann auf das Bewußtsein meiner Freiheit nicht verzichten,“
1786 3675 3014 3742 lichkeit sich zu einer unbestimmten milden Hoffnung angerührt.
208 3677 1791 3742 einen äußerlich sagte er, „#nd wenn ich such sch#n ein halbes Dutzend Mal
2198 3707 2589 3791 (Fortsetzung folgt.)
169 3710 1822 3777 Häuslichkeit, Liebe hintereinander da unten im Ort praktiziert habe, und aller!
