3484 4064
1299 -50 1664 47 „
471 -49 1241 51 ##en
2391 526 2910 670 1. Beiblatt.
558 643 3120 785 Veriinel=Lagevialt. Druck und Verlag von Rudolf Mosse in Berlin.
174 711 315 797 17.
2205 727 3126 803 Seneen ene een  e 1r 1. Srarmnnte 2
1888 792 3125 851 Landgerichts I. Der 25 jährige Angeklagte, der die 10. Realschule
185 791 1896 857 en e e ene ren u 3n Haben; er wil iediglich prwate Beziehungen zum Hause Kupser
1883 836 3128 892 bis zur Sekunda durchgemacht hat und dann in mehreren Bankgeschäf¬
184 839 1892 901 oder gegen mäßiges Ent= unterhalten, haben, die den Verdacht der Begünstigung aufkommen
1878 867 3134 944 ten zunächst als Lehrling, dann als Hilfsarbeiter tätig gewesen ist, kam
188 882 1896 941 Januar verteilt. Immer=ließen. Ebenso energisch weist er es von sich, Wertgegenstände aus
1875 908 3123 969 zur Diskontogesellschaft und fand dort schließlich Verwendung im
184 929 604 1001 nomie gewinnen läßt.
650 920 1894 975 der Kupferschen Wohnung in rechtswidriger Absicht an sich ge¬
1879 954 3128 1027 Tresor B. der Stadtzentrale. In dieser Tätigkeit war er dem Tresor¬
665 969 1891 1031 nommen zu haben. Nach seiner unwiderlegten Angabe hat er das
1896 982 3130 1063 verwalter umerstellt und hatte die Aufgabe, die dort lagernden Effekten
664 1015 1890 1067 nur getan, um die Wertsachen vor Diebstählen zu schützen. Die
170 1002 659 1086 es Kaisers zum 1. Garde¬
1880 1037 3125 1107 von Privatpersonen, die offene Depots hatten, in bezug auf die Zins¬
659 1046 1893 1123 Wertgegenstände wurden auch bei der bei Brandt vorgenommenen
177 1062 666 1125 ilitärischen Feier im Re¬
1881 1090 2636 1163 scheine, Dividenden nsw. zu kontrollieren.
662 1098 1524 1172 Haussuchung auf einem Tische vorgefunden.
193 1113 663 1169 tvor 40 Jahren — 9. Fe¬
1933 1110 3127 1197 Als der Tresorverwalter auf Urlaub ging, hatte Stephan Zutritt
180 1159 665 1210 bei der aktiven Truppe,
701 1127 1901 1207 Vier Personen in Lebensgefahr. In großer Lebens¬
1885 1171 3122 1229 zu dem Trefor; er hat die Gelegenheit benutzt, um nach lange vor¬
170 1195 663 1258 er ersten Kompagnie des
658 1192 1887 1243 gefahr schwebten gestern abend zwei Frauen und zwei Kin¬
1888 1211 3125 1267 bereitetem Plan große Diebstähle zu begehen. In großem Umfange
177 1237 663 1292 begonnen. Von den da¬
667 1238 1890 1289 der bei einem Brande, der in dem Hause Luisenufer 13 aus¬
1885 1244 3126 1307 verkaufte er die fälligen Kupons, die von den Effekten abgeschnitten
178 1278 660 1340 noch der Oberbefehlshaber
659 1278 1896 1332 gebrochen war. Das Feuer entstand in einem Abort im Treppenhaus;
1892 1277 3126 1340 worden waren und machte zahlreiche Privatgeschäfte mit einem Ber¬
656 1325 1890 1365 1 die Rauchentwicklung war so stark, daß das ganze Treppengebäude
188 1311 663 1373 . am Leben, der seinerzeit
1892 1319 3137 1379 liner kleinen Bankgeschäft. Schließlich hat er für 146000 Mark
657 1357 1883 1404 verqualmt war. Durch offenstehende Türen drang der Rauch in zwei
172 1365 668 1423 t in dev Leibkompagnie
1885 1347 3130 1421 [Obligationen der Großen Berliner Straßenbahn
1892 1403 3129 1461 entwendet und ist mit seiner Geliebten, einer Plätterin in einer
656 1395 1889 1460 Wohnungen des vierten Stockes, in denen sich zwei Frauen und zwei
173 1401 662 1475 r dann die zweite Kom¬
2793 1443 3130 1519 W F
2374 1448 2595 1525 Ktman
840 1449 1180 1533 en
704 1453 790 1529 W
1879 1500 3120 1573 frische zu deuten. Er erhob sich, steckte die Zeitung ein, und,
650 1519 1894 1588 hoch, als folgten seine Augen schwindenden Bildern der Ver¬
1892 1575 3133 1626 lebhafte Sehnsucht nach den verjüngenden Frühlingslüften
658 1562 1896 1644 gangenheit. „Nun, wie immer,“ schloß der Direktor leutselig,
181 1534 669 1667 Badearzt.
1884 1601 3136 1663 Deutschlands im Herzen, spazierte er langsam dem kleinen
664 1600 1890 1666 „so oder anders, ledig oder vermählt, Sie werden uns in jedem
1887 1643 3146 1709 Häuschen zu, das er mit seiner um wenige Jahre älteren
660 1660 1897 1719 Falle willkommen sein. Und am 27. Oktober, wenn ich bitten
1894 1680 3157 1745 Schwester bewohnte. An einem der Fenster sah er sie selbst
659 1697 1900 1761 darf, wie besprochen, nicht wahr? Sonst könnten Sie bei den
260 1702 656 1797 (Nachdruck verboten.]
1882 1721 3138 1794 stehen, was ihm auffiel, da um diese schwüle Stunde sonst
656 1744 1901 1799 trotz unserer Bemühungen leider noch immer recht mangel¬
177 1754 296 1851 fer.
1889 1770 3130 1828 alle Läden fest geschlossen zu sein pflegten, und, näher heran¬
659 1788 1896 1836 haften Schiffsverbindungen erst am 10. November eintreffen,
1885 1807 3137 1873 kommend, merkte er, daß Friederike ihm nicht, wie er von
664 1835 1894 1886 was uns, da wir ja schon am 1. eröffnen“ — und nun hatte
1884 1852 3140 1907 weitem zu bemerken geglaubt hatte, zulächelte, sondern daß
655 1870 1903 1940 er den etwas schnarrenden Leutnantston, den der Doktor gar
215 1865 671 1945 Dr. Gräsler, dunkel
1893 1904 3126 1964 sie ihm in vollkommen regungsloser Stellung den Rücken zu¬
672 1908 1891 1963 nicht leiden mochte — „nicht gerade erwünscht wäre.“ Dann
163 1927 670 1980 Her mit schwarzer Arm¬
1885 1929 3133 1995 gewandt hielt. In einer gewissen, ihm selbst nicht ganz ver¬
664 1953 1886 2012 schüttelte er dem Doktor die Hand überaus heftig — eine An¬
166 1966 662 2024 egenüber barhaupt der
1886 1980 3131 2040 ständlichen Unruhe eilte er ins Haus und, rasch auf die
663 1984 1907 2052 gewohnheit, die er aus den Vereinigten Staaten mitgebracht
183 2006 680 2078 heiteltes Haar sich trotz
1883 2019 3143 2077 Schwester zutretend, die noch immer unbeweglich am Fenster
663 2038 1897 2092 hatte —, tauschte einen flüchtigen Gruß mit einem eben vor¬
181 2045 663 2106 egte. „Lieber Doktor,“
1895 2060 3140 2121 zu lehnen schien, merkte er mit Entsetzen, daß ihr Kopf auf die
670 2080 1889 2137 übergehenden Schiffsoffizier, eilte die Treppe hinunter und
178 2095 675 2143 genen Ton von Herab¬
1889 2096 3134 2163 Brust gesunken war, ihre Augen weit offen standen und sich
660 2123 1894 2188 war bald darauf auf der Landungsbrücke zu sehen, von wo er
185 2137 674 2196 r unangenehm gewesen
1891 2150 3132 2212 um ihren Hals eine am Fensterkreuz befestigte Schnur schlang.
664 2161 1890 2212 noch einmal dem Doktor zunickte der immer noch, den Hut in
188 2174 666 2242 Sicherheit barauf Sie
1892 2191 3137 2250 Er rief laut Friederikens Namen, griff aber zugleich nach
666 2200 1900 2273 der Hand, melancholisch an der Brüstung des Verdeckes stand.
176 2206 673 2280 k haben, trotz des höchst
1892 2232 3132 2298 seinem Taschenmesser und durchschnitt die Schlinge, worauf die
673 2238 1841 2324 Wenige Minuten darauf stieß der Dampfer vom Land ab.
173 2246 669 2323 Sie hier betroffen hat.“
714 2271 3141 2348 Auf der Heimreise, die vom schönsten Wetter begünstigt Leblose schwer in seine Arme sank. Er rief nach der Dienerin,
175 2288 678 2354 rn schate mit feuchten
1889 2322 3126 2374 die aus der Küche kam und durchaus nicht begriff, was ge¬
665 2316 1899 2377 war, gingen die Abschiedsworte des Direktors dem Dr.
173 2344 666 2404 das große Hotelgebäude
1904 2348 3145 2417 schehen war, bettete mit ihrer Hilfe die Schwester auf den
676 2373 1895 2430 Gräsler oftmals durch den Sinn. Und wenn er nachmittags
171 2383 675 2438 en weißen Fensterläden
1893 2395 3141 2458 Diwan hin, und begann sofort mit allen möglichen Wieder¬
678 2413 1897 2471 auf dem Promenadendeck in seinem bequemen Streckstuhl leise
179 2418 676 2487 ein Blick weiter über die
1891 2440 3143 2501 belebungsversuchen, wie sie ihm von seinem Berufe her wohl¬
179 2453 1902 2527 staubten Gärten, die imschlummerte, den schottischen Plaid über die Knie gebreitet,
1898 2482 3142 2546 bekannt waren. Die Dienerin war indes zu dem Direktor ge¬
667 2485 1893 2561 zeigte sich ihm zuweilen, einem Traumbild gleich, eine hübsche
184 2503 688 2576 rts schlichen, bis zu den
1897 2526 3138 2588 eilt; doch als dieser eintrat, war Dr. Gräsler eben, die Ver¬
179 2542 1901 2614 Hügel kränzten. „Unsere rundliche Frau in weißem Sommerkleid, durch Haus und Gar¬
1889 2568 3133 2636 geblichkeit all seiner Bemühungen erkennend, ermattet und
185 2583 1897 2647 on denen einige im näch= ten schwebend, mit einem rotbäckigen Puppengesicht, das ihm
1898 2608 3131 2685 fassungslos an der Leiche seiner Schwester in die Knie ge¬
171 2619 1901 2687 ben Sie schätzen gelernt, irgendwie, nicht aus der Wirklichkeit, sondern etwa aus einem
1894 2663 2080 2732 sunken.
183 2663 1902 2738 versichtlich, daß Sie die Bilderbuch oder einem illustrierten Familienblatt, bekannt
1942 2683 3139 2766 Im Anfang mühte er sich vergeblich, eine Erklärung für
179 2698 1909 2778 eidenen hellen Häuschen vorkam. Dieses Traumwesen aber besaß die geheimnisvolle
674 2755 1904 2803 Macht, das Gespenst seiner toten Schwester zu verscheuchen, so
1894 2735 3135 2806 diesen Selbstmord zu finden. Daß das ernste, in Würde
187 2756 665 2834 ßder traurigen Erinne¬
671 2794 1905 2852 daß ihm diese dann wie vor längerer Zeit und gewissermaßen
1902 2786 3140 2849 alternde Mädchen, mit dem er sich noch während des letzten
182 2805 683 2864 eziehen werden, um so
674 2835 1900 2895 auf natürlichere Weise aus der Welt geschieden schien, als es
1892 2831 3144 2908 Mittagmahles in harmloser Weise über die bevorstehenbe Ab¬
178 2852 682 2903 kison Nummer dreiund¬
672 2866 1913 2929 in Wahrheit geschehen war. Freilich gab es auch andere
1897 2870 3146 2935 reise unterhalten hatte, mit einem Male verrückt geworden sein.
175 2888 679 2958 Verfügung stellen könn¬
679 2922 1901 2981 Stunden, wache, erinnerungsschwere, in denen er das furcht¬
1894 2931 3139 2976 sollte, war nicht wahrscheinlich. Näher lag die Annahme, daß
183 2929 683 2997 Kopf schüttelte und, den
671 2956 1905 3032 bare Begebnis mit unerträglicher Deutlichkeit wie etwas
1910 2956 3144 3018 Friederike sich schon geraume Zeit, vielleicht jahrelang, mit
170 2953 681 3044 der linken Hand über
677 3001 1221 3083 Gegenwärtiges durchlebte.
1897 2988 3135 3054 Selbstmordgedanken getragen und aus irgendeinem Grunde
170 3007 615 3088 utes Haar strich — „
1903 3022 3143 3106 gerade jene ungestörte Nachmittagsstunde für geeignet erachtet
725 3043 1904 3112 Eine Woche, ehe Dr. Gräsler die Insel verließ, hatte
181 3053 682 3120 Punder. Und wenn Sie
1905 3086 3142 3144 hatte, den allmählich gereiften Pan auszuführen. Daß sich
671 3099 1908 3161 das Unheil sich zugetragen. Wie es ihm manchmal begegnete,
171 3101 678 3166 Em kleinen weißen Haus
1907 3125 3141 3191 unter ihrer gleichmäßig stillen Laune eine linde Schwermut
671 3140 1905 3197 war er im Garten, nach dem Mittagessen, über seiner medizi¬
207 3136 682 3206 Bringen Sie sich doch
1898 3164 3146 3224 verbergen mochte, war dem Bruder manchmal flüchtig durch
674 3184 1911 3232 nischen Zeitung eingenickt und als er erwachte, sah er an dem
182 3172 683 3250 mit.“ Und da Gräsler
1897 3202 3142 3275 den Sinn gegangen, wenn er auch, von Berufspflichten allzu
677 3221 1910 3283 länglichen Schatten der Palme, der indes unter seinen Füßen
179 3228 694 3297 ufschlag erwiderte, fuhr
1898 3252 3139 3300 sehr in Anspruch genommen, sich nicht weiter darum zu
679 3267 1913 3333 über die Breite des Kiesweges hingelausen war, daß er min¬
183 3279 691 3327 t: „Ach, ich bitte Sie, zehn
679 3299 3139 3359 destens zwei Stunden geschlummert haben mußte, was kümmern pflegte. Wirklich heiter, das wurde ihm allerdings
188 3308 696 3378 Frau, sie kann übrigens
180 3366 3136 3414 das Einzige, was Ihnen ihn verstimmte, weil er mit seinen achtundvierzig Jahren sich erst allmählich bewußt, hatte er sie seit ihrer Kindheit kaum
2645 3371 3098 3456 (Fortsetzung folgt.)
186 3396 2251 3472 fräsler zog die Brauen versucht fühlte, dies als ein Zeichen abnehmender Jugend= jemals gesehen.
