3532 4320
268 226 1210 326 29. Doktor Graesler
1270 229 1699 305 Badearzt
486 234 2230 336 benser brdesten, Lncalzt box 4/9
1100 1162 1429 1264 96 A06 1917
1059 1247 1633 1346 Aales Viener Jeurbal Winr
2211 1446 2616 1522 s
3123 1431 3209 1518 REA
1740 1435 2184 1517 West ereniter emnne igmmasselicre
1732 1505 3376 1559 #ed zu übertragen versteht, einen Lebensekel, dessen er und der alter Jugendfreund,
1728 1541 3368 1602 ##ier sich schließlich nur mittels eines Lächelns erwehren können, städtchen nimmt Dr.
903 1435 1430 1634 Feutieten.
1744 1585 3377 1656 in dem Sinne etwa der trivialen Worte: Ja, so ist das an die tote Schwe
2978 1641 3365 1709 wohl niemals die
1773 1642 1946 1718 Leben!
1873 1674 3370 1756 „Doktore Gräsler, Badearzt“, eine Erzählung, so hat Buch füllen, wenn
512 1670 1759 1779 Das neueste Buch Artur Schnitzlers.
1766 1742 3374 1812 Schnitzler sein schlankes, neuestes Buch genannt. Die Handlung gerufen würde, wa
514 1773 1760 1847 „Doktor Gräsler, Badearzt“, eine Erzählung. — S. Fischer,
1762 1771 3373 1846 ##e damit ein, daß Dr. Gräsler, ein korrekter, wohlkonservierter seinen Gewohnheite
971 1808 1341 1882 Verlag, Berlin.
1747 1835 3379 1905 #chundvierzigjähriger Herr, von dem Hoteldirektor auf der Bade=wird dort von ein
1086 1862 1211 1927 Von
1745 1886 3384 1961 ##ntel Lanzarote wieder einmal nach Beendigung der Badesaison Mädchen empfange
976 1902 1320 1993 Max Foges.
1755 1918 3377 1990 Abschied nimmt. Wie seit Jahren hat Dr. Gräsler ein halbes die Mutter Sabin#
2987 1983 3378 2050 ganz bedeutungslos
619 1959 3007 2039 Kein Buch up to dats, kein Buch vom Tage, vom blutigen Jahr auf Lanzarote als Badearzt fungiert und geht jetzt nach
508 2001 3375 2070 Kriegstag, auch kein Buch von großen Menschheitsfragen, keine Deutschlend, um dort in einem Aeinen Kurörtchen als Kurarzt wird etwas wie
519 2076 3312 2133 Flucht in die Welt einer schöpferischen und skurrilen Phantasie, die andere Hälfte des Jahres zu verbringen. Das ist Herrn wird in den
511 2117 3379 2191 sondern ganz im Gegenteil ein ruhiges Buch von kleinem Geschehen, Dr. Gräslers Beruf, seit er es satt bekommen hat, als Lloydarzt Dieser Familienkr
507 2166 3381 2247 abseits von der Heerstraße der uns umbrandenden Weltgeschichte, in der Welt herumzufahren. Er hat erst kurz vor Abschluß Sabine und einem
516 2221 3373 2292 ein absichtliches Ausbiegen und Sichabschließen von den Fragen des der Badesaison in Lanzarote ein sehr trauriges Erlebnis nicht Försterleute,
1762 2266 3380 2344 gehabt, seine etwas ältere Schwester Friederike, die war, kann eine sol
498 2281 1769 2344 Tages. Aber dafür ein echt Schnitzlersches Buch mit allen
2489 2317 2629 2379 ihm
2638 2315 2760 2382 die
506 2315 1777 2362 Elementen der Schnitzlerschen Eigenart, unverkennbar selbst¬
2771 2318 3369 2389 Wirtschaft der Ruhesitz eines
2737 2327 2797 2375 M
1760 2305 2483 2391 sein Wanderleben, teilte und
510 2360 1774 2420 verständlich in der feingetriebenen Silberschmiedearbeit des Wiener
1763 2357 3381 2443 führte, hat sich eines Tages aus ihm unerklärlichen Gründen er-loren hat, von sein
500 2419 1768 2472 Meisters der Erzählung, voll von seiner Anmut, aber doch möchte
1764 2418 2996 2476 hängt. Die Sache geht Dr. Gräsler eigentlich nicht allzu nahe.
3002 2408 3375 2480 Bühnenruhme träu
501 2467 3372 2514 man jagen, wenn man von der Schnitzlerschen Muse als einer Mehr als ein tiefer Seelenschmerz ist es die Störung seiner mit guten Weinen
507 2516 3375 2567 reizvollen Frau spricht, daß gewisse bittere Züge, die immer Gewohnheiten und seiner Bequemlichkeit, die ibn etwas erschüttert erwerben im Begri
507 2560 3353 2612 verborgen hinter ihres Ausdruckes Lieblichkeit lauerten, diesmal hat und über die Motive des Selbstmordes tiöstet er sich mit der der Vater wollte
501 2593 3373 2668 deutlicher hervortreten, daß der Zug wehmütiger Resignation sich Annahme einer Melancholie, deren Spuren in an dem gealterten ischlagen, trotz ihrer
515 2660 3372 2714 schärfer gellend macht und hinter dem Leben in dem neuen Buch Mädchen nun schon lange hatte wahrnehmen wollen. Dr. Gräsler Ihren Krankenpfle
505 2699 3376 2756 Schnitzlers eine gewisse lebensfeindliche, fast grämliche Ironie ist überhaupt keine tiefe Natur. Er stammt aus ziemlich wohl= wir ahnen, daß sich
510 2753 3327 2811 hervorblickt. Das Buch kann schon vor Jahren geschrieben sein,hobender Familie in irgendeiner deutschen Mittelstadt, die wir zauberhaft auf
504 2781 1764 2870 es spielt vor dem Kriege, wenn überhaupt die Handlung einer
1749 2797 3313 2872 noch kennen lernen werden, die aber vom Autor weiters Aktivität und
1751 2840 3373 2897 nicht näher charakterisiert wird. Mit kühlem Egoismus ein spätes Lebe
498 2836 1762 2911 besonderen Erwähnung verdient, und es beschäftigt sich mit
505 2878 3372 2953 Allzumenschlichem, aber gerade von jener Art, die heute durch hat Dr. Gräsler zeitlebens die Freuden der Liebe gelegent= handelt wegen des
502 2943 3355 2997 das ungeheure Weltgeschehen gänzlich in den Hintergrund gedrängt lich genossen. Das Interesse für seinen Beruf und seine im Ort und alle.
506 2977 3370 3060 ist und von manchem Leser vielleicht nur mit einem Achselzucken Patienten ist mit den Jahren ein rein geschäftliches geworden, er Dr. Gräsler leidet
511 3040 3003 3105 gewürdigt wird. Dieses Allzumenschliche, das hier von einem Künstler hat mancherlei im Leben auf seinen großen Schiffsreisen gesehen,
2993 3035 3373 3108 sicherheit, an einer
499 3074 3001 3146 meisterhaft behandelt wird, lebt aber, wie alles Wahre und Wirkliche, aber auch nur so im Vorüberfahren, denn Abenteuerlust war nie¬
2991 3079 3364 3146 zum entscheidenden
2991 3127 3375 3203 wundervollen Brief
501 3114 1769 3200 wenn auch unbeachtet mitten in unserer Zeit weiter, wie es vor
500 3163 2998 3243 dieser Zeit gelebt hat und wir es nach dieser Zeit leben wird, korrekten, weltmännischen Wesen als Kur= und Badearzt verbirgt.
2983 3175 3359 3250 auch nicht Liebe,
516 3236 3369 3283 leider leben wird, denn es ist zeitlos Menschliches, und das muß Er begibt sich also von Lanzarote in das Kurstädtchen, wo er des um ihre Hand anh
511 3282 3375 3336 gleich gesagt werden, wenig erfreulich Menschliches, so daß dem Sommers die Praxis ausübt, und gedenkt gelegentlich auf kurzel einst für einen Bül
511 3333 3375 3372 Leier nach der Lektüre des Buches ein bitterer Nachgeschmack Zeit seine Heimatstadt zu besuchen, wo er mit seiner Schwester jungen Arzt, der ##
492 3375 3374 3444 bleiht. Vielleicht hat auch der Dichter ihn empfunden und gerade eine hübsche, wohleingerichtete Wohnung besitzt und wehmr auch Weise gibt sie ein?
498 3418 3397 3501 seine Meisterschaft ist es, daß er auf den Leser sein Empfinden wegen der Verlassenschaft der Schwester muß, die muttlerweile sein: Schwächen kennt, un
