3484 4320
1311 242 1712 323 Badearzt
287 243 1517 347 29. Doktor Graesler, bi-.
1559 245 2193 352 at box 4/7
672 294 810 350 SO
2411 794 2919 976 1. Beiblatt.
2194 946 3141 1047 Druck und Verlag von Rudolf Mosse in Berlin.
557 848 2050 1062 Berliner Tageblatt.
2230 1034 2371 1103 S
2742 1028 3158 1108 neneneneneer
2457 1032 2697 1103 S
246 1087 3174 1158 erben sollten. Die auf einer mittleren Linie einigen werden. Wenigstens brauet man und Ledauerte, jetzt im Kriege nicht in der Lage zu sein, die Papiere.
1913 1118 3164 1197 die die Richtigkeit seiner Angaben bewiesen, beizubringen. Diese
167 1135 1913 1196 auch bestimmte Vorräte im Augenblick nicht mit einem Albruch der Verhandlungenz rechnen.
1909 1180 3164 1227 Papiere sollten sich bei seinem in Amerika lebenden Bruder befinden:
172 1195 696 1243 onnten die mitgebrachten
684 1193 1917 1251 Vorerst läuft der alte Vertrag zwischen Aer#lekammer und Stadt bis
1920 1220 3160 1274 er erklärte, sie beschaffen und damit nachweisen zu wollen, daß er
174 1218 680 1294 ause nehmen., Sie dürfen
686 1237 1912 1300 zum 15. d. M., und man wird auch darüber hinaus, so lange die
1912 1255 3160 1313 das Adelsprädikat zu Recht führe. Gleichwohl hat er seinerzeit den
165 1269 690 1338 hr von Kartosseln hat sich
690 1274 1909 1334 Einigungsversuche fortgesetzt werden, interimistisch unter den alten
1919 1294 3174 1352 Einspruch, den er gegen seine polizeiliche Bestrafung wegen un¬
165 1309 686 1387 immert als größere Vor¬
689 1304 1922 1376 Verhältnissen weiterarbeiten. Das ist im Interesse der Krieger¬
1919 1344 3163 1397 berechtigten Führens des Adelsprädikats eingelegt hatte, zurück¬
166 1356 701 1421 die Erlaubnis zur Einfuhr
683 1368 1920 1428 samilien dringend wünschenswert, wenn auch die Aerzteschaft, wie
1917 1384 3165 1448 gezogen. Er hat die Strafe auch bezahlt und damit anerkannt, daß
189 1398 1913 1453 e Kontrolle auf dem Gör wir hier bereits mitteilten, durch die inmer wachsende Zahl der Fami¬
1918 1427 2847 1498 der sich nur selbst in den Adelsstand versetzt hatte.
170 1439 1924 1486 er Steatsanwaltschaft inlien, während das festgesetzte Pauschalhonorar gleichgeblieben ist, nicht
1961 1454 3157 1537 Als wir nuch im Frieden lebten, fuhr er stets in einer sehr eleganten
189 1480 703 1539 Butter verschwunden, die
689 1482 1925 1545 unerheblich benachteil ist. Die Aerztekammer hatte einen neuen
1922 1516 3159 1577 Autolimusine zur Rennbahn, gab Tausende in Wetten aus und verlor
186 1517 696 1602 enden und ihres Gepäckes
683 1526 1916 1594 Vertrag verlangt, wonach pro Familie und Jahr (nicht wie
1926 1567 3159 1617 Tausende, wenn er auch dann und wann das Glück hatte, größere Wett¬
682 1570 1922 1633 #rrümlich berichtet war pro Besuch) 5 Mark ausgeworsen werden soll¬
1916 1608 3171 1659 coups zu „landen“. Seine Gattin, mit der er stets in den vordersten Logen
688 1612 1917 1667 ten. Die dadurch nicht unerheblichen Mehrkosten weigert sich bis jetzt
1921 1649 3172 1712 der Rennbahn zu sehen war, trug kostbare Toiletten und Pelze, die von
691 1655 1920 1712 die Stadt zu vewilligen; und sie trägt sich mit dem Gedanken, statt
187 1646 711 1743 des Kriegsernährungsamtes
1915 1684 3180 1756 einem Rentag zum anderen zu wechseln pflegten. Großmann selbst
691 1700 1917 1748 der ärztlichen Versorgung in natura eine Geldent¬
191 1704 701 1768 rven, soweit sie bei den
1915 1724 3173 1798 gab Unsummen in Bars und Nachtlokalen für sich und den Schwarm
683 1735 1916 1798 schädigung den betreffenden Familien zu gewähren. Abgesehen von
183 1731 694 1810 angeordnet. Die Ausgabe
1923 1762 3170 1830 seiner Sportfreunde aus. Das flotte Leben währte so lange, bis
173 1776 1927 1853 mittelkarten erfolgen. Jeder all den hier schon erwähnten Unzuträglichkeiten würden durch die
1927 1819 3160 1873 sich Großmann außerstande sah, aus dem Schuldennetz, das ihn um¬
691 1824 1917 1893 erforderlichen Kontrollmaßnahmen die Unterstützungskommissare über¬
175 1831 703 1896 konservierten Gemüse (eine
1926 1847 3181 1927 strickte, einen Ausweg zu finden und neue Geldquellen zu öffnen.
690 1852 1923 1934 mäßig belastet werden. — Vielleicht ließe sich, wie das in einigen
179 1869 704 1948 hts erhalten kann, soll als
2648 1916 2662 1984 a
2530 1909 2635 1986 1
1928 1977 3168 2042 Gasthof, wo man durch die Fachsi pelei der jungen Kollegen
698 1996 1927 2053 ich dich wieder?“ fragte er, als der Wagen auf Katharinens
1921 2025 3179 2105 nicht behelligt wurde wie gestern; über alles andere konnte
696 2031 1919 2100 Wunsch in einiger Entfernung von ihrem Wohnhaus hielt.
1929 2073 2544 2148 man nachher schlüssig werden.
193 1994 700 2142 Badearzt
699 2072 1925 2133 Sie versprach ihm, morgen abend zu kommen. Dann stieg
706 2120 1939 2187 sie aus, bat ihn, sie nicht bis zum Tor zu begleiten, und
691 2161 1479 2237 verschwand im Schatten der Häuser.
270 2176 689 2262 [Nachdruck verboien.]
1978 2188 3160 2257 Kaum hatte er sich nachmittags an seinen Arbeitstisch ge¬
746 2205 1939 2267 Am nächsten Morgen verspürte Dr. Gräsler keinerlei
186 2230 332 2314 tler.
1931 2234 3174 2307 setzt und den eben daliegenden anatomischen Atlas auf¬
697 2248 1927 2318 Neigung, das Spital zu besuchen; doch als er später unter einer
1926 2287 3180 2352 geschlagen, als es klopfte und die Setzersgattin, die sich erbötig
694 2308 1930 2361 kühlen, klaren Herbstsonne zu einer Tageszeit, da andere Leute
191 2290 705 2374 ohne ihn anzublicken:
1922 2333 3170 2387 gemacht hatte, sein Junggesellenheim zu betreuen, bei ihm ein¬
707 2336 1918 2400 ihrem Berufe nachgingen, im Stadtgarten herumspazierte,
200 2336 699 2421 näher zu ihr und
1925 2387 3168 2431 trat und unter vielen Entschuldigungen die Bitte vorbrachte,
708 2388 1930 2443 meldeten sich in ihm leise Regungen des Gewissens, als wäre
168 2381 700 2464 gen Hals. Sie wehrte
1928 2415 3171 2470 ob der Herr Doktor nicht vielleicht die Gnade haben und ihr
699 2422 1935 2481 er nicht nur sich selbst, sondern auch jemandem anderen
178 2421 706 2493 gefiel. Er stand auf,
1922 2451 3180 2513 aus der Garderobe des leider verstorbenen gnädigen Fräu¬
701 2471 1934 2521 Rechenschaft schuldig, und er wußte, daß diese andere Sabine
162 2461 701 2527 n vollkommen als Dame
1929 2500 3179 2546 leins ein oder das andere Kleidungsstück schenken wollte.
712 2508 1931 2570 war. Der Gedanke an die Anstalt des Dr. Frank drängte
187 2523 708 2587 die Erlaubnis, sich eine
1936 2544 3176 2606 Gräsler runzelte die Stirn. Diese Person dachte er, hätte
700 2546 1933 2607 plötzlich mit Macht sich wieder auf; Gräsler überdachte allerlei
166 2555 705 2617 ann, rauchend, und im
1931 2570 3178 2650 eine solche, fast unverschämte Forderung nicht gewagt, wenn
707 2602 1940 2653 bauliche Aenderungen, erwon die Errichtung neuer Bade¬
176 2587 712 2674 ach er ernst und mit Be¬
1934 2628 3170 2676 sie nicht wüßte, daß ich hier in meiner Wohnung Damen¬
703 2631 1940 2693 räume, entwarf Prospekte in Worten von überzeugender Kraft,
191 2635 708 2694 der menschlichen Tage,
1934 2669 3174 2736 besuch empfange. Er erwiderte ausweichend, daß er im Sinne
702 2662 1935 2732 wie sie ihm bisher noch niemals so verwegen zugeströmt waren,
172 2680 704 2747 er zu berechnen imstande
1939 2713 3179 2761 der Verstorbenen deren Hinterlassenschaft vor allem Wohl¬
711 2707 1933 2773 und schwor sich zu, daß er in derselben Stunde, in der von
178 2717 717 2790 ten im Norden und im
1930 2747 3181 2809 lätigkeitsanstalten zuzuwenden gedenke, doch habe er überhaupt
702 2762 1931 2818 Sabine eine Nachricht käme zurückreisen und die Sache in
183 2760 718 2830 ngeführt hatte, und ließ
1930 2791 3177 2849 noch nicht Zeit zur Nachschau gefunden und könne daher vor¬
704 2802 1941 2860 Ordnung bringen werde. Wenn sie aber auch seinen letzten
185 2809 713 2864 noch führen könnte; im
1930 2826 3181 2884 läufig keineswegs etwas versprechen. Es zeigte sich, daß die
712 2848 1930 2899 Brief unbeantwortel ließe, dann war alles zu Ende, zumindest
173 2842 708 2908 arinen stehen, die Datteln
1933 2871 3180 2940 Frau für alle Fälle den Bodenschlüssel mitgebracht hatte; sie
701 2869 1938 2954 zwischen ihm und ih Denn auch den Kauf des Sanatoriums
186 2883 718 2955 e Hand auf ihr braunes
1936 2912 3172 2977 überreichte ihn dem Doktor mit einem zudringlichen Lächeln,
719 2923 1941 2988 ausschließlich von Sabinens Verhalten abhängig zu machen,
174 2932 706 3001 eilnahme, und zuweilen
1934 2954 3184 3015 dankte so überschwänglich, als wäre ihre Bitte schon erfüllt
712 2957 1935 3020 dazu lag kein Grund vor, und es wäre wahrhaftig kein übler,
173 2978 712 3036 terbrechend, zuhörte, ließ
1932 3004 3183 3063 worden, und entfernte sich. Da Gräsler nun einmal den
715 3009 1938 3056 ja sogar ein etwas verteufelter Gedanke, mit einer anderen
164 3012 713 3086 öttisches Aufleuchten der
1931 3029 3175 3101 Schlüssel in der Hand hatte, und er im Grunde froh war, für
714 3056 1940 3110 Frau Direktorin in das herrlich umgestaltete Gebäude Einzug
167 3057 713 3114 ann immer wieder ver¬
1935 3068 3186 3133 die nächsten leeren Stunden eine Art Zeitvertreib gefunden
719 3091 1938 3155 zu halten — womöglich mit einer, die ihn nicht just für einen
179 3104 707 3165 her in seinen Reden fort¬
1933 3136 3177 3182 zu haben, beschloß er, dem Bodenraum, den er seit Kinder¬
721 3125 1940 3192 egoistischen, pedantischen, langweiligen Gesellen hielt, wie eine
162 3135 716 3201 ernucht schlug, erhob sich
1944 3169 3177 3214 zeiten nicht gesehen, einen Besuch abzustatten. Er stieg die
709 3163 1943 3235 gewisse andere junge Dame. Er lächelte vor sich hin. Wenn
171 3176 717 3241 grrufliche Zeichen zum Auf¬
1933 3196 3177 3261 Holztreppe hinauf, öffnete und betrat den mäßigen Raum, der
711 3225 1933 3272 es ihm etwa beliebte Fräulein Katharina hierzu auszuersehen,
174 3219 713 3284 khalten, oowohl er in der
1932 3252 3176 3310 durch das schräge Dachfenster so spärliches Licht erhielt, daß
720 3263 1939 3319 dann dürfte ihn wohl niemand mehr für einen Pedanten oder
176 3257 722 3328 chterung verspürte. Bevor
1939 3293 3183 3339 Gräsler sich nur allmählich zurechtfinden konnte. Ueber¬
716 3295 1950 3363 Philister halten. Er ließ sich auf einer Bank nieder. Kinder
172 3296 722 3381 isch ab, stellte die Sessel
1951 3334 3180 3393 flüssiger, vergessener Hausrat stand in den dämmerigen
716 3330 1942 3401 liefen an ihm vorüber. Im gelblichen Laub flossen herbstliche
187 3360 715 3409 Zimmer. An der Türe,
1949 3376 3185 3430 Winkeln, die Mitte aber war von Kisten und Koffern erfüllt.
722 3388 1952 3438 Strahlen hin. Von einer fernen Fabrik her tönte das Mittags¬
179 3387 726 3459 Fußspitzen und reichte dem
1937 3424 3181 3478 Der erste, den Gräsler aufschloß, schien nichts zu enthalten als
715 3413 1945 3489 zeichen des Nebelhorns Heute abend, dachte er. Heute abend!
181 3428 716 3487 Peil Sie so brav gewesen
1947 3454 3179 3516 alte Vorhänge und Hauswäsche, und Gräsler, der ja doch
711 3471 1941 3524 Steigt die Jugend noch einmal auf? Ist es denn noch an der
168 3463 721 3539 nAugen blitzte es wieder
1936 3502 3183 3556 nicht daran dachte, hier selber auszupacken und Ordnung zu
724 3512 1942 3570 Zeit für solche Abenteuer? Sollte man nicht doch auf der Hut
166 3516 719 3589 en die Treppen hinunter
1936 3541 3187 3595 machen, ließ den Deckel einfach wieder fallen. Eine längliche
729 3554 1948 3614 sein? Fortreisen? Gleich ganz fort — das nächste Schiff
212 3563 722 3626 die Gräsler vorantrug.
1940 3571 3195 3647 sargartige Kiste, die er nun öffnete, ließ einen merkwürdigeren
719 3574 1962 3644 nehmen und nach Lanzerote? Oder zurück — zu Sabine? Zu
177 3585 724 3669 Wagen, Gräsler stieg mit
1937 3610 3181 3685 Inhalt vermuten. Gräsler sah allerlei beschriebene Papiere
721 3621 1951 3685 dem Wesen mit der reinen Seele? Hm! Wer weiß, wie sich
186 3631 728 3703 ihn, er umschlang ihren
1946 3652 3183 3717 vor sich liegen, zum Teil in Aktenformat, Briefe in Um¬
729 3661 1945 3733 ihr Leben gestaltet hätte, wenn ihr im gegebenen Moment der
182 3676 731 3737 ich die nächtlichen Straßen,
1939 3699 3180 3771 schlägen, größere und kleinere verschnürte Päckchen und las
727 3703 1953 3775 Richtige begegnet wäre — nicht gerade ein unverschämter
168 3715 722 3780 kinens Wohnhaus. Gräsler
1940 3758 3090 3818 auf einem dieser letzteren: Aus dem Nachlaß des Vaters.
1711 3755 1961 3810 Er erhob
183 3773 1684 3820 h zog und ihr Mund und Tenor oder ein kopfhängerischer Medizinmann.
2343 3792 2752 3873 (Fortsetzung folgt.)
184 3793 1970 3888 ssen bedeckte. „Wann seh sich und begab sich zunächst zum Mittagessen in den vornehmen
