3436 4224
314 73 1342 117 Stoffkreises bilden, vermögen in der erzählenden Form weit
304 106 1343 173 mehr Überzeugungskraft anzunehmen als im Drama. Schon
310 166 1345 207 die Herkunft der meisten Schnitzlerschen Schauspiele aus
307 205 1348 270 dem strengsten und auch engumgrenzten Subjektivismus ergibt
310 254 1350 319 für seine Art ein Hinneigen zur Darstellung von Zu¬
310 308 1338 379 ständen gegenüber jener nackter Wirkungen. Nicht die Tat,
304 359 1344 411 die Wirkung, sondern Tatumstände, Möglichkeiten, Re¬
301 400 1348 462 flexionen sind das Lockende. Er zerlegt mehr, als er aufbaut.
295 451 1349 516 Auch die jüngste Erzählung enthüllt. Die Menschen erleben
306 508 1340 567 nicht ihre Schicksale in dieser Novelle; diese liegen fast ab¬
301 555 1339 626 geschlossen hinter ihnen. Der Dichter zerlegt die seelische Er¬
304 605 1345 661 scheinung und Verfassung eines eben alt werdenden
303 644 1350 733 Mannes; es hat natürlich tiefere Bedeutung, daß er ihn
293 693 1359 771 Lloydarzt sein läßt, der die Welt bereist hat. Er zeigt
297 775 1341 818 eine seiner Lieblingsgestalten, einen vom Leben müden,
299 792 1347 874 verbrauchten, nicht enttäuschten, aber, was ärger lastet,
299 853 1346 926 ernüchterten, ausgehöhlten Überkultivierten. Dr. Gräsler hat,
302 906 1355 977 wie man zu sagen pflegt, die Üiberfuhr versäumt. Er ist nicht
292 962 1355 1040 mehr jung, aber noch weniger schon alt. Stets in Banden
290 1018 1340 1076 von Frauen, hat er nicht geheiratet, eigentlich keinen tieferen
298 1054 1331 1126 Eindruck empfangen. Leidenschaften ohne Aufschwung und
288 1102 1345 1164 Klärungen. Er lebte mit seiner aufopfernden Schwester,
285 1153 1343 1233 die gleich ehm einsam und unbefriedigt zu sein schien, in
298 1208 1334 1274 gemeinsamer Haushaltung, bis ihr plötzlicher Tod äußerlich
291 1248 1339 1329 diese=Ordnung aufhebt. Nun beginnt die ganze Tätigkeit
290 1307 1341 1387 des Badearztes — im Winter auf der Insel Lanzarote, im
286 1363 1345 1437 Sommer in einem kleinem Badeorte des deutschen Mittel¬
286 1390 1343 1486 gebirges — keinen Sinn und Boden mehr zu haben. Ein
285 1450 1349 1537 seelisches Beben erschüttert die Gemütslage Dr. Gräslers.
285 1501 1344 1563 Und dann ist er eben auch in dem gewissen Alter, da der
289 1555 1340 1608 Mann das Land der Jugend aus den Augen verliert
292 1603 1336 1672 und ander: Ankergrund nicht findet. In diesem
296 1650 1332 1731 seelischen Zustande lernt er im Badestädtchen ein
295 1699 1327 1769 Mädchen kennen, das ihn fesselt, das er achten und, wie er¬
293 1755 1336 1830 wähnt, auch lieben lernt. Unfähig zu einer Willensäußerung,
289 1817 1336 1869 läßt er sich den Augenblick entgehen, sie an sich zu binden,
290 1866 1328 1938 wie er den Ankaus eines angebotenen Sanatoriums ver¬
284 1906 1347 1972 säumt. Durch einen entscheidenden Brief des Mädchens, der
291 1966 1339 2032 ihm jede aktive Entschließung abnimmt, fühlt sich der über¬
296 2002 1327 2070 empfindliche Willenlose beengt, beunruhigt, jar be¬
278 2041 1329 2144 droht; er reist ab, das heißt, er flieht und reißt damit
284 2101 1328 2198 das Band, das ihn auf beruhigender, reinlicher und
296 2158 1340 2233 bürgerlicher Lebensstraße dem Alter zuführen würde.
287 2206 1337 2295 Frauen von gefälliger Zugänglichkeit, die Männer
292 2272 1338 2340 vom Schlage dieses Dr. Gräsler immer zum Schicksale
282 2300 1331 2401 werben, treten in seinen Lebenskreis. Vom Stelldichein
290 2377 1322 2447 einer Ladenmamsell — Typus: süßes Mädel — wird er
284 2428 1328 2496 zum Krankenbett eines Kindes einer jungen, anziehenden
299 2473 1323 2528 Witwe nicht ganz geklärten Rufes geholt. Er gerät in Emp¬
286 2516 1326 2579 findungen, die ihn schwanken machen zwischen der halb er¬
268 2563 1332 2638 klärten Braut und der vorübergehenden Geliebten. Er verliert
271 2626 1325 2687 die eine, ohne die andere gewinnen zu können. Das Motiv
275 2667 1319 2738 Schnitzlers von der tötenden Liebe wird auch hier ein¬
281 2724 1331 2782 geflochten; vom scharlachkranken Kind übertrug Gräsler den
273 2767 1327 2833 Todeskeim auf die Geliebte. Die Mutter des von ihm geretteten
276 2820 1324 2892 Kindes, die junge Witwe, wird nun seine Lebensbegleiterin.
275 2872 1323 2940 Die Erzählung bringt keinerlei neue Seite im Schaffen des
278 2922 1331 2984 Dichters zutage. Der Mann mit den drei Frauen, der
277 2976 1318 3024 übliche seelische Konflikt, der sich im wesentlichen von
272 3016 1315 3089 anderen Schnitzlerschen Liebeshandlungen wenig unter¬
278 3062 1322 3152 scheidet, ist nicht gerade zwingend; es widerfährt Dr. Gräsler,
271 3124 1313 3187 daß er in seinen herbstlichen Liebestrieben sogar leer und
273 3170 1308 3237 nichtig anmutet. Die rein literarische Kunst, die an das
280 3225 1319 3278 Buch gesetzt wurde, die artistischer Qualitäten des Werkes
272 3276 1319 3348 dichterische Anschauung, darstellesische Anmut, feinnerviges
272 3320 681 3402 Empfinden, eFreuen
1071 3326 1272 3396 R. Ir.
264 3371 909 3451 RR M
1393 122 1604 219 29.
1613 129 1904 201 Doktor
1964 125 2296 200 raesler
2384 126 2795 205 Badearzt
2940 132 3302 222 box 4/9
1602 143 2797 252 # un an. a. n. K.  C. G n aen an d. Fne uen aen un de 1. de.
1584 818 2112 920 Jreé Steller
2616 1020 2743 1084 Te
2191 1030 3182 1131 ien.191.
2289 1087 2760 1178 Geeuse.
2774 1395 3015 1493 AL. vu. 1
1810 1375 2281 1491 Opedl. 9 12
2090 1472 3008 1565 Arthur Schnitzler: Doktor Gräsler, Bedearzt.
2017 1544 2999 1599 Erzählung. (S. Fischer, Verlag, Berlin. Das neue
2028 1579 3001 1644 Buch Schnitzlers könnte auch -Der Mann von
2029 1627 3005 1679 fünfzig Jahrens heissen. Es ist die Geschichte des
2027 1664 3009 1732 männlichen Herbstes. Dr. Gräsler, der nur in
2015 1703 3013 1780 jüngsten Jahren jung war und deshalb alt gewor¬
2029 1751 3009 1800 den zu sein glaubt, drängt sich mit einem Mal
2020 1795 3002 1853 wieder an das Leben und die Liebe heran, ängst¬
2028 1837 2988 1887 lich und ohne Selbstvertrauen dort, wo ihm ed¬
2016 1872 2989 1931 les, sanftes Entgegenkommen wird, aufflackernd
2019 1910 2999 1974 und gierig im Abenteuer mit einem jungen Ding
2024 1969 3000 2020 (dem typischen ssüssen Mädele Schnitzlers) und
2025 2005 2988 2050 endlich müd-glückhafter Freier rundlicher Wit¬
2021 2043 3002 2112 wenreife. Ein eitler Pedant, ein Philister und
2021 2076 3012 2152 Egoist ist dieser Doktor Gräsler, unwürdig des
2024 2130 2988 2179 hochherzig seelenvollen, fraulichen Mädchens,
2016 2160 3007 2219 tödlich in der späten Glut an unbekümmerter Ju—
2021 2207 3000 2263 gendlichkeit entzündeter Leidenschaftlichkeit. Ne¬
2016 2252 2990 2310 ben ihm wird selbst das Bild seiner Schwester
2021 2297 2984 2353 beinahe rührend, die hinter der Maske altbürger¬
2016 2332 2983 2384 licher Wohlanständigkeit das Leben einer Ko¬
2025 2371 2988 2442 kotte lebte und den Tod suchte, als sie keinen
2022 2418 2998 2480 Mann mehr anzog. Schnitzlersche Meisterschäft
2026 2457 2991 2505 zeichnete diese Sünderin. Hohe Kunst des Erzäh¬
2013 2503 2992 2550 lens, vollendete psychologische Feinarbeit machen
2020 2531 2990 2581 das jüngste Werk Schnitzlers zu einem wert¬
2028 2581 2986 2634 vollen. Der Stoff jedoch dürfte für ihn damit ge¬
2019 2629 3007 2676 wiss noch nicht endgültig erledigt sein. Vielleicht
2015 2662 2991 2725 bege nen wir bald einem Schauspiel, in dem uns
2019 2709 2984 2769 der Arzt und Poet über den Mann von fünfzig
2028 2753 2994 2817 Jahren das sagt, was nur Schnitzler, der selbst
2025 2792 2986 2865 kaum über dieses Alter hinaus ist, unerreichbar
2016 2837 2687 2889 vor allem im Wie, sagen könnte.
2248 2873 2985 2949 loh ½" Doul Gchbeingar
2103 3195 3105 3305 und  47
2717 3338 3075 3442 G
