3436 4256
226 154 1147 231 29. Doktor Graesler
1219 156 1624 230 Badearzt
433 195 1616 267 ie nenen e ehenel uen ded un en ie  H  en e uen ene en en en
763 1248 1114 1333 Ausschnitt au
1097 1263 1767 1386 i Gegenwart, Berlin
759 1311 1167 1403 vomt 9047-
727 1678 1312 1787 Randbemerkungen:
736 1807 1716 1934 Ein neues Werk von Arthur Schullit.
818 1918 1820 2007 Ueber die Stellung Arthur Schnitz¬
733 1979 1830 2050 lers als eines über alle Kritik erhabenen
738 2048 1833 2101 Meisters der modernen Erzählungskunst sind
728 2094 1827 2176 eigentlich die Akten schon längst geschlossen, so
729 2160 1831 2222 daß über ein neues Werk von ihm kaum noch
734 2210 1829 2279 etwas zu sagen bleibt. Aber selbst die Verehrer
742 2263 1838 2335 dieses feinen und tiefen Dichters erleben bei
736 2328 1835 2415 seiner jüngsten Schöpfung, der Erzählung
742 2398 1842 2469 „Doktor Gräsler, Badearzt,“ deren
728 2444 1828 2533 Buchausgabe kürzlich im Verlage von S. Fi¬
737 2500 1830 2568 scher in Berlin erschienen ist, eine Ueber¬
751 2561 1838 2645 raschung. Nur ganz wenige Werke der modernen
737 2617 1828 2683 Literatur offenbaren eine so starke innere An¬
739 2675 1830 2755 teilnahme ihres Autors an den geschilderten Vor¬
750 2739 1830 2816 gängen, und dem Leser bleibt nach Beendigung
747 2795 1836 2862 der Lektüre eine lange nachhallende, tiefe innere
748 2863 1076 2937 Ergriffenheit.
796 2931 1832 3017 Ungewöhnlich viel Selbsterlebtes hat der
741 3011 1832 3089 Dichter, wie aus jeder Zeile des Buches hindurch¬
745 3080 1837 3148 leuchtet, in dies Werk verwebt. Er schildert
753 3130 1839 3214 das späte, aber um so nachdrücklicher auf¬
744 3195 1832 3255 wühlende Liebeserlebnis eines Junggesellen, der
755 3250 1835 3320 bereits im Ausgange der vierziger Jahre steht.
739 3305 1850 3372 Drei Frauen sind es, die beinahe gleichzeitig
746 3366 1838 3435 seine Neigung fesseln, und zwischen denen seine
751 3436 1838 3508 Gefühle eine Zeitlang unsicher, aber mit un¬
1768 142 2147 243 box 4/9
2722 455 2921 524 Nr. 1/2
1779 467 2021 537 genwart
1825 600 2927 661 unterdrückbarem Verlangen hin und her schwan¬
1830 658 2926 730 ken, die reife, tief veranlagte Tochter einer gut¬
1830 722 2947 784 situierten Bürgerfamilie, das kleine, naive,
1833 782 2928 841 lebens= und genußfrohe Ladenmädchen, und die
1842 824 2937 904 junge, begehrliche Witwe eines Kaufmanns,
1842 904 2926 959 deren Töchterchen er aus der Gefahr der Schar¬
1827 946 2940 1004 lacherkrankung rettet. Als die erste sich ihm
1830 1008 2935 1071 wegen einer unüberbrückbaren Charakter¬
1842 1069 2934 1139 verschiedenheit versagt und die zweite ihm nach
1837 1123 2931 1184 einem kurzen, zärtlich=süßen Liebesidyll durch
1838 1180 2935 1242 einen Tod von erschütternder Tragik geraubt
1846 1235 2941 1299 wird, flüchtet er endlich in die Arme der dritten
1839 1295 2938 1388 und findet dort ein stilles, friedlich=frohes Ehe¬
1851 1363 1991 1441 glück.
1948 1428 2939 1494 Schnitzlers Kraft liegt in diesem Werke noch
1850 1493 2946 1571 stärker als in seinen früheren Schöpfungen in
1845 1565 2948 1619 der bezaubernden, mollgestimmten, duftvollen
1841 1610 2940 1681 und hauchzärten, von Resignation, Melancholie
1853 1665 2939 1745 und zartester Sehnsucht übergossenen Dar¬
1854 1745 2937 1810 stellung der Psychologie der Liebe. Das lang¬
1849 1788 2947 1864 same, allmähliche, anfangs kaum beachtete, aber
1857 1851 2941 1912 immer gewaltiger anschwellende und tiefer
1852 1900 2938 1971 wurzelnde Aufkeimen der Liebe in dem Bade¬
1855 1969 2951 2037 arzte, sein ängstliches Schwanken und die ganze
1849 2025 2942 2100 Hilflosigkeit seines äußerlich so gefestigt und
1843 2079 2947 2157 würdig erscheinenden Charakters sind mit be¬
1850 2140 2939 2200 zwingender Keuschheit und eindrucksvollster Le¬
1845 2197 2945 2255 bendigkeit und Vielseitigkeit geschildert. Die
1843 2258 2939 2319 Darstellung von Doktor Gräslers nieder¬
1853 2300 2947 2394 geschmettertem, von wühlendem Schmerz,
1853 2370 2958 2448 dumpfer Entsagung und bitterem Menschenhaß
1844 2433 2946 2515 gequältem Gemütszustande nach dem Tode seiner
1855 2492 2940 2564 geliebten Kathi ist schlechthin überwältigend.
1863 2551 2951 2617 Auch die Frauen stehen wie aus einem Gusse mit
1861 2606 2950 2671 vollendeter Anschaulichkeit und Lebenswahrheit
1862 2668 2957 2731 vor uns. Sabine, die Tochter des ehemaligen
1863 2730 2943 2807 Opernsängers, ist eine durch mancherlei Er¬
1850 2805 2947 2860 fahrungen und eine kluge, scharfe, leidenschafts¬
1854 2848 2943 2917 lose Beobachtungsgabe seelisch und geistig durch¬
1862 2909 2952 2982 gereifte, harmonische Persönlichkeit, Kathi ist eine
1856 2981 2955 3045 der liebenswertesten und anmutigsten Ge¬
1858 3023 2950 3097 stalten vom Schnitzlerschen Typus des „süßen
1853 3089 2951 3139 Mädels,“ und Frau Sommer ist ein etwas
1857 3146 2943 3208 lockeres, doch die Grenzen der Dezenz ge¬
1862 3206 2789 3277 schmackvoll wahrendes Bürgerweibchen.
1936 3290 2959 3361 Daß wie überall bei Schnitzler auch in
1870 3352 2961 3421 diesem Buche das Milieu und die realistischen
1863 3411 2962 3489 Details mit vollendeter Exaktheit und Plastik ge¬
1846 3525 2939 3655 staltet sind, bedarf kaum besonderer Exwähnung.
1853 3592 2955 3699 So wird dies Buch mit seinem bekenntnishaften
1853 3659 2963 3750 Charakter zu einer geistigen Erbauung, deren
1855 3709 2963 3811 unwiderstehlichem Reize sich wohl kaum ein Leser
1857 3794 2447 3890 wird entziehen können.
2299 3885 2878 3974 Dr. Wilhelm Bolze.
2315 4021 2562 4107 G
