3436 4224
1270 179 1677 258 Badearzt
270 187 1187 279 29. Doktor Graesler
475 188 2218 298 eee   n 1assaie box 4/8
2391 899 2894 1043 1. Beiblatt.
2178 1026 3109 1104 Druck und Verlag von Rudolf Mosse in Berlin.
562 931 2014 1108 Berliner Tageblatt.
1872 1122 3088 1194 Der Bürgermeister hatte bereits einmal den „ Friedenaver Lokalanzeiger
688 1141 1867 1205 Der sich selbst rastert, ist sehzt in Abten, Kasierseise gibt es
1873 1186 3105 1227 als ein Hetzblatt der schlimmsten Sorte mit vaterlands¬
654 1205 1864 1254 nicht mehr. Es gibt Rasiercreme, vor einem halben Jahr gab es
161 1201 647 1283 der Dezentralisation die
1881 1216 3099 1280 feindlicher Tendenz bezeichnet. Schon damals war wegen
666 1245 1868 1292 noch Rasierpulver — aber nur zu Preisen, die im Vergleich ebenso
160 1264 653 1322 Städte, in denen nicht viel
1887 1263 3110 1328 dieses Ausdrucks die Privatklage angestrengt worden, die Eröffnung
665 1290 1866 1342 hoch sind wie die heutigen Schinkenpreise. Wie der Kriegsausschuß
170 1310 646 1366 peiter nach Berlin liefern,
1874 1304 3099 1371 des Hauptverfahrens wurde aber abgelehnt, und auf die erhobene
656 1334 1858 1388 für Oele und Fette einem unserer Mitarbeiter mitteilte, werden im
192 1351 650 1405 Auch die Stoffknappheit
1872 1344 3095 1423 Beschwerde hatte die Strafkammer die Ablehnung bestätigt. Der
654 1368 1863 1435 Monat von den Seifenfabriken nur 15000 bis 20000 Kilo¬
168 1391 641 1450 immer neue Propaganda
1872 1398 2791 1453 jetzigen Klage lag folgender Sachverhalt zugrunde:
659 1411 1862 1475 gramm Rasierseife hergestellt. Diese Seise wird vom Kriegsaus¬
175 1431 649 1490 Groß=Berin Lyzeen Vor¬
1924 1433 3099 1493 Nach den Sitzungen einer Dienstags tagenden Kommission pflegen
664 1459 1869 1518 schuß für Oele und Fette an den Verband deutscher Fri¬
160 1470 653 1530 lungen von Musterstücken
1871 1474 3098 1519 die Kommissionsmitglieder im reservierten „Ratsstübchen“ des Rats¬
653 1499 1869 1551 seure, Barbiere und Perückenmacher in Berlin weiter¬
1869 1515 3092 1556 kellers noch zwanglos beim Bier eine Zeitlang beisammen zu bleiben.
171 1513 644 1584 chnitten für einfache und
663 1542 1854 1598 gegeben, der sie dann über das ganze Reich an die einzelnen Innungen
1875 1554 3102 1601 Bei diesen Unterhaltungen wird in erster Reihe Kommunalpolitik
162 1558 644 1614 en Bekleidungsstücke. So
663 1586 1864 1636 verteilt. Privatleute bekommen nichts. Wer sich also scheut, zum
1872 1594 3093 1629 getrieben; man unterhielt sich am 17. Oktober auch über das Ver¬
171 1601 640 1658 ugendliche Helferinnen in
659 1619 1860 1681 Barbier zu gehen, wem die Ersatzmittel, mit denen er sich noch selbst
1879 1629 3098 1684 halten des nicht anwesenden Schultz, der als Gemeindeverordneter
174 1645 639 1714 sich allmählich der „kleine
1870 1672 3094 1728 dulde, daß seine Zeitung verhetzende Artikel bringe, von deren nicht
663 1669 1864 1735 rasieren kann, zu teuer sind, der muß sich notgedrungen einen
471 1688 608 1760 A. P.
1876 1702 3103 1751 zutreffenden Behauptungen er doch genau unterrichtet sein müsse,
655 1706 1385 1763 patriarchalischen Vollbart wachsen lassen.
1874 1732 3103 1791 da er selbst Mitglied der Ernährungskommission sei. Die Privat¬
164 1731 653 1817 parkasse der Stadt Köln
705 1761 1863 1813 Aufklärung von Seidendiebstählen. Bei der Aufklärung
1869 1776 3092 1836 klage behauptete, daß an diesem Abend der Bürgermeister die Wen¬
179 1790 646 1867 0 Millionen Mark.
659 1801 1869 1868 der großen Seidendiebstähle, die in der letzten Zeit verübt
1867 1829 3105 1883 dung gebraucht habe: „Wer sich noch mit Schultz an einen Tisch
2462 1860 2555 1933 S
3021 1865 3106 1943 50
1180 1921 1341 1999 XVI.
1877 1933 3089 1999 bändig und gab sich diesem Gefühl rückhaltlos, ja mit einer
1877 1986 3099 2044 gewissen Wollust hin. Finden Sie das etwa philiströs?, mein
712 1970 1855 2045 Am nächsten Abend, eine Stunde nach seiner Ankunft,
170 1923 648 2069 Badearzt
1872 2025 3105 2068 Fräulein, wandte er sich plötzlich an die ferne Sabine, gegen
655 2040 1862 2100 stand er an der Straßenecke, von der aus er Katharina sofort
1874 2071 3099 2130 die er nun gleichfalls einen heftigen Eroll in sich aufsteigen
652 2088 1858 2129 erblicken mußte, wenn sie den Handschuhladen verließ. Die
1875 2106 3104 2159 verspürte. Nun, ich kann Ihnen nicht helsen. Es kann eben
648 2117 1866 2171 beiden neben ihr in dem Geschäft angestellten Verkäuferinnen
237 2115 623 2204 [Nachdruck verboten.]
1871 2148 3109 2218 keiner aus seiner Haut, kein Mann und kein Weib. Die eine
655 2162 1865 2212 traten eine nach der andern aus der Tür und verschwanden,
1875 2189 3107 2255 ist zur Dirne geboren, die andere ist dazu geschaffen, eine
156 2191 269 2265 ler.
657 2205 1865 2259 die Rolladen wurden geschlossen, der Geschäftsdiener entfernte
1882 2243 3101 2299 alte Jungfer zu werden, und eine dritte, trotz der besten Er¬
653 2244 1865 2295 sich, das Bogenlicht erlosch — und Katharina war nicht er¬
162 2234 647 2317 zu halten. — Sie entzog
1879 2279 3102 2331 ziehung in einem guten deutschen Bürgerhaus. führt eine
659 2291 1867 2348 schienen. Sonderbar. Höchst sonderbar. Ihr Urlaub war
176 2295 643 2360 sagte sie, und in ihrer
1881 2319 3106 2363 Existenz wie eine Kokotte, hintergeht ihre Eltern, ihren
659 2330 1871 2381 doch abgelaufen! Was also konnte sie vom Geschäfte fernge¬
172 2345 640 2397 mit, die ihm nun für
1873 2359 3105 2417 Bruder — und bringt sich um, wenn kein gefälliges Männer¬
655 2381 1862 2435 halten haben? Eine plötzliche Eifersucht flammte in Gräsler
175 2387 638 2434 und ohne ihren Schritt
1865 2402 3099 2454 herz mehr sich findet. Und mich hat Gott nur eimal zum
657 2419 1871 2468 auf; kein Zweifel — sie war mit jemand anderm zusammen.
172 2424 650 2502 ging sie nach dem Hause
1875 2451 3096 2512 Pedanten und Philister geschaffen. Aber beim Himmel, es ist
654 2464 1862 2513 Mit einem alten Bekannten vermutlich, für den man wieder
152 2470 260 2518 nd.
1878 2491 3096 2531 nicht das Schlechteste, ein Philister zu sein! Denn wenn man
659 2507 1867 2559 Zeit hatte, ietzt, da der alte Doktor aus Portugal mit den
163 2492 651 2560 sler starr, dann eilte er
1878 2515 3093 2584 gegenüber gewissen Frauenzimmern. nicht den Philister
653 2548 1867 2592 indischen Schleiern und Bernsteinketten abgereist war. Viel¬
163 2549 652 2603 antel und Decke und fuhr
1875 2570 3109 2617 herauskehrt, so ist man eben der Genarrte. Und ich bin noch
656 2575 1864 2633 leicht war's auch eine ganz neue Bekanntschaft. Warum nicht?
154 2597 639 2650 achte in seinem Herzen.
1869 2612 3100 2668 lange nicht Philister genug; denn wenn ein gewisses Fräulein
655 2619 1857 2672 Sowas macht sich ja sehr geschwind bei unsereinem, Fräulein
175 2632 657 2692 so, du treibst mich selbst
1866 2666 3096 2713 zufällig ihr Stelldichein verschoben hätte und um sieben Uhr
655 2671 1860 2724 Katharina, nicht wahr? Wo mögen sie denn nur stecken?
179 2675 654 2738 deinen Willen haben.
1880 2699 3090 2745 abends sittsam aus dem Geschäft gekommen wäre, ich wäre
652 2713 1866 2765 Im Theater wahrscheinlich! Das ist ja wohl die feststehende
183 2716 652 2776 Eh ich in den Süden
1869 2738 3096 2793 wahrhaftig imstande gewesen und hätte sie mir als Frau
658 2757 1868 2805 Reihenfolge? Am ersten Abend Theater und gemeinsames
161 2760 648 2816 werde ein paar Tage mit
1874 2778 3094 2833 Doktor nach Lanzarote mitgenommen. Da hätten Sie wohl
660 2794 1860 2840 Abendessen, am zweiten — alles übrige! Das hatte sie wohl
163 2802 646 2875 zieren fahren, am Forst¬
1869 2825 3100 2877 Ihre Freude daran gehabt, Herr Direktor. Aber daraus
654 2836 1853 2903 schon etliche Male mitgemacht. Aber daß die Geschichte gleich
182 2848 641 2907 Du sollst sie kennen
1872 2856 3086 2920 wird nichts. Ich komme Gott sei Dank so allein, wie ich abge¬
658 2879 1862 2933 am nächsten Tage von neuem anfing, das ging denn doch
177 2872 642 2943 Hier erlaube ich mir,
1876 2904 3099 2958 reist bin, wenn ich überhaupt komme, was noch nicht ausge¬
651 2924 1855 2977 über den Spaß! Die Elende, um derentwillen er ein Wesen
169 2920 656 2984 ulein Sabine! Keine so
1883 2958 3097 3006 macht ist. Keineswegs aber werde ich Ihrem geschätzten Be¬
653 2969 1857 3014 wie Sabine verloren hatte. Davonspaziert mit Schals und
164 2968 634 3025 aber dafür auch keine so
1872 2977 3092 3042 fehle nach schon am 27. Oktober eintreffen, selbst, wenn es
657 3011 1861 3061 Hüten und Kleidern und Schmuck und macht sich am Ende
158 3012 645 3079 licht so keusch, aber süß!
1883 3037 3093 3085 noch möglich wäre! Vorher werde ich nach Berlin, möglicher¬
655 3048 1868 3097 noch lustig mit irgendeinem jungen Kerl über den alten
1869 3078 3098 3132 weise auch nach Paris fahren und mich einmal ordentlich
655 3091 1865 3149 Narren aus Portugal ... So jagten seine Gedanken, und in
165 3070 639 3156 hin. Und je weiter der
1883 3126 3086 3178 amüsieren, so wie ich mich noch nie amüsiert habe. Und er
653 3148 1865 3188 absichtlicher Selbstquälerei lehnte er die Möglichkeit harm¬
173 3136 646 3198 um so heißer stieg die
1864 3161 3089 3221 träumte sich in übelberichtigte Lokale mit wilden Tänzen von
655 3175 1863 3237 loserer Gründe für Katharinens Nichterscheinen innerlich ab.
158 3183 651 3240 por, und wurde bald zu
1869 3202 3089 3254 halbnackten Weibern, plante ungeheuerliche Orgien als eine
651 3217 1863 3269 Was also beginnen? Sich ruhig nach Hause trollen und die
157 3220 646 3274 daß er die Geliebte bald,
1876 3249 3084 3304 Art dämonischer Rache an dem erbärmlichen Geschlecht, das
652 3258 1858 3311 Sache auf sich beruhen lassen, das wäre gewiß das Vernünf¬
158 3265 654 3313 pieder in seinen Armen
1871 3284 3088 3346 so tückisch und treulos an ihm gehandelt, Rache an Katharina,
654 3308 1866 3356 tigste gewesen; aber so viel Selbstüberwindung brachte er
159 3308 646 3362 machen würde, wenn sie
1869 3329 2498 3394 an Sabine und an Friederike.
660 3351 1859 3407 nicht auf. So entschloß er sich denn, den Weg nach der Vor¬
153 3349 639 3411 n der Wilhelmstraße er¬
1929 3363 3081 3418 Indes war er unversehens vor Katharinens Wohnhaus
655 3392 1861 3441 stadt einzuschlagen, um vor allem einmal in der Nähe ihres
161 3387 642 3448 ng sein. Und eine an¬
1875 3414 3079 3464 angelangt. Ein unfreundlicher Wind hatte sich erhoben und
662 3428 1859 3486 Hauses Aufstellung zu nehmen und zu warten. Es würde
161 3426 659 3491 n Philister war er nicht.
1871 3463 3081 3512 fegte den Staub durch die armselige Gasse. Da und dort
663 3466 1864 3525 sich ja bald zeigen, mit wem sie angerückt käme, es sei denn,
162 3470 651 3526 sch, glücklich zu sein, und
1864 3492 3091 3545 würden eilig Fenster geschlossen. Gräsler sah auf die Uhr. Es
664 3508 1859 3568 sie hätte sich etwa bei dem neuen Liebhaber gleich häuslich
170 3517 654 3581 so herzlich, so unbedenk¬
1872 3543 3091 3599 war noch lange nicht acht. Wie viele und was für Stunden
977 3554 1858 3606 Aber das war nicht zu befürchten. Es fand
659 3552 987 3617 eingerichtet ...
170 3559 637 3612 oten wurde, wie von
1871 3585 3071 3638 standen ihm nun bevor. Es konnte zehn Uhr werden, auch elf,
656 3592 1859 3648 sich nicht bald wieder ein Narr, solch ein Geschöpf als Haus¬
175 3594 657 3659 t war es doch, daß er
1876 3628 3079 3686 zwölf, auch morgen früh, bis das Fräulein nach Hause kam.
660 3635 1862 3693 genossin bei sich aufzunehmen, solch ein abgefeimtes, schwatz¬
160 3643 653 3714 Nun erst wußte er, daß
655 3654 1874 3732 haftes, ungebildetes, verlogenes Ding. Er verachtete sie un¬
167 3685 482 3762 id keine andere.
2287 3670 2914 3762 (Fortsetzung folgt.) „ 30
