3436 4256
1251 166 1677 240 Badearzt
830 168 1213 247 raesler
1780 166 2194 263 box 4/6
251 175 773 279 29. Doktor
456 195 1787 278 Suhter Grausier Suaaarzt
633 788 1013 942 Nr. 94.
427 918 1241 1002 Mittwoch, den 21. Februar 1917.
1511 807 3022 1020 Berliner Tageblatt.
3174 942 3347 1019 Druck
3035 991 3190 1079 M
2999 1009 3058 1078 100
1638 1059 3347 1132 u drm Vermert Krunk: Der Einsender dieser Nollz rugte, daß eine Höhe von 324 Mete
382 1071 1643 1130 genügt, seine Gläubiger durch sein verschwenderisches
1640 1094 2875 1141 den erkrankten Empfängern die Pakete nicht nachgesandt würden und
2874 1113 3350 1175 hoch) und für die ganze
390 1111 1633 1174 Leben zu schädigen, sondern auch durch die Befriedigung seiner
1643 1136 2874 1198 bezeichnete die Art der Zustellung an den Absender mit dem Vermerk
388 1153 1645 1208 Eitelkeit. Als er schon völlig bankrott war, habe er noch
2870 1150 3361 1220 aneinandergereihten Kart#
1637 1178 2872 1238 „Empfänger krank“ als „barbarisch lieblos". Dazu erfahren wir von
396 1184 1647 1247 12000 Mark für einen Orden der „Großmacht“ Montenegro
2868 1187 3355 1258 [meter in der Woche
398 1228 1644 1288 und für einen serbischen und einen japanischen Orden
1634 1218 2873 1288 maßgebender Seite: Jeder Truppenteil erhält zwar über die Auf¬
2867 1242 3344 1300 für Groß=Berlin
393 1265 1643 1325 gleichfalls eine größere Summe verschwendet. Schiffmann sei ein
1636 1266 2879 1328 nahme seiner Angehörigen in ein Lazarett möglichst bald eine Be¬
2875 1277 3348 1353 Das ist mehr als der E
401 1298 1640 1353 Schädling auf dem Hypothekenmarkt gewesen, er
1631 1308 2881 1371 nachrichtigung, doch wird immerhin in besonderen Fällen, z. B. wäh¬
2864 1322 3176 1384 meter beträgt.
1043 1339 1645 1401 R.=A. Dr. Kurt Alexan¬
395 1334 963 1410 sei gemeingefährlich.
1628 1352 2885 1418 rend des Bewegungskrieges in Rumänien, eine gewisse Zeit vergehen,
2920 1348 3364 1426 Das Gewicht der Kar
383 1375 1637 1437 der erklärt, daß das Gutachten die den Sachverständigen
1637 1395 2875 1453 bis er über den Verbleib des Einzelnen unterrichtet ist. Der Auf¬
2872 1396 3353 1466 auf rund 100 Zentner, fü
391 1411 1638 1476 gezogenen Grenzen doch überschritten habe und sich als ein
1635 1440 2877 1514 enthaltsort des Erkrankten wechselt häufig infolge norwendig werden¬
2875 1435 3345 1505 20000 Zentner oder 100
392 1452 1638 1513 Urteil und Plaidoyer zur Schuldfrage darstelle. Der Verteidiger
1638 1479 2881 1540 der Verlegungen aus einem Lazarett in ein anderes (Feld-, Kriegs¬
2874 1494 3359 1553 wendete Papiermenge en
399 1496 1641 1558 sucht die Kritik des Sachverständigen durch eine große Reihe von
1642 1529 2884 1588 Etappen= und schließlich Heimatlazarett). Die Verbindung zwischen
2865 1529 3361 1600 durch Beschneiden nur ge
395 1534 1341 1604 Fragen zugunsten des Angeklagten zu entkräften.
1640 1573 2875 1632 dem Erkrankten und dem Truppenteil geht dadurch zeitweise verloren.
2918 1569 3354 1640 Da die einzelnen Ab
1645 1614 2887 1676 Will man die Pakete nicht ins Ungewisse nachleiten, bleibt nur übrig,
2874 1622 3362 1696 Kontrolle auf dem Umw
448 1604 1639 1674 Eine Versammlung des Verbandes Groß=Berlin wird
1634 1662 2887 1731 sie an den Absender zurückzusenden, falls er nicht auf das Paket zu¬
2866 1659 3350 1736 wieder zurückströmen, so
400 1666 1635 1733 von dem Vorsitzenden Oberbürgermeister Wermuth auf Montag,
980 1723 1182 1798 ST
1641 1779 2866 1847 von dem kleinen Balkon aus, der zu der Privatwohnung des
2871 1785 3352 1857 mit dem Doktor wie si
1637 1818 2884 1890 Direktors gehörte die Augen über den Garten und weiter
2868 1829 3355 1899 allee, die vom Haus zu
389 1798 1643 1928 Doktor Gräsler, Badearzt
2879 1886 3349 1946 Sie hatte allerlei klug
1646 1871 2882 1929 hinaus über das freundliche Tal bis zu den gelind aufstreben¬
1641 1919 2884 1978 den und etwas umnebelten Hügeln schweifen ließ, an deren
2873 1928 3354 1987 alten Gebäudes bereit
899 1913 1143 2002 Erzählung
1635 1952 2885 2023 Rand er das Forsthaus ahnte, da fühlte er sich plötzlich von
2868 1961 3334 2030 sich mit dieser Frage
961 1986 1094 2041 von
1228 1960 1624 2048 [Nachdruck verboten.]
428 1966 766 2055 19. Fortsetzung.]
1629 1992 2883 2058 einer so heißen Sehnsucht nach Sabinen erfaßt, daß er sein
2879 2002 3356 2070 erläßlich hielt sie übri
767 2021 1258 2102 Arthur Schnitzler.
1646 2041 2889 2118 Gefühl für sie zum ersten Male mit völliger Sicherheit als
2876 2048 3356 2111 wirklichen Dame wie
1634 2093 2887 2149 Liebe erkannte und es wie ein wunderbares Ziel vor sich sah,
2874 2082 3351 2147 walterin, denn offenba
459 2083 1643 2139 Und als nun diesmal ungewöhnlich früh und mit be¬
2876 2142 3352 2197 gewissermaßen gesellsch
398 2127 2884 2196 sonderer Macht der Herbst einbrach, die meisten Kurgäste vor bald mit Sabinen eng umfaßt auf der gleichen Stelle zu stehen
1643 2180 2878 2238 und ihr den ganzen Besitz erneut und verschönt als seiner
2882 2178 3359 2245 Laufe der letzten Jahre
396 2179 1643 2239 der Zeit entflohen und für Dr. Gräsler alle Stunden, die
2710 2219 2883 2282 legen.
2883 2224 3283 2291 Wort gesprochen —
1643 2216 2651 2282 Gefährtin und Frau gleichsam zu Füßen
396 2222 1646 2284 er nicht im Forsthause verbringen durfte, leer und verödet
1631 2254 2884 2313 Er bedurfte einiger Selbstbeherrschung, um sich scheinbar un¬
2870 2266 3322 2324 Herzen —, an das er
390 2276 1644 2328 waren, da überkam ihn eine solche Angst davor, sein einsames,
1639 2308 2882 2362 schlüssig von Direktor Frank zu verabschieden der übrigens
2873 2304 3353 2371 glaubte er sich dazu bei
389 2296 1647 2361 sinn= und hoffnungsloses Wanderleben von neuem zu be¬
1649 2352 2884 2411 diese Haltung höchst gleichgültig aufnahm. Im Forsthause
2874 2345 3352 2409 daran verhindern wo
400 2342 1643 2410 ginnen, daß er sich manchmal geradezu für entschlossen hielt,
2871 2387 3351 2450 machen Sie am besten
1640 2390 2882 2450 desselben Abends hielt er es für richtig, von seinem Besuch in
393 2394 1650 2455 in aller Form um Sabine anzuhalten. Doch statt geradeaus
2879 2441 3352 2494 Stelle sogar eine Reise
1639 2433 2885 2481 der Anstalt keine Erwähnung zu tun; doch schon am nächsten
387 2440 1644 2501 eine Frage an sie selbst zu richten, wozu er den Mut nicht
2879 2477 3349 2542 für diesen wichtigen P
1641 2478 2880 2533 Tage nahm er den Baumeister Adelmann, seinen täglichen
399 2482 1652 2540 aufzubringen vermochte, kam er auf den Einfall, als wäre
1641 2510 2888 2579 Tischgenossen aus dem „Silbernen Löwen“, mit sich in das
2872 2516 3360 2586 eine ganze Menge Zeit
401 2523 1654 2579 dies eine Art, sich beim Schicksal Rats zu erholen, Umfrage
1644 2556 2882 2614 Sanatoriun zu fachmännischer Aeußerung. Es erwies sich,
2882 2552 3358 2622 fast schon alle fort, n
1077 2554 1645 2625 .. Frank, von der Sabine
395 2571 1100 2627 zu halten, ob die Heilanstalt des
1648 2591 2883 2669 daß wenige eingreifende und kostspielige Veränderungen
2865 2589 3364 2680 denn eigentlich abzurei
403 2606 1653 2665 neulich zum zweitenmal flüchtig gesprochen hatte, ernstlich,
1652 2643 2887 2716 notwendig waren, als Dr. Gräsler gefürchtet hatte, ja der
399 2650 1656 2712 und zu welchen Bedingungen sie zum Verkaufe stünde. Als
2942 2653 3338 2715 „In — vier bis fi
1646 2689 2885 2744 Baumeister wollte jede Verantwortung dafür übernehmen,
394 2686 1648 2745 nichts Bestimmtes zu erfahren war, suchte er den Besitzer auf,
2867 2680 3336 2749 natürlich nach Hause,
1646 2715 2878 2788 daß sich die Anstalt am ersten Mai nächsten Jahres wie neu
402 2729 1641 2788 der ihm persönlich bekannt war fand den verdrossenen alten
2889 2730 3358 2799 Schwester hat kein Test
1633 2767 2876 2837 präsentieren würde. Dr. Gräsler spielte weiter den Zögern¬
404 2778 1647 2833 Mann mit schmutzigem, weißem Leinenanzug, eher einem bäue¬
2878 2772 3366 2846 sein, so schreibt mir au
1637 2816 2890 2879 den und entfernte sich mit dem Baumeister, der nun, unter
401 2805 1647 2874 rischen Sonderling als einem Arzte ähnlich, eine Pfeise
2886 2814 3359 2879 schiedenes an Ort und
1648 2860 2886 2930 vier Augen, ihm mit noch größerer Entschiedenheit zu dem
391 2855 1644 2916 rauchend, auf einer weißen Bank vor dem Sanatorium sitzend,
2878 2854 3362 2930 aber will ich die Ans
1647 2896 2237 2977 vorteilhaften Kaufe zuredete.
390 2903 1648 2971 und fragte ihn gerade heraus, was es denn eigentlich mit
2881 2910 3361 2970 sichtigen. Eine endgüll
1699 2934 2879 3000 Am selben Abend noch, der heute wieder einmal von wahr¬
405 2949 1648 3022 jenen Gerüchten auf sich hätte. Es zeigte sich, daß auch
2880 2931 3360 3004 treffen können, ehe ich
1641 2980 2884 3046 haft sommerlicher Wärme war, mit Sabine und ihren Eltern
399 2979 1646 3040 Direktor Frank nur beiläufig da und dort seine Absicht ver¬
2873 2989 3361 3051 sprochen habe.“ Sor#
1651 3026 2886 3092 auf der Veranda des Forsthauses sitzend, begann er wie bei¬
405 3034 1647 3089 raten und anscheinend auch seinerseits irgend etwas wie einen
2871 3034 3358 3096 her, vorsichtig und ung
1636 3077 2882 3134 läufig von seiner Unterredung mit Dr. Frank zu erzählen,
405 3077 1644 3136 Schicksalswink erwartet hätte. Jedenfalls war er durchaus
2874 3066 3362 3133 zufrieden mit sich selbst
1648 3118 2879 3169 die er als eine zufällige darstellte, indem er nämlich mit dem
398 3114 1644 3169 gesonnen, seinen Besitz je eher je lieber loszuschlagen, da er
2870 3120 3354 3180 heit und Bestimmtheit
1639 3145 2881 3216 Baumeister eben am Tor der Anstalt vorbeigegangen wäre,
400 3163 1650 3218 die paar Jahre, die ihm noch beschieden wären, in möglichster
2867 3148 3348 3223 standen hätten. Da#
1641 3183 2877 3253 als der Besitzer heraustrat Herr Schleheim, dem die Kauf¬
396 3190 1649 3256 Entfernung von wirklichen und eingebildeten Kranken zu ver¬
2868 3197 3348 3260 es für das Klügste sich
1647 3231 2875 3296 bedingungen höchst günstig schienen, riet geradezu, Dr. Gräsler
398 3243 1652 3295 bringen und sich von den hunderttausend Lügen zu erholen
2876 3234 3359 3297 besuches zu verabschie
1641 3291 2876 3347 sollte schon für heuer auf die Winterpraxis im Süben ver¬
391 3284 1652 3343 wünschte, zu denen ihn sein Beruf zeitlebens gezwungen hätte.
2874 3284 3365 3352 eine Weile gefaßt, führ
1647 3321 2886 3380 sichten, um eine so wichtige Angelegenheit gleich hier an Ort
2880 3328 3357 3387 und drückte einen lan
403 3317 1649 3379 Sie können's auf sich nehmen,“ saate er, Sie sind noch
1642 3366 2880 3423 und Stelle weiter zu betreiben. Davon aber wollte Dr. Gräßler
404 3359 1650 3436 jung" was Di. Gräsler zu einer melancholisch abwehrenden
2888 3368 3372 3423 schehen; und als er au
2884 3411 3357 3476 Mienen befriedigter, ja
1643 3413 2882 3469 durchaus nichts wissen. Er könne seine Verbindlichkeiten in
405 3416 1648 3471 Handbewegung veranlaßte. Er besichtigte die Anstalt in allen
406 3440 1652 3510 ihren Räumen, fand sie aber zu seinem Bedauern noch vernach¬
2874 3438 3354 3514 nun nichts mehr sprech
1635 3456 2885 3519 Lanzenicht so ohne weiteres lösen, und wenn er die Sache
2879 3491 3359 3557 den Wagen zog den P#
408 3493 1647 3550 lässigter und verfallene:, als er gefürchtet hatte. Auch machten
1657 3492 2885 3562 hier einem tüchtigen Manne, wie es der Baumeister doch sei,
2879 3528 3341 3594 Und als er sich umsah,
399 3534 1660 3596 die wenigen Patienten, denen er im Garten, auf den Gängen und
1640 3524 2883 3594 überließe, dürfe er sich wohl beruhigt fortbegeben. Nun erbot
2865 3567 3364 3644 Lichtschein, regungslos.
403 3583 1646 3645 im Inhalationssaal begegnete auf ihn keineswegs den Ein¬
1640 3572 2879 3640 sich Sabine in ihrer einfachen Art während Gräslers Ab¬
2866 3614 3361 3682 wohin, in die Nacht. in
394 3613 1648 3673 druck zufriedener oder hoffnungsvoller Menschen; ja es
1646 3620 2889 3679 wesenheit die Arbeiten zu überwachen und ihm regelmäßig
394 3667 3359 3741 war ihm, als läge in den Blicken mit dem sie ihren Arzt über deren Fortgang Bericht zu erstatten. Die Eltern begaben in der er ihr allmähli
404 3712 2904 3786 grüßten, Mißtrauen und Feindseligkeit. Aber als Gräsler sich bald, wie auf Verabredung, ins Haus, und Sabine ging!
