3436 4256
501 174 1221 247 Doktor Graesler
1258 171 1627 243 Badearz
1732 170 2220 276 box 4/8
255 181 1698 286 29. bonter Gassten, Badcuizt
2353 798 2877 945 1. Beiblatt.
2147 922 3094 997 Druck und Verlag von Rudolf Mosse in Berlin.
528 821 2017 1027 Berliner Tageblatt.
1204 1008 3080 1074 Aeen vessereregane Pn er ichr ertne nit sonstigen Gegenständen des Kriegbedars und des täglichen De.
166 1052 645 1114 s Staarszanwalts hirein¬
655 1063 1848 1122 nur maßgebend sein, welche Strafe sie verdient hat. Sie war
1844 1064 3084 1116 darfs wegen Unzuverlässigkeit in bezug auf diesen Handelsbetrieb
160 1088 635 1167 des Anklägers aus den
657 1103 1851 1166 zweifellos ausgesetzt einem unheilvollen Einflusse, sie kam in die
1850 1107 3094 1173 untersagt worden. — Für die diesjährige Kohlenversorgung ist eine
164 1132 627 1196 gt hatte. Mit derselben
1841 1140 3092 1195 Erhebung des Kohlenverbrauchs der wichtigeren Industrie¬
670 1148 1852 1206 Hände dieses firupellosen, vor nichts zurückschreckenden Menschen
169 1174 628 1243 ßer den Ausführungen
1852 1180 3092 1234 zweige erforderlich. Zu diesem Zweck hat die Handels¬
660 1192 1843 1246 und leider hatte sie nicht den genügenden Halt an ihrem Ehemann.
1839 1209 3094 1271 kammer zu Berlin an die Interessenten ihres Bezirks Fragebogen
165 1219 639 1292 zusetzen habe, gab er auch
657 1229 1851 1290 Dieser hat es nicht für nötig befunden, sie aus dieser Atmosphäre
1845 1251 3092 1306 versandt, die vom Bureau der Handelskammer, Dorotheenstraße 3,
167 1262 630 1323 ge des Vorsitzenden die
657 1273 1854 1327 heraus und zu sich heran zu ziehen. Beides wurde ihr zum Ver¬
1836 1294 3087 1348 ausgegeben werden. — An der Ecke der Schönhauser Allee
153 1307 634 1370 ießung vorbehalte. Wäh¬
653 1316 1839 1374 hängnis. Beides ist in hohem Grade strafmildernd berücksichtigt.
1855 1324 3088 1390 und der Stolpischen Straße stürzte gestern die Näherin Friedrike
167 1339 641 1404 fmaß unterhielt sich übri¬
665 1354 1844 1414 Andererseits ist sie Schiffmanns Gehilfin gewesen und ist nicht zu¬
1850 1362 3097 1420 Weirich aus der Stolpischen Straße 3 von einem Straßenbahn¬
167 1388 638 1459 lls lächelnden Vertretern
663 1397 1845 1445 rückgeschreckt vor seinem skrupellosen Verhalten. Sie hat jahre¬
1841 1401 3099 1456 wagen der Linie 57, den sie während der Fahrt besteigen wollte.
164 1428 642 1506 er auf den schlimmsten
663 1439 1842 1498 lang sein Verhalten unterstützt und deshalb hat sie das Gericht
1845 1438 3096 1490 Sie geriet unter den Anhängewagen, wobei ihr der rechte Fuß
161 1469 632 1537 Etzt die Hoffnung aufrecht
1843 1484 3090 1541 abgefahren wurde. — Das erbeutete französische
649 1481 1845 1539 zu 1 Jahr 6 Monaten Gefängnis verurteilt, wovon
170 1525 630 1577 hebung des Urteils, das
661 1523 1840 1577 5 Monate auf die Untersuchungshaft angerechnet worden sind.
1850 1529 3097 1611 bruar mitgeteilt worden ist auf dem westlichen Kriegsschauplatz ab¬
161 1548 631 1636 das Reichsgericht herbei¬
676 1570 1851 1627 Zum Schluß dankte der Vorsitzende den Geschworenen namens
1846 1592 3093 1647 geschossen worden ist, wird in den nächsten Tagen auf der deutschen
625 1607 1847 1675 der Justizverwaltung für ihre aufopfernde Tätigkeit. Namens der
1839 1631 3094 1675 Luftkriegsbeuteausstellung gezeigt werden. — Der von
624 1655 1850 1708 Geschworenen stattete der Obmann, Kommerzienrat Jacob, dem
1842 1665 3090 1726 der Helferinnen= und Hilfsschwesternabteilung des Zentralkomitees
161 1674 628 1770 geben wir noch folgende
623 1686 1849 1745 Vorsitzenden den Dank der Geschworenen für die Verhandlungs¬
1843 1698 3083 1757 vom Roten Kreus in der Aula der Auguste=Viktoria=Schule, Nürn¬
1846 1740 3097 1812 berger Straße 63, veranstaltete Fortbildungsvortrag des Herrn
620 1738 1853 1810 leitung ab, denn nur durch seine tatkräftige Leitung sei es möglich
839 1788 1051 1863 Munsreeicren
2271 1777 3088 1869 M n
619 1853 1859 1922 Kost und Quartier sollst du auch zufrieden sein.“ Und mit
1846 1862 3076 1941 sollte, war später um so befriedigter, ihn em#fangen zu haben,
624 1891 1853 1960 einem plötzlichen Entschluß stand er auf, reichte Katharina den
1848 1889 3085 1958 als der Rechtsanwalt der anmutigen Gefährtin seines
169 1864 618 2016 Badearzi
620 1947 1857 2008 Arm, geleitete sie in das Zimmer seiner verstorbenen
1852 1951 3096 2005 Freundes alle erdenkliche Höflichkeit erwies, sie als gnädige
619 1994 1849 2048 Schwester, schaltete die Deckenlampe ein, so daß durch den
1842 1989 3093 2065 Frau anredete, und nach flüchtiger Behandlung der geschäft¬
1846 2037 3100 2088 lichen Angelegenheit, die ihn heraufgeführt, mit einem leichten
632 2024 1854 2092 freundlichen Raum ein rötlich linder Schimmer floß, und mit
210 2047 602 2142 Nachdruck verboten.)
620 2071 1845 2127 vornehmer Gebärde bot er der Geliebten alles, was ihr Blick
1854 2061 3083 2141 Kuß auf Katharinens Hand weltmännisch kühl sich empfahl.
614 2116 1854 2180 hier umfassen mochte, gleichsam als Geschenk dar. Katharina
1850 2122 3094 2191 Gräsler aber war danach von einer gesteigerten Zärtlichkeit
625 2156 1861 2222 blieb ganz stumm, endlich schüttelte sie ernsthaft den Kopf.
1856 2161 3089 2237 für Katharina erfüllt, die sich wie als Hausfrau auch gesell¬
620 2196 1856 2246 „Willst du nicht?“ fragte Gräsler zärtlich. — „Es ist doch nicht
1848 2203 2759 2277 schaftlich so vollkommen zu bewähren wußte.
618 2242 1865 2300 möglich,“ erwiderte sie leise. — „Weshalb? Es ist sehr wohl
174 2222 624 2305 Gräsler seine kleine
2987 2264 3086 2348 110
2381 2259 2555 2350 X1
623 2281 1863 2347 möglich.“ Und als hätte er nichts weiter als eine aber¬
155 2279 625 2344 arlach indes mit Ent¬
621 2326 1868 2400 gläubische Regung in ihr zu bekämpfen, erklärte er: „Alles
169 2327 632 2393 aus seiner Wohnung
1898 2323 3080 2392 Seine kleine Patientin besuchte Dr. Gräsler jeden Morgen,
622 2381 1852 2428 das ist ganz neu, sogar die Tapeten. Früher sah es lange
164 2375 627 2434 kher Abendstunde und,
1848 2363 3084 2433 worauf er mit Rücksicht auf eine mögliche Gefährdung von Ka¬
163 2404 623 2477 kleinen Koffer wieder.
621 2412 1851 2492 nicht so freundlich aus.“ Und etwas zögernd fügte er hinzu:
1850 2424 3090 2485 tharinens Gesundheit, einen halbstündigen Spaziergang vor¬
154 2459 625 2514 acht erwähnt, daß ihr
624 2441 1423 2521 „Es hat wohl alles so kommen müssen.“
1470 2447 1846 2515 „Sag' das nicht,“
1839 2470 3090 2520 zunehmen pflegte. Der Fall, der so bedrohlich eingesetzt, nahm
630 2496 1852 2551 erwiderte sie wie erschreckt. Dann blickte sie sich rings im
180 2495 625 2553 wovon sie in diesem
179 2535 635 2600 keinen Gebrauch ge¬
625 2537 1847 2611 Zimmer um, ihre Züge erhellten sich und sie streifte wie prü¬
1853 2529 3085 2613 volle Erregung der ersten Tage geschwunden war, zeigte sich
154 2568 625 2646 nUmarmungen, hatte
617 2578 1860 2640 send über den buntgeblumten Waschstoff des Lehnstuhls, der
1852 2583 3081 2644 Frau Sommer als eine sehr umgängliche, heitere ja plauder¬
159 2613 607 2683 tsreise eingeladen; —
625 2625 1858 2671 an das Bett gerückt war. Dann fiel ihr Auge auf die lichten
1852 2624 3084 2692 hafte Dame: und ob es nun als Zufall oder Absicht gedeutet
156 2666 634 2727 heiteren Worten ent¬
1846 2677 3083 2735 werden mochte, keinesfalls achtete sie besonders darauf, ob der
155 2704 629 2771 Alst, können wir gleich
615 2653 1862 2755 Fälsche Kaungarnituer und geichsisene Glaphldlen schen
1854 2713 3079 2771 Morgenrock in dem sie den Arzt ihres Kindes empfing, über
158 2741 625 2812 hm etwas gegen diese
632 2733 1847 2800 ließen. Während sie so versunken dastand, verließ Gräsler
1849 2760 3085 2815 Hals und Brust so sorgfältig geschlossen war, als es der stren¬
157 2779 627 2853 Ein Besitz zu ergreifen,
1847 2797 3084 2852 gere Anstand vielleicht erfordert hätte. Sie versäumte nie,
625 2795 1854 2893 rasch das Fimmer, um nach ein dar Sstunden mit hrem
161 2819 639 2888 siche Verpflichtung hin¬
1847 2846 3080 2900 sich nach dem Befinden von Gräslers „kleiner Freundin“ zu
163 2875 630 2936 ten Tage in der Stadt
626 2877 1855 2928 leicht zusammen, lächelte halb ungläubig, er nickte ihr zu, sie
1847 2874 3098 2933 erkundigen, wie sie Katharina gerne nannte, fragte ihn, ob er
626 2913 1851 2968 schüttelte den Kopf. — dann, wie endlich bezwungen, breitete
164 2920 635 2980 cht sonderlich betrübt,
1858 2928 3087 2972 seinen Schatz nach Afrika mitzunehmen gedenke, — sie hatte
623 2956 1863 3016 sie die Arme nach ihm aus; er stellte das Kofferchen hin, und
169 2962 624 3022 machte ihn auf ihre
1845 2959 3082 3015 sich nun einmal zu dieser ihr geläufigen Bezeichnung für Gräs¬
622 3005 1772 3061 mit gerührtem Stolz schloß er die Geliebte an seine Brust.
163 2998 633 3066 merksam, erzählte von
1846 3001 3086 3066 lers Winterziel entschlossen — oder ob dort schon eine andere
687 3048 1862 3099 Es wurde eine wunderschöne Zeit wie er sie auch in seiner
168 3034 641 3107 r mit neuer Ware von
1848 3054 3073 3112 Schöne, eine Schwarze vielleicht, in Sehnsucht seiner harre —;
620 3078 1856 3132 Jugend kaum jemals erlebt hatte. Sie hielten sich wie glück¬
159 3076 633 3153 ging dabei im Zimmer
1845 3082 3089 3151 und endlich wollte sie ihm durchaus eine Tüté mit Schökoladen¬
634 3116 1841 3184 liche Neuvermählte beinahe den ganzen Tag in ihren behag¬
1851 3133 3080 3188 plätzchen als Geschenk für Katharina aufdrängen, was er aber
166 3116 632 3195 ie Reihen und brachte
625 3163 1851 3236 lichen vier Wänden, sorgsam bedient von der Buchdruckers¬
1844 3162 3092 3230 mit Rücksicht auf die Ansteckungsgefahr abzulehnen für richtig
183 3173 632 3235 Gräsler am Fenster
169 3214 632 3276 hrt ihrem Treiben zu¬
622 3207 1859 3261 gattin, die sich mit einer hierorts immerhin nicht gewöhn¬
1858 3217 3091 3271 fand. Andererseits ließ es Kathärina an Bemerkungen über
161 3243 632 3313 das trübfelig und wie
1856 3244 3089 3310 die Witwe nicht fehlen, die, wenn auch ein spöttischer Beiklang
625 3253 1847 3307 lichen Sachlage um so gelassener abfand, als Dr. Gräsler
1863 3288 3085 3367 durch eifersüchtige Regungen mitveranlaßt sein mochte, nach
625 3300 1854 3359 indes ihren unbescheidenen Wunsch erfüllt und sie aus der
160 3287 630 3360 und ein leises Mitleid
1858 3331 3087 3404 Gräslers eigenem Eindruck nicht gänzlich unberechtigt schienen.
166 3332 640 3406 wieder damit abziehen
629 3325 1855 3397 Garderobe seiner verstorbenen Schwester reichlich genug be¬
1856 3370 3089 3440 Der Ruf von Frau Sommer war auch zu Lebzeiten des Gatten,
183 3386 639 3446 in diesem Sinne zu
629 3378 1854 3436 schenkt hatte. In den Abendstunden pflegte das junge Paar.
1853 3421 3090 3484 der als Geschäftsreisender sich nur selten im ehelichen Heim
177 3422 645 3488 Schreibtischsessel, und
631 3419 1871 3480 Arm in Arm, zärtlich aneinandergeschmiegt, in stilleren
1840 3453 3088 3526 aufhielt, nicht der allerbeste gewesen; ihr kleines Mädchen
167 3454 641 3531 Hals geschlungen, ihm
633 3470 1862 3522 Gassen sich zu ergehen, und einmal, in einer sonnigen Früh¬
1855 3513 3077 3568 hatte sie schon in die Ehe mitgebracht und es war zweifelhaft
163 3499 634 3575 s denn eben eine Reise
636 3506 1866 3563 nachmittagsstunde, fuhren sie im offenen Wagen ins Freie,
1850 3539 3079 3611 ob der Gatte zugleich der Vater des Kindes wäre. Dies alles
153 3541 634 3612 infach hier in meinem
626 3539 1855 3605 gänzlich unbekümmert darum, daß man etwa Katharinens
1851 3588 3091 3646 wurde Katharinen von der Buchdruckersfrau zugetragen, mit
634 3578 1849 3647 Angehörigen begegnen könnte, die das junge Mädchen bei einer
168 3580 627 3658 ch wohl nicht möglich
1858 3632 3098 3689 der sie in den spärlichen Stunden, da Doktor Gräsler vom
629 3625 1855 3702 Freundin auf dem Land vermuteten. Eines Tages, als sie
159 3629 637 3694 kum nicht? Ist's hier
167 3680 3096 3738 Fenster nach den fernen eben noch bei Tische saßen, erschien Böhlinger, und Dr.] Hause abwesend war, mehr und jedenfalls vertrauter sich zu
169 3731 3079 3795 fügte er hinzu: „Mit! Gräsler, nach anfänglichem Bedenken, ob er ihn vorlassen unterhalten liebte, als diesem angenehm war. (Forts. folgt.)
