3484 4224
1260 180 1660 255 Badearzt
1805 177 2209 267 box 4/9
476 184 1195 253 Doktor Graesler
269 186 1669 294 29 —  . . ene en eneneneten Srene enlte sch .
928 656 1764 754 tere Mittheilungen Wien.
934 756 1189 865 Jee
983 888 1766 980 Schnißser Ariur, Doktes-Gräsler. Bade¬
1080 947 1563 1003 arzi. Erzählung. K 7.04.
1044 980 1764 1059 Dieler Doktor Gräller ist unverkennbar
1008 1028 1768 1091 ein naher Geistes= und Seelenverwandter
1010 1068 1760 1139 des rühmlichst bekannten Anatol. Unbe¬
1026 1105 1760 1169 schadet der dichterischen Vorzüge, die
1026 1144 1757 1214 Schnitzler selbstverständlich auch hier in
1015 1182 1759 1264 #gewohntem Mahe bekundet, wird aber
1061 1250 2554 1334 jeden, der nicht eine ähnliche ... Kaninchen= „befreit“ und kann zum Gegenstande leiner
1063 1283 1804 1341 natur besitzt wie dieser Herr Doktor Gräfter:
1816 1301 2553 1371 „Sehnsucht“ eilen. Er tut es und wird, wie
1057 1319 1799 1386 das Der geschilderte Sexual- und das hieraus
1807 1348 2557 1414 vorauszusehen, abgewiesen. Hierüber gerät
1051 1357 1800 1421 entlpringende und hierdurch bedingte Seelen¬
1811 1382 2545 1445 er in einen so edelmännischen Zorn, daß
1051 1404 1802 1459 leben, wenn nicht abstoßen, lo doch be¬
1811 1417 2555 1485 er lich vornimmt, mit seiner Geliebten vor
1060 1439 1801 1497 fremden, so sehr es ihn auch rein literarisch
1808 1463 2546 1532 die Augen der „reinen Seele“ zu treten;
1060 1481 1792 1538 felseln mag. Doktor Gräller ist schon ein
1802 1495 2550 1563 doch zu dieser edien mannesherrlichen Rache
1052 1514 1793 1580 alternder-Manng ats er ein Mädchen kennen
1809 1532 2553 1606 kommt es nicht: die Geliebte, zu der er
1056 1553 1781 1618 lernt, das eine „reine Seele“ ist, wie der
1806 1572 2540 1639 in seinem zornesmutigen Seelenschmerz un¬
1054 1576 1792 1655 Dichter sagt. Er „liebt“ sie vom ersten
1808 1611 2543 1684 verweilt zurückkehrt, erkrankt an Scharlach.
1047 1628 1789 1694 Augenblick an; doch der wankelmütige
1798 1654 2534 1725 den er ihr, ein scharlachkrankes Kind be¬
1053 1667 1793 1730 unentschlossene und an Weibererfahrungen
1799 1692 2542 1763 handelnd, unzweifelhaft zugebracht hatte,
1043 1707 1789 1773 reiche Mann (er war Schiffsarzt) kann lich
1800 1734 2532 1796 und stirbt. Seine Verzweiflung hierüber,
1043 1748 1785 1814 zu keiner ehrlichen offenen Erklärung auf¬
1800 1774 2529 1829 die uns eindringlich geschildert wird, ist
1047 1791 1776 1848 raffen. Er wird hieran von leiner Schwäche
1801 1808 2550 1881 lo groß, daß er in kurzer Zeit darauf
1046 1815 1776 1890 und noch mehr von den Zweifeln behindert,
1800 1855 2533 1916 eine „hübsche appetitliche Witwe“ — die
1048 1862 1784 1931 die in jenen „Erfahrungen“ wurzeln.“ Die
1796 1887 2532 1955 Mutter jenes von ihm behandelten und
1052 1901 1778 1968 „reine Seele“ wirkt lich ihm sozulagen an
1795 1926 2530 1995 geretteten Kindes — heiratet! Er geht mit ihr
1036 1941 1778 2009 den Hals — brieflich. Nun hätte der Mann
1798 1968 2534 2040 in das Seebad, wo er alljährlich beruflich
1031 1987 1776 2042 das so heißersehnte „Glück“; doch jetzt kann
1791 2006 2527 2076 zu tun hat und dortselbst sehen wir in dem
1033 2013 1781 2078 er sich nicht entschließen. Er gibt dem offen¬
1790 2043 2536 2112 Heteldirektor den — künftigen Geliebten
1041 2065 1767 2122 herzigen Mädchen gleichfalls schriftliche Ant¬
1782 2089 2530 2153 der Frau Sommer, „die übrigens seit dem
1031 2102 1770 2164 wort, die bloß aufschiebend wirken soll, in
1787 2127 2519 2190 Tage ihrer Abreise Frau Gräfler hieß“ (lo
1029 2136 1767 2201 Wirklichkeit aber den Stolz des Mädchens so
1777 2168 2536 2236 teilt uns der Dichter die Heirat mit) diskret
1039 2182 1767 2243 arg verletzen muß, daß lie für ihn verloren ist.
1788 2208 2522 2271 angedeutet .... Man sieht: ein „Beld“
1035 2213 1772 2287 Früher als beschlossen, verläßt er fluchtartig
1781 2238 2524 2306 ist dieler Romanheld nicht. Wenn es dem
1025 2249 1765 2323 den Ort, wo ihm sein „Glück“ hätte erblühen
1778 2272 2554 2350 Dichter darum ging. uns einen jammervollen...
1022 2289 1759 2357 können. Am Tage der Ankunft in seiner
1785 2319 2526 2392 Schwächling zu zeichnen, der das gänze
1025 2324 1767 2401 Vaterstadt, also einen Cag nach der schmerz¬
1780 2360 2514 2430 Lebentrot leiner höheren Bildung nur
1029 2369 1762 2439 lich enlundenen Crennung von der „reinen
1786 2400 2522 2465 unter dem tierisch niederen Schwinkel des
1029 2413 1769 2475 Seele uter zufällig eine Ladnerin kennen
1783 2435 2519 2506 Sexuellen betrachten kann — dann ist ihm
1019 2442 1767 2511 (ein nach dem Dorden versetztes echtes
1783 2479 2512 2538 das glänzend gelungen. Mit fühlen aber
1028 2477 1766 2552 Wiener lüßes Mädel) und knüpft mit ihr
1771 2515 2512 2574 kann man mit solch einem uns wesens¬
1014 2517 1758 2594 trotz der „Liebe“ zu jener anderen, flott
1774 2550 2514 2622 fremden „Mann“ gewiß nicht. Nicht einmal
1017 2571 1752 2634 ein Liebesverhältnis an. gewissermaßen.
1766 2587 2512 2652 unser Wit leid erweckt er. Wir können nur
1025 2617 1760 2673 um sich selbst den Beweis zu liefern, kein
1764 2627 2543 2707 die altbewährte Kunft Schnitzlers, faulige—
1030 2652 1761 2710 „Philister“ zu sein. In den Armen der
1767 2670 2516 2740 Menschen zu gestalten, rückhaltslos äner¬
1019 2682 1751 2752 Geliebten aber geht seine heiße Sehnsucht
1772 2708 2513 2774 kennen, ihm neuerlich das Zeugnis unter¬
1014 2729 1756 2791 „unentwegt“ der „reinen Seele“ zu, er
1764 2755 2519 2816 schreiben, daß er seine Probleme restlos
1009 2761 2529 2863 kommt ihr sogar „immer näher“. In edler und schonungslos ausschöpft und im übrigenz
1010 2794 1757 2870 Freigebigkeit beschenkt er die Geliebte mit
1763 2825 2526 2914 kühl bis ans Herz, zur Cagesordnung über¬
1016 2835 1745 2909 Kleidern und Schmucksachen seiner Schwester.
1764 2864 1896 2925 gehen.
1017 2880 1754 2949 über die wir zu Eingang der Erzählung
2257 2883 2472 2957 S
1008 2913 1758 2988 erfahren, daß sie lich erhängte. Sie hinterließ
1775 2938 1822 3015 0
1017 2962 1756 3025 unter anderem einen Pack Briefe in einem
1007 2991 1759 3071 versiegelten Umschlag, auf dem zu lesen
1011 3043 1751 3106 stand: „Dach meinem Code uneröffnet zu
1010 3076 1758 3144 verbrennen.“ Der pietätvolle Bruder aber
1010 3113 1754 3185 öffnete die Briefe dennoch, liest sie und
1009 3153 1756 3214 erfährt, daß keine scheinbar so littenstrenge
1008 3185 1749 3250 Schwester eine „Verworfene“ war. Nicht
1006 3237 1748 3294 viel fehlte und er hätte in seinem Schmerz
1747 3258 1785 3295 1
994 3263 1737 3341 die Briefe auch der Geliebten lesen lassen,
1001 3308 1744 3377 von der er sich ehestens wieder trennen
996 3346 1744 3408 muß, um der „reinen Seele“ zuzueilen.
995 3378 1740 3455 Zu feig zu einer offenen Verabschiedung.
999 3421 1746 3489 will er auch hier heimlich fliehen; doch das
999 3474 1747 3527 einfache Mädchen durchschaut ihn und geht
998 3508 1744 3573 freiwillig. Dun ist der „Mann“ endlich
