3436 4256
-11 1167 50 1254 15
1268 166 1676 244 Badearzt
265 171 1211 272 29. Doktor Graesler
480 193 2230 291 bokterGrdesten, Laueuize box 4/8
2370 797 2892 959 1. Beiblatt.
2153 937 3110 1030 Druck und Verlag von Rudolf Mosse in Berlin.
518 825 2015 1032 Berliner Tagehlatt.
1470 1043 3141 1130 Wnne ien eeghrin Prnine mneisten (hnden mupdenstande, die sichwerant Aantungen vorwarts zu
496 1065 1875 1152 — # f100 Maet zur Austhrung von Ariegelieserungen erschnitdelt gu
1881 1100 2918 1172 bewegen, obgleich idrei und vierspännig gefahren wurde.
655 1127 1889 1204 haben Diesen Betrag hat sie aber für sich und ffür ihre Mutter
1910 1147 3125 1205 Die Berliner Stwaßenreinigungg stand dem Schneefall
650 1174 1880 1243 zum Leben=unterhalt erbraucht. Im Februar 1916 unternahm sie im
181 1156 638 1247 Schuhmaren.
1883 1195 3134 1250 ziemlich hilflos gegenüber. Die Schneepflüge haben nur wenig, freie
660 1220 1875 1274 Auftrage von großen Berliner Damenkonfektionshäusern mehrere
1882 1233 3127 1288 Bahn schaffen können. Hilfsbrüfte scheinen mur in ganz beschränkter
180 1235 653 1295 eichsbekleidungsstelle vom
658 1258 1870 1316 Reisen nach Konstantinopel, um dort eine Konfektionsausstellung zu
1876 1269 3138 1331 Anzahl vorhanden zu sein, und Soldaten hat man bisher noch nicht mit
172 1284 660 1337 917 eine Bestands¬
651 1301 1877 1352 veranstalten. Die Firmen sind ebenfalls um einige tausend Mark ge¬
1873 1312 3139 1380 Schippe und Besen tätig gesohen. In Charl###nburg arbeiten in den
184 1312 665 1388 die ganz ader zum Teil
664 1347 1883 1410 schädigt. Weihnachten 1916 verreiste sie mach Wien, vermutlich um
1879 1345 3138 1413 Hauptstraßen Gefangene. Heute sollen die Jungmannen und Schüler
181 1372 654 1414 n, Filz oder filzartigen
650 1376 1833 1454 ssich Rat zu schaffen, und hinterließ 30 090 Mark Verbindlichkeiten.
1858 1390 3128 1461 nach Möglichkeit hherangezogen werden. Koffetlich wird auch der
185 1403 662 1470 ie Anzeigepflicht erstreckt,
697 1420 1880 1505 Eine Trauerseior für den verstorbenen Geheimen Regierungs¬
1883 1434 3138 1499 Aufruf des Oberkommandos, in dem um freiwillige Hilfe zux Reinigung
173 1443 657 1506 tenden Meidekarten her¬
662 1479 1874 1526 rat Professor Dr. Oskar Ulbrich fand gestern nachmittag in der
1870 1471 3144 1554 der Fahrdämme ersucht wird, seine Früchte tragen, damit der Verkehr
175 1489 655 1552 Erk (einschließlich Schaft¬
661 1511 1880 1569 Kgpelle des Kaiser=Wilhelm=Gedächtniskirchhofes am Fürstenbrunner
1879 1532 3069 1584 sich möglich schnell wieder in geregelten Bahnen abwickeln kann.
175 1528 659 1594 ferk. 8. anderes Leder¬
651 1545 1881 1602 Weg statt. In der Trauerversammlung sah man u. a. mehrere Mit¬
1913 1568 3135 1626 Der starke Schneefall hatte auch zahlreishe Alarmienungen
173 1571 658 1635 4 genannt), 4. Straßen¬
650 1576 1876 1638 glieder der Wisser schaftlichen Prüfungskommission
1879 1599 3131 1667 der Feuerwehren Groß=Berlinszzur Folge. In den meisten
182 1603 663 1677 Tanzschuhe, Gesellschafts¬
647 1610 1884 1681 für die Kandidaten des höheren Schulamts und Vertreter des Lehrer¬
1873 1647 3125 1710 Fällen handelte es sich um die Beseitigung von Verkehrshinder¬
183 1657 664 1726 ntoffeln, 7. Sandalen,
649 1658 1879 1716 kollegins vom Dorotheenstädti schem Realgymmassimm,
1875 1693 3134 1771 missisem und ium Aufrichtung gestürtter Pferde. Die Berliner Un¬
658 1692 1885 1761 dessen Dirsktar der Verstorbene viele Jahre hindurch gewaten ist
171 1686 662 1768 nicht unter 6 genannt),
652 1753 759 1820 8
1601 1806 1882 1871 Und er war
630 1801 1602 1885 einen Bezug auf seine Schwester haben könnte.
1880 1817 3128 1872 hatte ssrhicken müssen, und amwillkür lich stellte er sich die Frage,
615 1845 1885 1937 schon nahe daran zu glauben, daß diese Briefe an jemanden
1882 1870 3134 1921 ob nicht die vielerfahrene, liebesdurstige Frau, als ddie sich
182 1864 633 1963 Davearzt
646 1905 1883 1965 andern, vielleicht an eine Freundin Friederikens. gerichtet und
1872 1906 3134 1967 seine scheinbar so tugendstill gewesene Schwester vor ihm nun
648 1939 1900 2015 dieser nur zur Aufbewahrung übergeben worden waren bis
1879 1938 3141 2004 #ntschleierte, jenem armen jungen Mansthen gin, allzu frühes
651 1970 1888 2046 ihm eine der Schriften plötzlich bekannt vorkam, und bald,
1884 1993 3129 2048 Ende bereitet hatte. Aber wenn aush brüderliche Beschämung,
253 1997 647 2096 [Nachdruck verboten.]
663 2012 1882 2081 auch nach anderen Anzeichen, kein Zweifel mehr übrig blieb,
1880 2034 3135 2097 daß sie ihn des Vertrauens so wenig würdig, daß sie ihntwohl
663 2056 1882 2128 daß sie von Böhlinger herrührten. Mun entwirrten sich bald
1873 2068 3129 2133 auch, wie andere. für einen Philisten gehalten: — wenn auch ein
179 2068 283 2144 er.
647 2110 1884 2163 die ineinander geflochtenen Fäden des sonderbaren Rumans.
1878 2106 3133 2176 verspäteter Groll, daß er den Leuten sso flächerlich erschienen
180 2139 661 2209 dem Lehnstuhl, ganz
658 2157 1877 2208 und es wurde Gräsler klar, daß seine Schwester vor mehr als
1883 2160 3131 2215 sein mochte, wie ein betrogener Ejemann, iihm das Bild der
213 2182 668 2260 mit goldgesticktem.
656 2202 1893 2265 zwanzig Jahren, also schon als ziemlich weises Mädchen, mit
1875 2203 3131 2263 Verstorbenen anfangs verzernen swollte, aam Ende ng
180 2212 501 2299 afrock, den
662 2218 1896 2298 Böhlinger im geheimen verlobt gewesen war, daß dieser mit
1881 2242 3129 2307 doch all dies ein Gefuhl der Befriedigung, daß
172 2258 668 2336 ierte Romanlieferung
652 2276 1889 2330 Rücksicht auf irgendeine früher vorgefallene Herzensgeschichte
1878 2295 3129 2352 ihr Leben nicht versäumt hatte, daß er ssellsst von jeder
176 2314 667 2369 lesen pflegte, und war
668 2326 1884 2374 Friederikens die Heirat hinausgezögert, daß Friederike ihn
1882 2339 3126 2386 Verantwortung ihr gegenüher sich Frei enkennon durfte uund
194 2356 664 2419 sie gerührt, vermied
651 2364 1881 2424 dann mit irgend jemandem aus Ungaduld, Lanne oder Rache
1875 2376 3134 2434 daß sie, wie mum Mur zutage lag, au einem Dusin geschidon
181 2389 672 2457 n Arbeitszimmer, setzte
659 2390 1885 2458 betrogen und daß sie endlich eine Versöhnung angestrebt,
1889 2423 3123 2480 war, das ihr die Freuden, die sie wahrlich lange genug ge¬
192 2451 654 2507 halb gedankenlos mit
660 2449 1886 2502 welche Versuche Böhlinger nur mit Ausbrüchen des Hohns
1878 2461 3141 2519 nossen, nicht mehr bieten wollte. Und als er die Briefe noch
188 2483 665 2553 n umschlangen, bis die
661 2484 1888 2535 und der Verachtung beantwortet hatte. Der Ton seiner letzten
1880 2498 3136 2556 einmal betrachtete, den einen oder anderen in die Hand nahm,
167 2517 671 2597 e die Achseln. Warum
664 2535 1887 2589 Briefe war jeder Mäßigung, ja jedes Anstands so bar, daß
1882 2553 3134 2608 da und dort etliche Zeilen wieder lus, dämmerte ihm auf.
182 2573 1885 2625 an eine persönliche Un¬ Eräsler nicht recht begreifen konnte, wie sich allmählich doch
1879 2586 3138 2648 daß durchaus nicht alles, was er nun erfahren, für ihn so
183 2613 1890 2675 ite es wider mein Er= wieder eine leidliche Beziehung, am Ende sogar eine Art von
1884 2638 3136 2689 neu und rätselhaft gewesen war, als es ihm zrft geschienen.
172 2647 682 2717 enkens Seele die nun
666 2656 1864 2715 Freundschaft, zwischen den beiden hatte entwickeln können ##s
1889 2677 3130 2728 Mancherlei, so zum Veispiel eine kleine Geschichte, die sich vor
196 2693 1892 2755 s übel nehmen. Allzu war mehr Spannung als Stai nen, was Gräsler während des
1886 2723 3131 2770 vielen Jahren am Genser See zwischen Friedenike und einem
167 2733 673 2803 ahl nicht enthalten sein.
670 2732 1890 2805 Lesens empfunden hatte, und so forschte er denn nur in ge¬
1887 2748 3132 2816 französischen Kapitän angesponnen, und auf die eines der eben
675 2784 1883 2834 steigerter Neugier, ohne tiefere Erschütterung, was für Ge¬
173 2778 672 2846 tet, und was nun vor
1892 2801 3133 2848 gelesenen Billets hinwies, hatte er seinerzeit entstehen gesehen,
185 2817 662 2890 geschichtet, und einzelne
660 2824 1893 2883 cheimnisse aus Friederikens Leben ihm die nächsten Blätter ver¬
1892 2832 3126 2911 freilich ahne ihrer Bedeutung inne zu werden oder ahne sich
659 2873 1886 2921 raten würden. Es blieben nicht mehr viele übrig, doch da die
179 2854 671 2934 t im ganzen, wie bald
1885 2892 3133 2938 berechtigt zu fühlen, die Selbstbestimmung einer mehr als
177 2904 672 2962 Der erste, den Gräsler
672 2907 1826 2962 Handschriften nun sehr rasch zu wechseln beganven, so dur
1878 2903 3122 2984 Dreißigjährigen anzutasten; und daß zwischen Friederike und
179 2955 673 3017 und von einem jungen
667 2934 1883 3001 Gräsler vermuten, daß Friederike immer nur einzelne Proben
1883 2967 3121 3025 Böhlinger schon in längst entschwundener Kinderzeit eine ernste
163 2993 665 3051 men Robert trug und
659 2989 1892 3061 zur Aufbewahrung ausgewählt hatte. Da lagen vorerst ein
1884 3013 3118 3075 Neigung sich ankündigte, war ihm ebensowenig verborgen ge¬
177 3034 672 3101 derike in sehr zärtlichen
665 3051 1892 3095 paar Briefe, die nichts enthielten als Buchstaben und Zahlen,
1881 3050 3125 3119 blieben, wenn ihm auch deren weitere Entwicklung notwendig
672 3080 1888 3135 offenbar Zeichen geheimer Verständigung. Nun gab es eine
179 3081 667 3156 ß erkennen, daß dieser
1887 3094 3110 3153 entgehen mußte. Und so war es wohl möglich, daß die sonder¬
671 3123 1879 3175 Pause von Jahren, dann erschienen Briefe aus der Zeit, da
191 3120 672 3197 hatte, doch konnte
1888 3137 3125 3198 baren Blicke, die Friederike in den letzten Jahren manchmal
666 3146 1886 3219 Friederike sich mit dem Bruder zusammengetan hatte, auch
181 3156 680 3232 sinnen, wer es ge¬
1893 3183 3130 3245 auf ihm hatte ruhen lassen, nicht, wie er früher gefürchtet,
666 3202 1886 3259 französische, englische waren darunter und zwei in einer ver¬
172 3204 678 3265 hl ein Dutzend Briefe
1881 3232 3125 3290 Klage und Vorwurf, sondern daß sie vielmehr eine Bitte um
665 3244 1891 3302 mutlich slawischen Sprache, von der er gar nicht gewußt hatte,
175 3240 678 3318 anzen recht unschuldiges
1889 3275 3119 3327 Verzeihung bedeuteten weil sie, all ihr Fühlen und Erleben
672 3295 1888 3339 daß sie seiner Schwester bekannt war. Es gab Briefe, die war¬
177 3281 676 3355 derlich fesselte. Es folg¬
1892 3316 3129 3375 vor ihm verschließend, als eine Fremde neben ihm einher¬
663 3322 1893 3388 ben, andere, die dankten, es gab achtungsvoll=vorsichtige und
161 3324 670 3404 räsler als Schiffsarzt in
1883 3354 3131 3422 gegangen war. Aber auch er hatte von mancherlei, was er in
676 3374 1888 3430 höchst unzweideutige; in einem oder dem anderen Falle tauchte
162 3384 672 3431 lle zwei Jahre auf kurze
666 3383 3130 3460 vor Gräsler die verblaßte Erscheinung irgendeines seiner! all der Zeit erlebt und durchfühlt, und was sich in solchen un¬
173 3408 671 3489 ch wechselten hier ver¬
1888 3434 3118 3507 gelesen zu verbrennenden Briefen wahrscheinlich nicht minder
672 3448 1899 3520 Patienten auf, dem er wohl selbst, ein ahnungsloser Kuppler,
173 3459 675 3521 und Gräsler vermochte
1879 3486 3113 3552 bedenklich ausgenommen hätte als Friederikens Herzensaben¬
674 3498 1893 3556 die Bekanntschaft mit Friederike vermittelt haben mochte. Der
174 3502 677 3561 ll diese leidenschaftlichen
1881 3524 3118 3586 teuer, ihr gerade nur das Harmloseste erzählt, und so glaubte
672 3541 1881 3594 letzte Brief aber, glühend, wirr und voll Todesahnungen, ließ
174 3541 677 3602 ungen auf schöne Stun¬
1881 3569 3115 3627 er sich nicht berechtigt, ihr eine geschwisterlich keusche Ver¬
674 3581 1893 3642 keinen Zweifel übrig, daß ihn der brustkranke neunzehnjährige
178 3576 673 3663 ungen, unkläre Drohun¬
184 3608 3132 3688 eigentlich zu bedeuten! züngling geschrieben, den Gräsler vor zehn Jahren etwa als schwiegenheit nachzutragen, die er selbst so sorgfältig zu hüten
2648 3654 3104 3734 (Fortsetzung folgt.)
182 3664 2198 3736 elegenheit überhaupt für einen beinahe Sterbenden aus dem Süden nach der Heimat! gewußt hatte.
