3436 4256
813 226 1199 299 Graesler
1239 226 1666 300 Badearzt
239 222 741 321 29. Doktor
1788 224 2183 332 box 4/7
458 260 1676 318 DertenEadebrer adbuue
697 825 1136 989 Nr. 105.
501 976 1331 1069 Dienstag, den 27. Februar 1917.
1606 849 3104 1070 Berliner Tageblatt.
2940 1058 3262 1152 e
491 1079 2974 1175 „kir unter Verrezung der besrehenden Vorschristen eingelauft haben. Bodestraße 2 9/30 in Neutöln gesunden. Die 17jährige Ea
2985 1120 3331 1198 Der gestrige Be
1716 1145 2955 1212 Fischer, die Tochter des Werkmeisters Fischer, war Anfang Januar
2953 1158 3335 1231 vollständig mit de
523 1183 1727 1247 Kriegsminister v. Stein empfing eine Abordnung aus
1723 1188 2952 1247 in ein Kinematographentheater in einer Zeit gegangen, in der sie
2946 1204 3331 1274 Messerschmidt
483 1214 1723 1291 Ditfurt, wo sein Großvater Arzt, sein Vater Oberprediger war.
1728 1232 2949 1284 die Wohnung für ihren verwitweten Vater in Ordnung bringen
2947 1237 3336 1312 machte. Der Staats
492 1258 1732 1329 Die Abordnung, die von dem Amtsvorsteher Sperling geführt
1725 1267 2957 1332 sollte. Als Fischer nach Hause zurückkehrte und die Tochter nicht
2953 1297 3334 1351 dung der Treug¬
481 1303 1727 1358 wurde, überbrachte die Urkunde über die Benennung des Gemeinde¬
1726 1313 2955 1367 vorfand, schickte er seiner 13jährigen Sohn Hans in das Theater,
2961 1336 3328 1400 gesamten Vermögen
481 1352 1720 1417 parks als General=von=Stein=Park, sowie ein Oelbild
1725 1350 2951 1417 um die Schwester nach Hause zu holen. Beide Kinder kamen jedoch
2952 1377 3330 1441 kurses zu erwerben.
484 1386 933 1457 der Ditfurter Kirche.
1728 1400 2946 1462 nicht in die Wohnung ihres Vaters zurück. Alle Ermittelungen
2944 1424 3332 1488 Zugriff det Gläubig
1720 1443 2956 1498 nach ihnen blieben erfolglos. Gestern wurde die Leiche des
540 1432 1719 1499 Der brandenburgische Provinzislandtag trat gestern
2943 1454 3325 1525 zu verfügen. Die
1724 1490 2946 1543 Knaben aus dem Teltowkanal gelandet. Es wird ange¬
483 1474 1722 1541 nachmittag 2 Uhr im Landeshause unter dem Vorsitz des Grafen
2949 1502 3341 1585 ging, lassen schon er
1726 1525 2965 1578 nommen, daß die beiden Geschwister aus Furcht vor Strafe gemein¬
484 1520 1730 1592 Arnim=Boitzenbieg zu seiner ersten geschäftlichen Vollversammlung
1721 1569 2608 1637 sam den Tod im Teltowkanal gesucht haben.
486 1578 1725 1621 zusammen. Den Hauptgegenstand der Verhandlung bildete die Er¬
488 1604 1727 1666 höhung der Mittel für die Kriegshilfskasse und die
1765 1625 2962 1677 Die neue Regelung der Bierpreise für die Brauereien, über
2946 1601 3335 1680 darstellt. Schiffman
484 1651 1737 1716 Einrichtung einer besonderen Schifferfürsorge. Den Bericht
1723 1645 2962 1729 die wir berichteten, wird keinen Einfluß auf den Vierpreis
2946 1672 3335 1726 trotz seiner Zahlwi
477 1686 1727 1750 des Sonderausschusses über diese Vorlagen, die wir bereits mitge¬
1720 1711 2966 1754 in den Gastwirtschaften haben. Der mit 31 Mark für den Hekto¬
2947 1703 3337 1770 zu beseitigen, die s
475 1734 1725 1787 teilt haben, erstattete Oberbürgermeister Vosberg (Potsdam). Das
1718 1748 2965 1809 liter festgesetzte Großhandelspreis ist bereits seit langer Zeit für
2946 1755 3334 1810 reichlich ausgen###t.
486 1780 1725 1840 Kapital der brandenburgischen Kriegshilfskasse soll von 6 auf
1730 1792 2956 1846 Groß=Berlin geltend und hat in Groß=Berlin die Preise weder
2954 1793 3329 1850 beiseite geschafft, son
480 1818 1723 1892 8 Millionen Mark erhöht werden und hiervon 500000 Mark für
1719 1824 2951 1902 im Ausschank noch beim Verkauf von Flaschenbier beeinflußt. Die
2948 1827 3340 1904 seinen Pelz im Wer
2476 1890 2809 1968 W
3216 1885 3279 1970 Wn
3071 1888 3182 1968 W
1734 1950 2956 2021 Schlusse seiner Auseinandersetzungen zu verstehen gab. Aber
2943 1948 3342 2034 verschwiegen hatt
1727 1988 2952 2063 gerade durch diese Eröffnung ward sich der Doktor bewußt,
2954 2005 3315 2064 der Stodt, Frau
476 1939 1719 2081 Doktor Gräsler, Badearzt
1723 2038 2955 2096 daß für ihn noch lange nicht die Zeit der Ruhe gekommen, ja,
2951 2043 3340 2105 Verdacht geworfen
988 2068 1222 2152 Erzählung
1725 2084 2953 2134 daß ihm sogar ein heftiger Trieb zu Tätigkeit eingeboren
2946 2086 3328 2144 ie tadelloser Ruf
1719 2131 2951 2188 wäre; und dies mit Lebhaftigkeit ver###ernd stand er nicht
2946 2127 3327 2190 für die Welt sich
1083 2134 1183 2194 pon
494 2117 861 2212 14 Fortsetzung.]
1313 2121 1705 2206 (Nachdruck verboten.]
1724 2161 2949 2222 länger an, dem alten Freund von der Heilanstalt zu be¬
2947 2167 3329 2234 gich gewesen, das
846 2172 1348 2257 Arthur Schnitzler.
1735 2213 2953 2267 richten, über deren Ankauf er kurz vor Verlassen des Bade¬
2949 2201 3338 2268 seiner Mitbürgeri
542 2232 1721 2313 Der erste Mensch, den er sprach, war der weißbärtige
1720 2252 2956 2310 städtchens in aussichtsvolle Unterhandlungen eingetreten sei.
2946 2251 3335 2317 hinzielende Verbi#
546 2294 1725 2353 akhändler in dem Laden wo er sich mit Zigarren ver¬
1722 2290 2951 2352 Der Rechtsanwalt hörte aufmerksam zu, ließ sich über manche
2947 2298 3335 2361 schätzter Rechtsan
572 2321 1727 2405 #e; als jener ihm sein Beileid zu dem Tode der Schwester
1726 2340 2955 2392 Einzelheiten nähere Aufklärung geben, schien anfangs den
2947 2338 3336 2400 heit sehr bedachte
603 2367 1730 2420 vaos weitschweifiger Weise aussprach, wußte Gräsler
1727 2383 2949 2443 Absichten des Doktors nicht ohne Beifall gegenüberzustehen,
2941 2375 3330 2447 holten kurzen und
492 2408 1735 2486 kaum, was er erwidern sollte, und er fürchtete sich beinahe,
1725 2427 2950 2482 zögerte aber am Ende doch, den Freund ernstlich zu einem
2956 2427 3263 2482 fahrungen zu
489 2463 1728 2515 noch anderen Bekannten begegnen und die gleichen nichts¬
1721 2467 2950 2509 Unternehmen anzueifern das, abgesehen von ärztlicher Ge¬
2945 2466 3334 2530 ung vom weibl ##
488 2505 1735 2567 sagenden Worte anhören zu müssen. Aber der Nächste, den er
1726 2500 2951 2560 schicklichkeit und gewandten Verkehrsformen, die er ihm na¬
2945 2508 3323 2564 wäre es von
2940 2542 3335 2606 Namen in dieses
486 2549 1722 2602 traf, erkannte ihn nicht, und an einem Dritten, der Miene
1717 2535 2960 2609 türlich in weitestem Ausmaß zugestehen wolle, eine gewisse
485 2586 1727 2661 machte, stehen zu bleiben, ging er selbst mit eiligem, fast un¬
1723 2577 2948 2644 ordnende und geschäftlich. Begabung erforderte, von deren
2939 2579 3342 2652 da er das anmuti
474 2631 1021 2698 höflichem Gruß vorüber.
2938 2606 3341 2691 an den Hals gew
1718 2624 2953 2677 Vorhandensein er bisher keine ausreichenden Proben ab¬
1719 2679 2947 2734 gelegt habe. Dr. Gräsler, der diese Einwendung mußte
2940 2659 3328 2730 schon für immer
543 2661 1729 2731 Nach dem Mittagessen, das er in einem ihm wohlbekannten
1717 2706 2949 2766 gelten lassen, fragte sich, ob es nicht geraten wäre, nun von
2944 2706 3333 2774 ließ sich Gräsler i
474 2718 1724 2781 alten, nunmehr aber allzu prunkvoll neu hergerichteten Gast¬
1723 2753 2948 2813 Fräulein Schleheim zu sprechen die ja diesem Teil der ihm
2938 2755 3340 2821 kunftspläne lieber
489 2763 1721 2813 hof einnahm, begab er sich zu Böhlinger, der, von seinem
1722 2796 2951 2853 vielleicht bevorstehenden Aufgabe durchaus gewachsen wäre.
2943 2801 3342 2861 er für alle Fälle
479 2795 1718 2862 Eintreffen in der Stadt schon unterrichtet, ihn mit freundlicher
2945 2839 3341 2905 abzuwarten geson
1725 2843 2940 2906 Aber der alte Junggeselle, der ihm hier gegenübersaß, wäre
490 2839 1722 2897 Gelassenheit begrüßte und nach einigen teilnahmsvollen
484 2886 1723 2939 Worten Näheres über den Tod Friederikens zu erfahren
1719 2884 2947 2955 wohl der letzte gewesen, für eine Herzensgeschichte so be¬
2944 2883 3326 2941 freund, nicht so he
2943 2915 3339 2987 suche am Burggra
1723 2923 2948 2983 sonderer Art das richtige Verständnis aufzubringen. Allzu
472 2927 1725 2991 wünschte. Dr. Gräsler berichtete dem Jugendfreund mit ge¬
2946 2967 3335 3024 auch noch für sein
479 2969 1718 3023 dämpfter Stimme und gesenktem Blick den traurigen Fall,
1729 2970 2950 3027 gut kannte Gräsler Böhlingers Eigenheit, sich über die
1732 3008 2950 3065 Frauen bei jeder Gelegenheit in wegwerfender, ja zynischer
2940 2997 3339 3065 Tapeziererarbeiten
479 3008 1721 3071 und als er wieder aufsah, war er etwas verwundert, sich
2947 3051 3336 3110 bescheiden ab; doch
486 3051 1725 3111 einem ältlichen beleibten Herrn gegenüber zu sehen, dessen
1716 3039 2944 3106 Weise auszulassen und er hätte es nicht über sich gebracht,
2948 3071 3330 3148 wieder zu betreten
477 3092 1723 3146 bartloses Gesicht, das er immer noch als ein jugendliches im
1718 3080 2953 3147 eine leichtferlige Bemerkung über Sabine ruhig hinzunehmen.
2938 3119 3333 3197 leider an allzu fer
490 3129 1726 3195 Gedächtnis bewahrt hatte sich recht fahl und verwittert aus¬
1727 3125 2945 3191 Aus dem Erlebnis, durch das er zu einem solchen Weiber¬
2945 3177 3329 3236 einander die Hän
485 3168 1724 3231 nahm. Böhlinger zeigte sich zuerst sehr bewegt, schwieg lange,
1721 3176 2939 3224 verächter geworden, hatte Böhlinger dem Jugendfreund
2945 3204 3323 3277 Rechtsanwaltes sch
477 3205 1727 3272 endlich zuckte er die Achseln und wandte sich seinem Schreib¬
1716 3212 2948 3267 seinerzeit kein Geheimnis gemacht. Auf einer Redoute hier
2948 3239 3340 3318 jetzt verspürte Gr
472 3259 1722 3322 tisch zu, als wollte er ausdrücken, daß den Ueberlebenden auch
1725 3246 2939 3308 in der Stadt, wo ein Mal jedes Jahr die bürgerliche Gesell¬
2941 3291 3333 3359 ganzen Tag verge
1728 3302 2946 3359 schaft sich mit der Welt des Theaters, aber auch mit sittlich
481 3297 1723 3346 einem so beklagenswerten Ereignis gegenüber nichts anderes
2942 3328 3331 3402 Nachgeschmack dies
476 3337 1715 3396 übrig bleibe, als sich den Forderungen des Tages entschlossen
1720 3343 2948 3392 noch bedenklicheren Elementen zu begegnen pflegte, hatte Böh¬
2994 3370 3327 3445 Eine Minute d4
481 3383 1720 3446 zuzuwenden. Dann öffnete er eine Lade, entnaym ihr eine
1716 3386 2955 3439 linger, im Fluge gleichsam, die vollkommene Gunst einer
2935 3412 3327 3491 quälenden Gefühl
480 3419 1719 3491 Aktenmappe und machte sich daran, unter Vorweis des Testa¬
1720 3422 2948 3490 Dame gewonnen, der niemand auch in den phantastischesten
2933 3460 3332 3522 aufgeheitert, und
477 3470 1723 3523 ments sowie anderer wichtiger Papiere die Erbschaftsange¬
1716 3473 2952 3526 Träumen solche Verwegenheit und solchen Leichtsinn zuge¬
2948 3512 3326 3571 Gräsler spazierte
473 3502 1723 3562 legenheit in ausführlicher Weise zu behandeln. Da die Ver¬
1719 3514 2944 3567 traut hätte. Sie selbst die auch im letzten Rausch die Maske
2934 3550 3326 3614 Auslagen stehen
474 3560 1723 3612 storbene erheblichere Ersparnisse hinterlassen hatte, als
1718 3551 2947 3603 nicht fallen ließ, hatte sich damals und so für alle Zeit für un¬
2936 3588 3335 3652 nun auch in sein
486 3586 1714 3654 Gräsler vermutete, und er der einzige Erbe war, lag die
1718 3592 2950 3656 erkannt gehalten: durch einen merkwürdigen Zufall aber war
2934 3622 3326 3687 überall deutlich an
486 3625 1715 3687 Sache so, daß er von nun ab, ohne seine Praxis weiter aus¬
1723 3637 2941 3694 es Böhlinger nicht verborgen geblieben, wer in jener Nacht
489 3664 1728 3732 zuüben, einfach von seinen Renten bescheiden, doch immerhin
1721 3671 3338 3728 die seine geworden war. Da er dem Freunde wohl das Herrenmodegeschäf
480 3724 3336 3791 behaglich hätte leben können, was ihm der Rechtsambalt zumi Abenteuer erzählt, den Namen der Geliebten aber dauernd! Hut zu kaufen ged
