3484 4256
1301 44 1780 138 Aseherhen
997 81 1772 177 llicht mühsam in Eins verwobene
978 128 1788 220 Menge von Begebenheiten, sondern bei
979 174 1767 280 aller Lebendigkeit des Einzelnen doch
976 217 1766 310 ein „Ganzes“, mit Auftakt, allmäh¬
981 255 1760 350 lichem Beginn, Höhepunkten, Aus¬
963 294 1755 392 klang; und nicht nur entschleiertes Le¬
960 338 1757 443 ben, sondern höchst „unterhaltende" Er¬
964 393 1753 485 zählung sogar für den, der über die
967 438 1743 529 Tiefen hinwegliest. Keyerlings neueste
957 484 1748 585 Erzählung heißt „Fürstinnen" und
1769 519 2543 584 mit Menschen und Sitten, so „elegant“
977 531 1504 599 schildert das Leven #.
1778 576 2552 638 werden diese Atelier= und sonstigen Be¬
965 567 1751 651 deutschen Hof (Verlag S. Fischer, Ber¬
1774 629 2550 679 gebenheiten doch nur selten erzählt.
969 633 1756 682 lin). Man darf daneben Arthur
1769 661 2568 721 Und bei einer bedeutsamen Wendung
984 681 1752 721 Schnitzlers Erzählung „Doktor
1775 697 2559 766 der Geschichte findet Holm plötzlich in¬
980 712 1754 775 Gräsker, Bedearzt“ (derselbe Verlag)
1776 750 2562 800 nigere, ja ergreifende. Töne; tiefere Er¬
977 759 1764 816 nennen, obwohl sie weniger Ansprüche
1780 792 2563 860 lebnisse, ernst und schön dargestellt, be¬
983 810 1757 859 erhebi, nur ein Junggesellenleben, ein
1780 831 2568 896 herrschen nun eine Zeitlang die Erzäh¬
976 855 1758 906 Leben ohne Kraft und Ziel, ein Leben
1778 878 2565 938 lung, und selbst der etwas gezwungene
974 899 1756 958 ohne Erlebnisgewalt darstellr. Aber
1772 924 2570 987 Schluß zersetzt nicht die nachdenkliche,
977 941 1763 999 Schnitzler hat eine kaum minder feine
1778 968 2566 1030 verinnerlichte Stimmung, die einmal
985 978 1758 1036 Hand als Keyserling, blickt gewiß nicht
1783 1015 2567 1072 hervorgebracht ist. Das Buch heißt
986 1022 1758 1081 weniger tief, ist gewiß kein minder geist¬
1779 1058 2573 1114 „Herz ist Trumpf“, und dieser Hinweis
978 1070 1758 1122 reicher Unterhalter, kein minder über¬
1782 1100 2560 1158 auf den eigentlichen Sinn dieser erst
983 1111 1773 1170 legener Novellist. Von ihm mag man
1776 1142 2576 1208 so „amüsanten“, stets ganz unaufdring¬
977 1167 1767 1216 sich die Geschichte eines Lebenslaufs ge¬
1783 1189 2571 1247 lichen, plötzlich fast erschütternden Er¬
975 1196 1761 1253 fallen (ja: „gefallen“!) lassen, der, von
1782 1245 2436 1301 zählung ist gerechtfertigt genug.
987 1246 1771 1300 anderen erzählt, langweilig sein würde.
1847 1263 2570 1336 Aus dem friesischen Norddeutschland
1036 1287 1769 1344 Von vornherein auf Belustigung des
1785 1315 2561 1383 stammt und dorthin weist Gustav
983 1327 1769 1390 Lesers angelegt ist Ludwig Thomas
1774 1356 2578 1423 Frenssens neuer großer Roman
988 1369 1758 1434 „Altaich, eine heitere Sommergeschichte“
1785 1406 2567 1477 „Die Brüder“ (G. Grote, Berlin). Drei
980 1421 1768 1478 (Albert Langen, München). Thema:
1790 1446 2573 1509 Söhne einer kinderreichen Bauernfami¬
993 1456 1775 1516 Wie ein Gschaftlhuber durch Reklame
1778 1495 2577 1561 lie — Frenssen stellt mit Sorgfalt ihre
992 1503 1769 1563 aus dem bayerischen Flecken Altaich
1777 1538 2575 1602 Herkunft und ihr inneres Erbteil, ihr
997 1541 1777 1608 einen Höhenkurort zu machen trachtet,
1792 1574 2583 1646 ganz persönlich=eigenes Wesen und ihr
996 1591 1778 1650 wie auch einen Sommer lang Gäste
1794 1620 2593 1690 äußeres Geschick dar. Im zweiten Drit¬
994 1637 1780 1689 kommen, wie sie allerlei Heiteres und
1792 1661 2575 1726 tel des Buches bricht der Krieg aus, und
992 1684 1782 1744 Argerliches erleben, und wie zuletzt
1793 1728 2589 1774 alle drei machen ihn zur See mit.
992 1722 1780 1796 Altaich ist, was es seit Jahrhunderten
1784 1756 2577 1815 Frenssen ist Könner genug, um bei
994 1766 1768 1821 war: ein Stück beschaulichen Landes
1794 1800 2574 1863 dieser Gelegenheit packende Seekriegs¬
989 1812 1771 1872 „fern von Europa“ Leider ist die ge¬
1794 1847 2594 1905 bilder einzuschieben; die Hauptsache aber
995 1854 1773 1913 schickt erfundene, mit trefflich umrissenen
1785 1898 2575 1948 bleibt die eigentümlich gewendete, sehr
986 1909 1779 1968 Figuren ausgestattete Erzählung nicht
1794 1941 2583 1998 verinnerlichte Geschichte der drei jungen
998 1942 1778 1997 eigentlich heiter, sondern vielfach mehr
1792 1978 2580 2036 Menschen und ihrer Familie. Süd¬
1000 1984 1784 2054 karikaturmäßig ausgefallen, und die
1790 2017 2574 2082 und Mitteldeutschen, gar Fremdrassi¬
995 2037 1781 2093 „altbayrische“ Gesinnung des Verfas¬
1791 2080 2593 2125 gen werden diese wunderlichen, ganz im
1005 2073 1767 2136 sers, die da als „tiefere Lebensweisheit",
1796 2109 2592 2165 Inneren mit sich selbst beschäftigten und
996 2118 1783 2183 als Liebe zu „bodenständigem, erdver¬
1788 2152 2578 2216 mühsam lebenden norddeutschen Seelen,
1002 2163 1781 2231 knüpftem Leben“ auftritt, verträgt sich
1785 2200 2585 2251 die Frenssen mit liebevollem Eifer aus¬
1005 2205 1777 2279 etwas zu gut mit innerer Fremdheit
999 2241 2590 2320 gegenüber auch der echten Kultur. Aber einanderfaltet, vermutlich entweder
1785 2281 2593 2336 peinlich oder verzeichnet, also unecht
1009 2291 1777 2364 Spaß und „Anregung“ bietet das sau¬
1787 2332 2581 2389 vorkommen. Vielleicht sind sie beides
1003 2349 1536 2416 ber gearbeitete Buch viel.
1801 2374 2597 2439 nicht — es kommen schon wirklich höchst
1055 2380 1786 2448 Ganz im Tone salopper Unter¬
1792 2412 2590 2486 sonderbare Naturen da unten in den
1005 2422 1787 2484 haltung trägt Korfiz Holm eine
1797 2472 2586 2519 Ebenen vor! —, aber selbst Gustav
1010 2470 1792 2531 Münchner Malergeschichte (im gleichen
1803 2506 2581 2572 Frenssen ist nicht Virtuos genug, um
998 2514 1790 2585 Verlage) vor; die Welt von Schwa¬
1802 2538 2586 2613 aus lauter Seelenmalerei, sei es selbst
997 2552 1787 2608 bing, jene einzigartige Mischung von
1805 2592 2593 2654 mit den erstaunlichsten Farben und
1009 2600 1793 2660 Narrheit, „Künstler wesen, Internatio¬
1794 2639 2584 2695 Rhythmen, einen dauernd fesselnden No¬
1007 2637 1783 2706 nalität, Bayerntum und — im Grunde
1797 2678 2595 2736 man zu machen; man muß ein ganz be¬
1036 2690 1790 2746 — behaglicher Philisterei, scheint das
1804 2741 2584 2784 sonderer Liebhaber der innersten Inner¬
1012 2733 1784 2792 lange Buch zunächst ausfüllen zu sollen.
1806 2773 2588 2821 lichkeiten sein, um das dicke Buch ohne
1011 2783 1779 2846 Man könnte versucht sein, es aus der
1814 2806 2555 2877 etwas zu lange Weile durchzulesen!
1013 2825 1793 2874 Hand zu legen, da sein Inhalt aus der
1861 2853 2592 2914 Hanns Johsts „Anfang“ (Del¬
1007 2864 1796 2926 Münchener Roman= und Novellenlite¬
1803 2901 2595 2967 phin=Verlag, München) hat die Frische
1013 2918 1783 2967 ratur allzu bekannt sei. Indes, man
1811 2936 2585 3009 eines Erstlings im Inhaltlichen mehr
1000 2944 1796 3005 liest es doch weiter: so sachgetreu und
1799 2987 2592 3051 als in der künstlerischen Arbeit. Diese
1003 2988 1791 3073 ruhig=witzig zugleich, so innig vertraut
2409 3053 2523 3139 145
966 3047 1582 3257 VS
1455 3463 1776 3571 Abteilung
1164 3481 1774 3606 — Untertiel „ohne Verant.
974 3495 1766 3645 Seerg der Sgrinschungr, Anetgen
969 3532 1765 3688 Peroein Seiter ebes beniter uieg
964 3576 1755 3732 en aud dienut woit falde on
956 3632 1745 3784 Seen del vien bersehen un
955 3668 1575 3805 Iuferenten nicht beliebt sind
1017 3720 1743 3865 de warendehrechungen wigen ie.
949 3763 1732 3908 un von Sabtienen cingesien den
933 3805 1732 3950 en dn wahähnaig fein, werden dmn
928 3830 1723 3990 e Sennen in der Ment une
931 3879 1720 4041 den Gelcheartater des Aösthuge ue
924 3925 1709 4081 be di. Mader det Ahrung
920 3977 1709 4122 Weden der ershungen, aunt
907 4001 1684 4156 eselhen beien beit erhtang
909 4063 1484 4198 verbefsrung, Auswärtelge
910 4099 1136 4199 treber. 2
