3484 4256
1260 187 1668 263 Badearzt
844 189 1213 262 raesler
495 191 789 265 Doktor
1809 187 2214 278 box 4/6
279 191 482 286 29.
466 233 1692 292 RRer J. AEner aSaA
186 446 651 508 che Gemische Erbsenmehl
2169 457 2282 546 0
187 490 302 547 erde.
321 503 644 546 Der Gerichtshof
890 493 1609 594 Der Sport des Sonntags.
189 538 655 604 Angeklagten zum höchsten
2251 450 2726 614 WASBERTAP
195 578 292 644 se.
694 567 1875 626 Zum viertenmal hintereinander muß der Verband Branden¬
641 620 1868 676 burgischer Ballspielvereine seine Verbandsspiele ausfallen lassen,
188 629 648 703 den Berliner Innenbahn¬
1966 589 3021 704 Für Rheumatiker und Nervenleidende.
648 669 1872 729 da sich die Spielplätze in zu schlechter Verfassung befinden. Die
190 675 647 750 Uhr soll nach einer der
1913 691 3095 761 Herr Baumschulenbesitzer Koppenhöfer in Neuenstein, schreibt: „Mit
644 699 1868 768 folgenden Kämpfe kommen als Gesellschaftsspiele, soweit nicht
192 728 639 807 der Eisenbahnverwaltung
1867 732 3100 797 besonderer Freude kann ich sagen, daß Togal ein rasch wirkendes
648 750 1863 814 anders angegeben, auf den Plätzen der erstgenannten Vereine, am
1858 771 3104 833 Wittel ist, und daß sich schon nach kurzem Gebrauch eine außerordent¬
652 788 1864 854 heutigen Sonntag, nachmittags um 3 Uhr, zum Austrag: Hertha—
1860 821 3096 871 lich günstige Wirkung bei mir zeigte. Dieses ist bei mir um so höher
192 806 648 889 der bereits besprochenen
642 821 1857 892 Berliner Ballspielklub, Preußen—Berolina, Union Oberschöne¬
1863 855 3099 896 anzuschlagen, als ich schon seit mehr als 30 Jahren von sehr schweren
226 871 643 918 bietet der Winter¬
656 876 1856 933 weide—Vorwärts, Germania—Berliner Sportverein (Unionplatz,
1873 887 3085 945 Fällen von Rheumatismus am Knie heimgesucht wurde und für
210 902 643 956 Variéténummern. In
651 915 1863 973 Mariendorf), Ostend—Brandenburg (Berolinaplatz), Normannia
1871 922 3091 983 Badekuren 2c. sehr viel Geld ausgegeben habe. Außerdem bin ich jetzt
185 946 641 997 son Milos zu nennen.
643 953 1854 1016 Neukölln—Verein für Bewegungsspiele Pankow (Tempelhoser Feld),
1866 958 3087 1013 im 73. Lebensjahre. Kürzlich machte ich eine 1½ stündige Fußtour
176 978 645 1028 Kropolis“ prachtvolle
1861 989 3079 1057 nach meinem Weinberg ohne die geringsten Beschwerden. Früher
651 1000 1860 1056 Alemannia—Favorit, Sportklub Charlottenburg—Triton, Norden
180 1013 642 1068 ing und Praxiteles, ge¬
1864 1027 3091 1094 mußte ich hierzu stets einen Wagen nehmen.“ Dieses Attest ist eines
649 1043 1861 1090 Nordwest—Weißensee 1900 und Rapide—Wacker Tegel (Borussia¬
197 1036 638 1105 stalten. Willy, der
1866 1065 3096 1130 von den zahlreichen Dankschreiben über die Wirkung des Togal bei
648 1080 1860 1137 platz, Niederschönhausen). — Die Hockeyspiele des Brandenburger
186 1090 636 1143 ler Artist. Er baut sich
1868 1109 3098 1172 Rheumatismus, Ischias, Hexenschuß, Gicht, Schmerzen in den Ge¬
192 1120 643 1177 Pyramide und stürzt sich
646 1121 1761 1179 Hockeyverbandes sind für heute abermals abgesagt. —
1746 1126 1865 1186 Der
1865 1147 3092 1211 lenken und Gliedern und allen Arten von Nerven= und Kopfschmerzen.
200 1171 638 1234 t das Haus durch seine
650 1165 1856 1239 Jugendklub Ne klln veranstaltet nachmittags 3 Uhr in der Halle
1866 1184 3099 1237 Aerztlich erprobt. Zu niedrigem Preise in jeder Apotheke erhältlich.
1243 1219 1412 1292 Maur
739 1214 849 1298 WERER
2125 1221 2258 1302 S
647 1291 1853 1356 ein, wo er seit nun sechs Jahren im Sommer die ärztliche
1862 1294 3092 1367 hältnis zum Hause auffallend geräumigen Seitenterrasse kam
642 1336 1866 1405 Praxis auszuüben pflegte. Er wurde von der Hauswirtin,
1866 1345 3087 1396 dem Doktor eine junge Dame entgegen, die ihm gleich auf den
186 1283 642 1426 Badearzt
642 1370 1857 1436 einer ältlichen Kaufmannswitwe, mit herzlicher Teilnahme be¬
1865 1392 3086 1459 ersten Blick bekannt erschien. Sie reichte ihm die Hand und
652 1423 1870 1465 grüßt und freute sich der bescheidenen Feldblumen, mit denen
1861 1425 3091 1495 berichtete, daß ihre Mutter an Magenbeschwerden erkrankt
651 1464 1863 1520 sie die Wohnung zu seinem Empfang geschmückt hatte. Das
1865 1475 3083 1534 sei. „Nun schläft sie schon seit einer Stunde ganz luhig,“ er¬
220 1468 629 1557 [Nachbruck verboten.]
636 1503 1866 1554 kleine Zimmer, das im vorigen Jahr seine Schwester bewohnt
1868 1521 3095 1578 zählte sie weiter. „Das Fieber ist offenbar zurückgegangen. Um
647 1547 1853 1603 hatte, betrat er nicht ohne Scheu, doch fand er sich nicht so
1861 1541 3094 1620 vier Uhr nachmittag war es noch achtunddreißig vier Zehntel.
638 1585 1874 1660 tief ergriffen, als er eigentlich gefürchtet hatte. Im übrigen
184 1575 643 1654 ihm wenig bekannt
1857 1591 3087 1665 Und da sie sich schon seit gestern Abend elend fühlt, habe ich
635 1622 1871 1687 ließ das Leben sich gleich im Anfang recht leidlich an. Der
182 1637 642 1697 iese Epoche beinahe
1858 1638 3091 1698 mir erlaubt, Sie herzubitten, Herr Doktor. Es wird hoffent¬
641 1674 3085 1748 Himmel war von gleichmäßig milder Klarheit, die Luft früh= lich nichts sein.“ Dabei sah sie ihm bescheiden bittend ins
188 1677 638 1741 s sie endlich vor fünf¬
651 1712 1869 1778 lingshaft lau, und manchmal, zum Beispiel beim Frühstück
191 1719 638 1781 stritt aus dem Llond,
1863 1725 3106 1795 Auge, als hinge die weitere Entwicklung des Falles von seiner
641 1754 1859 1818 auf seinem kleinen Balkon, wo auf reinlich gedecktem Tisch
1870 1764 2218 1822 Entscheidung ab.
200 1764 638 1825 sdem die Eltern rasch
641 1798 1862 1861 die weiße blaugeblümte Kanne, aus der er sich nun freilich
184 1803 641 1860 assen und sich ihm zu¬
1910 1805 3091 1869 Er erwiderte ihren Blick mit angemessenem, aber mildem
646 1839 1852 1901 den Kaffee selbst in die Tasse eingießen mußte, in der Morgen¬
194 1846 642 1911 in seine verschiedenen
1861 1843 3082 1913 Ernst. Freilich kannte er sie. Schon manchmal war er ihr
638 1873 1853 1944 sonne glänzte, kam ein Gefühl von Behaglichkeit über ihn,
207 1887 639 1952 t über dreißig Jahre
1865 1890 3086 1954 im Städtchen begegnet, doch hatte er sie für einen Sommergast
639 1916 1851 1980 wie es ihm in Gesellschaft seiner Schwester, zum mindesten
188 1929 648 1993 gendliche Anmut, ihre
1865 1941 3068 2010 gehalten. „Nun, wenn Ihre Frau Mama jetzt ruhig schläft,“
649 1962 1858 2021 in den letzten Jahren, nicht mehr geworden war. Die andern
203 1973 642 2031 z bewahrt, daß es ihr
1866 1979 3084 2047 sagte er „wird es wohl nichts Schlimmes sein. Vielleicht
637 2003 1861 2056 Mahlzeiten nahm er in dem stattlichen Hauptgasthof des Ortes
197 2016 638 2073 manchmal nicht ohne
1865 2015 3086 2096 sagen Sie mir noch etwas Näyeres, Fräulein, ehe wir die
646 2048 1855 2110 in Gesellschaft einiger ihm von früher her bekannten, achtungs¬
1855 2064 3085 2117 Kranke am Ende ganz überflüssiger Weise aufwecken.“ Sie
640 2088 1855 2152 werter Bürger, mit denen sich's zwanglos und manchmal recht
203 2084 638 2162 mit den Jahren auch
1850 2101 3077 2155 lud ihn ein, weiterzuspazieren, ging ihm voraus auf die Be¬
631 2130 1858 2194 unterhaltsam plaudern ließ. Die Praxis aber setzte gleich
231 2143 639 2200 schien sie sich wohl
1851 2139 3078 2211 randa und bot ihm einen Stuhl an, während sie an dem Pfosten
638 2176 1853 2231 recht vielversprechend ein, ohne daß Fälle von besonderer
215 2189 635 2247 ubte sich der Bruder
1857 2184 3084 2254 der offenen, ins Innere des Hauses führenden Tür stehen
641 2218 1847 2289 Schwere das ärztliche Verantwortungsgefühl allzusehr belastet
200 2224 632 2284 Angen zu erninnern,
1859 2225 3077 2289 blieb. In strenger Sachlichkeit gab sie eine Darstellung des
645 2257 812 2316 hätten.
186 2275 640 2330 t war, als hätte auch
1862 2269 3089 2338 bishe en Krankheitsverlaufes, der für Dr. Gräsler keinen
691 2289 1848 2368 So ging der Frühsommer ohne bemerkenswerte Ereignisse
173 2312 635 2366 ndwie mit zu verant¬
1852 2320 3088 2374 Zweifel übrig ließ, daß es sich hier um nichts anderes han¬
636 2336 1854 2389 dahin, als an einem Juliabend, nach einem ziemlich arbeits¬
180 2345 636 2411 tsein eines verlorenen
1853 2351 3083 2422 deln könnte als um eine vorübergehende Magenverstimmung.
638 2380 1862 2446 reichen Tage, Dr. Gräsler durch einen Boten, der sich eiligst
193 2390 631 2456 hiedener in ihr geltend
1861 2395 3085 2454 Immerhin war er genötigt, allerlei medizinische Fragen an
642 2429 1851 2491 wieder entfernte, in das Forsthaus gerufen wurde, das eine
1859 2436 3074 2504 die junge Dame zu richten, wurde durch die höchst unbefangene
636 2475 1851 2539 gute Wagenstunde von dem Städtchen entfernt lag. Der
190 2359 631 2534 rnteheiten
1851 2480 3078 2546 Art überrascht, mit der sie natürliche Vorgänge mit einer
638 2514 1847 2563 Doktor war hiervon wenig erfreut, wie er überhaupt für orts¬
1855 2517 3085 2584 Unbedenklichkeit, wie er sie von Mädchenlippen nicht gewohnt
186 2522 631 2580 Bruder hatte sie hier¬
631 2558 1846 2614 ansässige Kranke, deren Behandlung weder viel Ruhm, noch
1847 2554 3077 2637 war, mitteilte und erläuterte, und fragte sich flüchtig während
202 2567 641 2626 t sich in einer Lebens¬
631 2599 1846 2651 viel Gewinn zu bringen pflegte, keinerlei Vorliebe hegte. Doch
185 2605 624 2661 lgemeinen abhold zu
1847 2602 3081 2674 des Zuhörens, ob sie sich wohl einem jüngeren Arzt gegen¬
636 2646 1848 2697 als er, eine gute Zigare rauchend in der milden Abendluft
181 2639 635 2705 shaltes und der Wirt¬
1849 2646 3069 2721 über mit der gleichen Unbefangenheit geäußert hätte. Sie
636 2680 1851 2746 die liebliche Straße zwischen hübschen Landhäusern, dann
180 2689 630 2752 Irch Friederikens Für¬
1848 2685 3076 2752 selbst mochte seiner Schätzung nach kaum weniger als fünf¬
636 2720 1847 2782 zwischen gelben Feldern im kühlen Hügelschatten und endlich
1857 2733 3075 2778 undzwanzig Jahre zählen, wenn es nicht etwa die großen,
183 2733 630 2799 en letzten Tagen der
637 2766 1842 2819 durch den hohen Buchenwald talaufwärts fuhr, ward ihm
187 2772 631 2830 zog ein kühles, aber
1849 2770 3070 2825 ruhigen Augen waren, die ihrem Antlitz den Ausdruck höherer
630 2805 1848 2870 behaglicher zumute, und als er gar des Forsthauses ansichtig
184 2818 631 2870 ndung gegenüber der
1851 2814 3087 2862 Reife verliehen. In den blonden, hochgesteckten Zöpfen trug
630 2847 1845 2907 wurde, dessen anmutvolle Lage ihm von Spaziergängen ver¬
1859 2852 3071 2893 sie einen unverzierten Silberkamm. Ihre Kleidung war ein¬
197 2848 638 2923 n ohne Abschied und
627 2888 1847 2948 gangener Jahre her in guter Erinnerung stand, bedauerte er
1851 2897 3071 2961 fach, aber durchaus ländlich, der weiße Gürtel durch eine
185 2890 461 2964 klassen hatte.
633 2931 1848 2989 beinahe, daß die Fahrt so schnell vorüber war. Er ließ den
1854 2939 3081 3008 zierlich vergoldete Schnalle geschlossen. Was dem Doktor am
627 2963 1854 3037 Wagen am Straßenrand halten und ging den schmalen
1852 2978 2191 3033 meisten auffiel,
2167 2979 2235 3021 71
2222 2989 3077 3047 irgendwie verdächtig erschien, waren die
177 2989 1848 3071 Berlin, wo er sich bei Wiesenweg zwischen jungen Tannen dem Hause zu, das mit
1848 3023 3084 3098 höchst eleganten bellbrannen Halbschuhe aus Wildleder, die
179 3055 1847 3114 die beginnende Kurzeit blinkenden Fenstern, ein ungeheures Geweih über der schmalen
1848 3066 2803 3135 genau zur Farbe der Strümpfe gestimmt waren.
175 3092 1843 3156 ler an einem schönen Eingangstür, die Abendsonne auf dem rötlichen Dach, ihm
2252 3112 2639 3175 (Fortsetzung folgt.)
191 3128 1877 3215 gebenen Badestädtchen1 freundlich entgegengrüßte. Ueber die Holzstufen der im Ver¬
1713 3885 1840 3957 DA
