<?xml version="1.0" encoding="UTF-8" standalone="yes"?>
<PcGts xmlns="http://schema.primaresearch.org/PAGE/gts/pagecontent/2013-07-15" xmlns:xsi="http://www.w3.org/2001/XMLSchema-instance" xsi:schemaLocation="http://schema.primaresearch.org/PAGE/gts/pagecontent/2013-07-15 http://schema.primaresearch.org/PAGE/gts/pagecontent/2013-07-15/pagecontent.xsd">
    <Metadata>
        <Creator>prov=University of Rostock/Institute of Mathematics/CITlab/Gundram Leifert/gundram.leifert@uni-rostock.de:name=ONB_Newseye_GT_M1+(htr_id=10810)::::v=2.4.2
prov=University of Rostock/Institute of Mathematics/CITlab/Tobias Gruening/tobias.gruening@uni-rostock.de:name=de.uros.citlab.module.baseline2polygon.B2PSeamMultiOriented:v=2.4.2
prov=University of Rostock/Institute of Mathematics/CITlab/Tobias Gruening/tobias.gruening@uni-rostock.de:name=/mnt/transkribus/LA/DEA/URO/LA_news_onb_att.pb:de.uros.citlab.segmentation.CITlab_LA_ML:v=2.4.2
Transkribus</Creator>
        <Created>2019-10-07T10:25:00.431+02:00</Created>
        <LastChange>2019-10-07T14:37:18.138+02:00</LastChange>
        <TranskribusMetadata docId="223892" pageId="9491893" pageNr="86" tsid="16380001" status="IN_PROGRESS" userId="40391" imgUrl="https://files.transkribus.eu/Get?id=RJLLTPRCYJCCFBUYTNGQUZOF&amp;fileType=view" xmlUrl="https://files.transkribus.eu/Get?id=BYYBBKFHFZQVSDSIYKTQQBER" imageId="6182181"/>
    </Metadata>
    <Page imageFilename="223892_0086.jpeg" imageWidth="3436" imageHeight="4320">
        <ReadingOrder>
            <OrderedGroup id="ro_1711445718473" caption="Regions reading order">
                <RegionRefIndexed index="0" regionRef="r1"/>
            </OrderedGroup>
        </ReadingOrder>
        <TextRegion orientation="0.0" id="r1" custom="readingOrder {index:0;}">
            <Coords points="239,249 239,3115 3300,3115 3300,249"/>
            <TextLine id="r1l1" custom="readingOrder {index:0;}">
                <Coords points="1779,309 1811,295 1833,311 1860,291 1939,303 1984,272 2036,306 2080,310 2104,290 2131,309 2172,310 2170,224 2129,211 2007,217 1956,245 1777,217"/>
                <Baseline points="1791,285 1817,284 1843,283 1869,282 1895,282 1921,282 1947,283 1974,283 2000,282 2026,282 2052,281 2078,279 2104,277 2130,275 2157,270"/>
                <TextEquiv>
                    <Unicode>box 4/9</Unicode>
                </TextEquiv>
            </TextLine>
            <TextLine id="r1l2" custom="readingOrder {index:1;}">
                <Coords points="1224,302 1649,297 1647,216 1615,217 1575,247 1542,234 1477,252 1417,234 1399,245 1358,232 1336,246 1222,226"/>
                <Baseline points="1237,291 1263,292 1290,292 1316,292 1343,292 1369,292 1396,291 1422,291 1449,290 1475,289 1502,288 1528,288 1555,287 1581,287 1608,287 1635,287"/>
                <TextEquiv>
                    <Unicode>Badearzt</Unicode>
                </TextEquiv>
            </TextLine>
            <TextLine id="r1l3" custom="readingOrder {index:2;}">
                <Coords points="228,347 508,310 1161,303 1159,241 1113,234 878,266 818,238 466,249 424,285 306,245 226,279"/>
                <Baseline points="239,313 284,313 329,313 375,312 420,312 465,311 511,309 556,308 601,307 647,306 692,304 737,303 783,302 828,300 873,299 919,298 964,297 1009,296 1055,296 1100,296 1146,296"/>
                <TextEquiv>
                    <Unicode>29. Doktor Graesler</Unicode>
                </TextEquiv>
            </TextLine>
            <TextLine id="r1l4" custom="readingOrder {index:3;}">
                <Coords points="451,363 1642,342 1640,274 1554,270 450,306"/>
                <Baseline points="464,331 522,330 580,329 638,328 696,327 755,326 813,325 871,324 929,322 987,321 1046,320 1104,319 1162,318 1220,317 1278,316 1337,315 1395,314 1453,313 1511,313 1569,312 1628,311"/>
                <TextEquiv>
                    <Unicode>rrasien saasaher</Unicode>
                </TextEquiv>
            </TextLine>
            <TextLine id="r1l5" custom="readingOrder {index:4;}">
                <Coords points="372,1151 908,1163 1116,1133 1314,1158 1363,1147 1363,1096 372,1103"/>
                <Baseline points="385,1141 433,1142 481,1142 529,1143 578,1143 626,1143 674,1144 722,1144 771,1144 819,1144 867,1144 915,1143 964,1143 1012,1143 1060,1143 1108,1143 1157,1143 1205,1144 1253,1144 1301,1144 1350,1145"/>
                <TextEquiv>
                    <Unicode>Gemahl wird stark beschäftigt sein. Für den</Unicode>
                </TextEquiv>
            </TextLine>
            <TextLine id="r1l6" custom="readingOrder {index:5;}">
                <Coords points="369,1194 1260,1206 1363,1187 1363,1147 369,1153"/>
                <Baseline points="384,1190 432,1192 480,1193 528,1195 576,1196 625,1196 673,1197 721,1197 769,1197 817,1197 866,1197 914,1197 962,1197 1010,1196 1058,1196 1107,1195 1155,1194 1203,1194 1251,1193 1299,1192 1348,1191"/>
                <TextEquiv>
                    <Unicode>Vierten nächsten Monats erwarten wir Seine</Unicode>
                </TextEquiv>
            </TextLine>
            <TextLine id="r1l7" custom="readingOrder {index:6;}">
                <Coords points="365,1254 874,1243 969,1270 1161,1238 1358,1265 1358,1184 365,1197"/>
                <Baseline points="379,1240 427,1241 475,1242 523,1243 572,1245 620,1245 668,1246 716,1246 765,1246 813,1246 861,1246 909,1246 958,1246 1006,1246 1054,1245 1102,1245 1151,1244 1199,1244 1247,1243 1295,1242 1344,1241"/>
                <TextEquiv>
                    <Unicode>Hoheit den Herzog von Sigmaringen mit Ge¬</Unicode>
                </TextEquiv>
            </TextLine>
            <TextLine id="r1l8" custom="readingOrder {index:7;}">
                <Coords points="362,1296 1310,1308 1361,1286 1361,1249 362,1255"/>
                <Baseline points="376,1294 424,1294 473,1294 521,1295 570,1295 618,1295 667,1295 715,1295 764,1295 812,1295 861,1295 910,1295 958,1294 1007,1294 1055,1293 1104,1293 1152,1293 1201,1292 1249,1292 1298,1291 1347,1290"/>
                <TextEquiv>
                    <Unicode>mahlin, Kindern und Suite... Wir haben hier</Unicode>
                </TextEquiv>
            </TextLine>
            <TextLine id="r1l9" custom="readingOrder {index:8;}">
                <Coords points="373,1347 1305,1357 1351,1348 1351,1292 373,1298"/>
                <Baseline points="386,1341 433,1342 481,1343 528,1343 576,1344 624,1344 671,1344 719,1343 766,1343 814,1343 862,1342 909,1341 957,1341 1004,1340 1052,1340 1100,1340 1147,1340 1195,1340 1242,1340 1290,1341 1338,1342"/>
                <TextEquiv>
                    <Unicode>einen gesegneten Fleck Erde. Ein kleines</Unicode>
                </TextEquiv>
            </TextLine>
            <TextLine id="r1l10" custom="readingOrder {index:9;}">
                <Coords points="371,1398 1308,1408 1354,1391 1354,1348 371,1352"/>
                <Baseline points="385,1390 432,1391 480,1391 528,1392 576,1392 624,1392 672,1392 719,1392 767,1391 815,1391 863,1390 911,1390 959,1389 1007,1389 1054,1388 1102,1388 1150,1388 1198,1388 1246,1389 1294,1389 1342,1390"/>
                <TextEquiv>
                    <Unicode>Paradies. Und, wie der Schriftsteller Rüdenau¬</Unicode>
                </TextEquiv>
            </TextLine>
            <TextLine id="r1l11" custom="readingOrder {index:10;}">
                <Coords points="2922,1396 2973,1412 3030,1399 3049,1413 3065,1400 3087,1413 3114,1400 3130,1414 3162,1403 3173,1414 3236,1404 3271,1415 3271,1361 3212,1363 3163,1336 3150,1346 3125,1333 3076,1365 3033,1342 2979,1353 2922,1344"/>
                <Baseline points="2936,1399 2962,1400 2989,1401 3016,1403 3042,1403 3069,1405 3096,1405 3122,1406 3149,1406 3176,1405 3202,1404 3229,1402 3256,1400"/>
                <TextEquiv>
                    <Unicode>Debufern</Unicode>
                </TextEquiv>
            </TextLine>
            <TextLine id="r1l12" custom="readingOrder {index:11;}">
                <Coords points="2352,1411 2476,1417 2595,1402 2647,1417 2704,1402 2753,1415 2751,1339 2727,1334 2643,1349 2594,1339 2570,1356 2486,1339 2351,1346"/>
                <Baseline points="2364,1407 2389,1409 2414,1409 2439,1409 2464,1409 2489,1409 2514,1408 2539,1407 2564,1406 2589,1405 2614,1404 2639,1404 2664,1403 2689,1404 2714,1404 2740,1405"/>
                <TextEquiv>
                    <Unicode>—.—  9</Unicode>
                </TextEquiv>
            </TextLine>
            <TextLine id="r1l13" custom="readingOrder {index:12;}">
                <Coords points="1390,1452 2308,1436 2307,1369 2282,1364 2234,1397 2098,1362 2004,1402 1941,1365 1731,1402 1549,1373 1484,1412 1390,1411"/>
                <Baseline points="1405,1447 1449,1446 1494,1445 1538,1443 1583,1442 1627,1441 1672,1440 1716,1440 1761,1439 1805,1439 1850,1438 1894,1437 1939,1436 1983,1436 2028,1435 2072,1434 2117,1433 2161,1432 2206,1430 2250,1429 2295,1427"/>
                <TextEquiv>
                    <Unicode>M. Opernthealer gelangt morgen Sontt.</Unicode>
                </TextEquiv>
            </TextLine>
            <TextLine id="r1l14" custom="readingOrder {index:13;}">
                <Coords points="365,1447 1337,1468 1362,1389 365,1395"/>
                <Baseline points="379,1441 427,1440 475,1440 524,1439 572,1439 621,1439 669,1440 718,1440 766,1440 815,1441 863,1441 911,1442 960,1442 1008,1442 1057,1442 1105,1442 1154,1442 1202,1442 1251,1441 1299,1440 1348,1439"/>
                <TextEquiv>
                    <Unicode>Hansen sagt, ein regelmäßiger Besucher unserer</Unicode>
                </TextEquiv>
            </TextLine>
            <TextLine id="r1l15" custom="readingOrder {index:14;}">
                <Coords points="2321,1460 3252,1456 3298,1445 3298,1378 3228,1411 2884,1409 2816,1377 2741,1413 2321,1417"/>
                <Baseline points="2334,1449 2381,1449 2429,1449 2476,1449 2524,1449 2571,1449 2619,1448 2666,1448 2714,1448 2761,1448 2809,1447 2856,1447 2904,1446 2951,1446 2999,1446 3046,1446 3094,1446 3141,1446 3189,1446 3236,1446 3284,1447"/>
                <TextEquiv>
                    <Unicode>Schwedens wegen der Depeschen¬</Unicode>
                </TextEquiv>
            </TextLine>
            <TextLine id="r1l16" custom="readingOrder {index:15;}">
                <Coords points="1346,1499 1579,1472 1660,1512 2017,1511 2109,1478 2212,1510 2326,1471 2326,1441 1345,1452"/>
                <Baseline points="1359,1482 1406,1482 1454,1482 1501,1482 1549,1481 1597,1481 1644,1480 1692,1479 1740,1478 1787,1477 1835,1476 1883,1476 1930,1475 1978,1474 2026,1474 2073,1474 2121,1474 2169,1475 2216,1475 2264,1477 2312,1478"/>
                <TextEquiv>
                    <Unicode>tag „Der Waffenschmied“ zur Aufführung</Unicode>
                </TextEquiv>
            </TextLine>
            <TextLine id="r1l17" custom="readingOrder {index:16;}">
                <Coords points="365,1514 1004,1503 1004,1465 849,1447 365,1447"/>
                <Baseline points="379,1490 409,1490 440,1491 470,1491 501,1491 532,1491 562,1491 593,1491 623,1490 654,1490 685,1490 715,1489 746,1489 776,1489 807,1489 838,1489 868,1488 899,1488 929,1488 960,1489 991,1489"/>
                <TextEquiv>
                    <Unicode>Insel seit zwölf Jahren..</Unicode>
                </TextEquiv>
            </TextLine>
            <TextLine id="r1l18" custom="readingOrder {index:17;}">
                <Coords points="2290,1505 3173,1507 3300,1487 3300,1458 2647,1441 2290,1476"/>
                <Baseline points="2303,1500 2352,1498 2401,1497 2450,1495 2499,1494 2548,1493 2597,1492 2647,1492 2696,1492 2745,1492 2794,1492 2843,1492 2892,1492 2941,1492 2991,1492 3040,1492 3089,1492 3138,1491 3187,1491 3236,1489 3286,1488"/>
                <TextEquiv>
                    <Unicode>saffäre ausgedrückt und die Versicherung ab¬</Unicode>
                </TextEquiv>
            </TextLine>
            <TextLine id="r1l19" custom="readingOrder {index:18;}">
                <Coords points="1355,1541 1415,1529 1450,1543 1539,1528 1607,1538 1659,1516 1658,1494 1610,1492 1580,1474 1558,1487 1482,1494 1433,1480 1425,1489 1355,1481"/>
                <Baseline points="1369,1521 1394,1521 1419,1521 1444,1522 1469,1522 1494,1521 1519,1521 1544,1521 1569,1521 1594,1520 1619,1519 1645,1517"/>
                <TextEquiv>
                    <Unicode>Anfang 7 Uhr.</Unicode>
                </TextEquiv>
            </TextLine>
            <TextLine id="r1l20" custom="readingOrder {index:19;}">
                <Coords points="1383,1567 3287,1566 3267,1485 1383,1529"/>
                <Baseline points="1397,1566 1490,1566 1584,1567 1678,1566 1772,1564 1865,1562 1959,1560 2053,1558 2147,1555 2240,1552 2334,1549 2428,1546 2522,1543 2615,1541 2709,1539 2803,1538 2897,1536 2990,1536 3084,1537 3178,1538 3272,1540"/>
                <TextEquiv>
                    <Unicode>Im Deutschen Volkstheater gelangt gegeben wird, daß diese Vorgänge sich nicht</Unicode>
                </TextEquiv>
            </TextLine>
            <TextLine id="r1l21" custom="readingOrder {index:20;}">
                <Coords points="413,1565 670,1583 751,1561 1190,1564 1190,1515 1095,1496 413,1511"/>
                <Baseline points="425,1556 462,1556 500,1556 537,1555 575,1555 612,1556 650,1556 687,1556 725,1556 762,1557 800,1557 837,1557 875,1558 912,1558 950,1559 987,1559 1025,1559 1062,1559 1100,1559 1137,1559 1175,1559"/>
                <TextEquiv>
                    <Unicode>Schluß. Den Rest muß man ahnen.</Unicode>
                </TextEquiv>
            </TextLine>
            <TextLine id="r1l22" custom="readingOrder {index:21;}">
                <Coords points="2327,1601 2506,1598 2565,1581 2595,1600 2630,1586 2763,1583 2763,1561 2660,1535 2619,1535 2606,1549 2327,1550"/>
                <Baseline points="2341,1583 2366,1583 2392,1582 2417,1582 2443,1582 2468,1581 2494,1581 2519,1581 2545,1581 2570,1581 2596,1581 2621,1581 2647,1581 2672,1581 2698,1581 2723,1581 2749,1581"/>
                <TextEquiv>
                    <Unicode>woiederholen werden.</Unicode>
                </TextEquiv>
            </TextLine>
            <TextLine id="r1l23" custom="readingOrder {index:22;}">
                <Coords points="1350,1607 2098,1617 2298,1603 2319,1562 1350,1575"/>
                <Baseline points="1363,1607 1410,1608 1457,1608 1504,1608 1551,1608 1598,1608 1645,1608 1693,1608 1740,1608 1787,1608 1834,1607 1881,1606 1928,1606 1975,1605 2023,1604 2070,1603 2117,1601 2164,1600 2211,1598 2258,1596 2306,1594"/>
                <TextEquiv>
                    <Unicode>Samstag den 13. d. Ludwig Fuldas Lustspiel „Die</Unicode>
                </TextEquiv>
            </TextLine>
            <TextLine id="r1l24" custom="readingOrder {index:23;}">
                <Coords points="419,1606 508,1631 1315,1623 1358,1610 1359,1561 1275,1539 1126,1573 419,1563"/>
                <Baseline points="431,1602 476,1603 522,1603 567,1604 613,1605 659,1606 704,1607 750,1607 796,1608 841,1609 887,1610 933,1610 978,1610 1024,1611 1070,1611 1115,1611 1161,1610 1207,1610 1252,1608 1298,1607 1344,1606"/>
                <TextEquiv>
                    <Unicode>Es ist eine abgerundete Geschichte von einer</Unicode>
                </TextEquiv>
            </TextLine>
            <TextLine id="r1l25" custom="readingOrder {index:24;}">
                <Coords points="2438,1657 2757,1630 2966,1636 3020,1666 3052,1638 3190,1634 3190,1613 3049,1568 2998,1587 2946,1566 2437,1600"/>
                <Baseline points="2450,1639 2486,1637 2522,1637 2559,1636 2595,1635 2632,1634 2668,1633 2704,1632 2741,1631 2777,1630 2814,1630 2850,1629 2886,1629 2923,1629 2959,1629 2996,1629 3032,1630 3068,1631 3105,1632 3141,1633 3178,1635"/>
                <TextEquiv>
                    <Unicode>Freies Geleite für Graf Luxburg.</Unicode>
                </TextEquiv>
            </TextLine>
            <TextLine id="r1l26" custom="readingOrder {index:25;}">
                <Coords points="1360,1656 2300,1647 2313,1600 1360,1616"/>
                <Baseline points="1374,1646 1420,1646 1466,1646 1512,1646 1559,1646 1605,1646 1651,1647 1697,1647 1744,1647 1790,1647 1836,1646 1882,1646 1929,1645 1975,1645 2021,1644 2067,1643 2114,1641 2160,1640 2206,1638 2252,1636 2299,1634"/>
                <TextEquiv>
                    <Unicode>wilde Jagd“ zur ersten Aufführung. Spielleiter</Unicode>
                </TextEquiv>
            </TextLine>
            <TextLine id="r1l27" custom="readingOrder {index:26;}">
                <Coords points="381,1667 1340,1669 1318,1614 381,1608"/>
                <Baseline points="394,1657 440,1657 487,1657 533,1658 580,1658 627,1659 673,1659 720,1659 766,1660 813,1660 860,1660 906,1660 953,1660 999,1660 1046,1659 1093,1659 1139,1658 1186,1657 1232,1656 1279,1655 1326,1654"/>
                <TextEquiv>
                    <Unicode>süßen Reife, von einem leise herbstlichen</Unicode>
                </TextEquiv>
            </TextLine>
            <TextLine id="r1l28" custom="readingOrder {index:27;}">
                <Coords points="2555,1690 2855,1705 3167,1684 3197,1701 3267,1681 3267,1654 3185,1633 3031,1655 2912,1634 2555,1646"/>
                <Baseline points="2569,1684 2603,1683 2637,1682 2671,1681 2705,1681 2739,1680 2773,1680 2808,1680 2842,1680 2876,1680 2910,1680 2944,1680 2978,1680 3012,1680 3047,1680 3081,1680 3115,1680 3149,1680 3183,1680 3217,1679 3252,1678"/>
                <TextEquiv>
                    <Unicode>23 Berlin,Oktober. (Priv.=Tel.)</Unicode>
                </TextEquiv>
            </TextLine>
            <TextLine id="r1l29" custom="readingOrder {index:28;}">
                <Coords points="1353,1685 2323,1690 2306,1636 1353,1650"/>
                <Baseline points="1368,1686 1415,1685 1462,1685 1509,1685 1556,1685 1603,1685 1650,1685 1697,1685 1744,1685 1791,1684 1839,1684 1886,1684 1933,1684 1980,1683 2027,1683 2074,1682 2121,1681 2168,1679 2215,1678 2262,1676 2310,1674"/>
                <TextEquiv>
                    <Unicode>Dr. Heinz Schulbaur. Der Kartenverkauf für</Unicode>
                </TextEquiv>
            </TextLine>
            <TextLine id="r1l30" custom="readingOrder {index:29;}">
                <Coords points="381,1713 1345,1710 1344,1667 1315,1662 381,1667"/>
                <Baseline points="394,1707 440,1706 487,1706 534,1706 581,1706 628,1707 675,1707 721,1707 768,1707 815,1707 862,1707 909,1707 956,1707 1003,1707 1049,1707 1096,1707 1143,1706 1190,1705 1237,1704 1284,1703 1331,1701"/>
                <TextEquiv>
                    <Unicode>Sonnenschmelz, daß man nur staunend vor ihr</Unicode>
                </TextEquiv>
            </TextLine>
            <TextLine id="r1l31" custom="readingOrder {index:30;}">
                <Coords points="1344,1723 1512,1746 2176,1721 2151,1683 1344,1679"/>
                <Baseline points="1359,1723 1399,1724 1439,1725 1479,1725 1519,1726 1559,1726 1599,1726 1639,1726 1679,1726 1719,1726 1760,1726 1800,1726 1840,1725 1880,1725 1920,1724 1960,1724 2000,1723 2040,1722 2080,1721 2120,1720 2161,1719"/>
                <TextEquiv>
                    <Unicode>diese Vorstellung beginnt heute Samstag.</Unicode>
                </TextEquiv>
            </TextLine>
            <TextLine id="r1l32" custom="readingOrder {index:31;}">
                <Coords points="2359,1743 3299,1735 3298,1697 3241,1681 2852,1706 2359,1683"/>
                <Baseline points="2374,1744 2419,1743 2465,1742 2510,1741 2556,1740 2601,1739 2647,1738 2692,1737 2738,1737 2783,1736 2829,1736 2874,1735 2920,1735 2965,1734 3011,1734 3056,1735 3102,1735 3147,1735 3193,1736 3238,1737 3284,1738"/>
                <TextEquiv>
                    <Unicode>Das Tageblatt meldet aus Zürich: Die</Unicode>
                </TextEquiv>
            </TextLine>
            <TextLine id="r1l33" custom="readingOrder {index:32;}">
                <Coords points="363,1771 1357,1757 1338,1711 363,1714"/>
                <Baseline points="377,1759 425,1758 473,1758 522,1757 570,1757 618,1757 667,1757 715,1756 763,1756 812,1756 860,1756 908,1756 957,1755 1005,1755 1053,1755 1102,1754 1150,1753 1198,1753 1247,1751 1295,1750 1344,1749"/>
                <TextEquiv>
                    <Unicode>stehen kann. Die irisierenden Farben, die Wiener</Unicode>
                </TextEquiv>
            </TextLine>
            <TextLine id="r1l34" custom="readingOrder {index:33;}">
                <Coords points="1442,1780 1895,1787 1989,1759 2022,1786 2322,1786 2322,1721 1442,1728"/>
                <Baseline points="1456,1777 1498,1777 1541,1777 1583,1777 1626,1777 1669,1777 1711,1776 1754,1776 1796,1776 1839,1776 1882,1776 1924,1775 1967,1775 2009,1774 2052,1774 2095,1773 2137,1773 2180,1772 2222,1771 2265,1770 2308,1769"/>
                <TextEquiv>
                    <Unicode>Spielplan der Hoftheater. Der Spielplan</Unicode>
                </TextEquiv>
            </TextLine>
            <TextLine id="r1l35" custom="readingOrder {index:34;}">
                <Coords points="2323,1784 3298,1782 3298,1736 2323,1735"/>
                <Baseline points="2336,1788 2383,1788 2430,1787 2478,1787 2525,1786 2573,1785 2620,1784 2668,1783 2715,1782 2763,1781 2810,1780 2857,1779 2905,1778 2952,1778 3000,1778 3047,1778 3095,1778 3142,1779 3190,1779 3237,1781 3285,1783"/>
                <TextEquiv>
                    <Unicode>Agenzia Stefani meldet, die englische Regierung</Unicode>
                </TextEquiv>
            </TextLine>
            <TextLine id="r1l36" custom="readingOrder {index:35;}">
                <Coords points="366,1818 1346,1809 1345,1757 365,1769"/>
                <Baseline points="379,1811 426,1810 474,1809 522,1809 569,1808 617,1808 665,1807 712,1807 760,1806 808,1806 856,1805 903,1805 951,1805 999,1804 1046,1803 1094,1803 1142,1802 1189,1801 1237,1800 1285,1799 1333,1798"/>
                <TextEquiv>
                    <Unicode>Malern bis zur Manier eigen sind, hier sind sie</Unicode>
                </TextEquiv>
            </TextLine>
            <TextLine id="r1l37" custom="readingOrder {index:36;}">
                <Coords points="1357,1827 2326,1822 2306,1771 1356,1781"/>
                <Baseline points="1371,1822 1418,1822 1465,1821 1512,1821 1559,1821 1606,1821 1653,1821 1700,1820 1747,1820 1794,1820 1841,1819 1888,1818 1935,1818 1982,1817 2029,1817 2076,1816 2123,1815 2170,1814 2217,1814 2264,1813 2312,1812"/>
                <TextEquiv>
                    <Unicode>der Hoftheater wurde für die kommende Woche</Unicode>
                </TextEquiv>
            </TextLine>
            <TextLine id="r1l38" custom="readingOrder {index:37;}">
                <Coords points="2326,1838 3195,1819 3307,1845 3279,1780 2326,1784"/>
                <Baseline points="2340,1832 2387,1832 2435,1833 2483,1833 2530,1832 2578,1832 2626,1831 2673,1830 2721,1829 2769,1828 2817,1827 2864,1826 2912,1825 2960,1824 3007,1823 3055,1823 3103,1823 3150,1824 3198,1824 3246,1825 3294,1827"/>
                <TextEquiv>
                    <Unicode>bewilligte dem mit einem spanischen Schiff von</Unicode>
                </TextEquiv>
            </TextLine>
            <TextLine id="r1l39" custom="readingOrder {index:38;}">
                <Coords points="374,1865 1300,1870 1346,1856 1346,1807 374,1824"/>
                <Baseline points="388,1859 435,1859 482,1859 529,1859 577,1859 624,1858 671,1858 718,1858 766,1857 813,1857 860,1856 907,1856 955,1855 1002,1855 1049,1854 1096,1854 1144,1853 1191,1853 1238,1852 1285,1852 1333,1851"/>
                <TextEquiv>
                    <Unicode>üppig ausgegossen, verwischen alle scharfen</Unicode>
                </TextEquiv>
            </TextLine>
            <TextLine id="r1l40" custom="readingOrder {index:39;}">
                <Coords points="1357,1878 2324,1866 2323,1820 2182,1809 1357,1829"/>
                <Baseline points="1370,1868 1417,1868 1464,1867 1511,1867 1558,1866 1605,1866 1652,1865 1699,1864 1746,1863 1793,1862 1840,1862 1887,1861 1934,1860 1981,1859 2028,1859 2075,1858 2122,1857 2169,1857 2216,1856 2263,1856 2310,1856"/>
                <TextEquiv>
                    <Unicode>wie folgt festgesetzt: O perntheater:</Unicode>
                </TextEquiv>
            </TextLine>
            <TextLine id="r1l41" custom="readingOrder {index:40;}">
                <Coords points="2325,1870 3295,1879 3294,1827 2325,1838"/>
                <Baseline points="2338,1873 2385,1873 2432,1873 2479,1873 2526,1872 2574,1872 2621,1871 2668,1870 2715,1869 2762,1868 2810,1868 2857,1867 2904,1867 2951,1866 2998,1866 3046,1866 3093,1866 3140,1866 3187,1867 3234,1868 3282,1869"/>
                <TextEquiv>
                    <Unicode>Buenos Aires abfahrenden deutschen Gesandten</Unicode>
                </TextEquiv>
            </TextLine>
            <TextLine id="r1l42" custom="readingOrder {index:41;}">
                <Coords points="366,1902 1349,1911 1330,1857 366,1867"/>
                <Baseline points="379,1908 426,1907 474,1906 522,1905 570,1905 617,1904 665,1904 713,1903 761,1903 808,1903 856,1903 904,1903 952,1903 999,1903 1047,1903 1095,1903 1143,1903 1190,1903 1238,1902 1286,1902 1334,1902"/>
                <TextEquiv>
                    <Unicode>Konturen. Weder Tendenz noch Moral noch</Unicode>
                </TextEquiv>
            </TextLine>
            <TextLine id="r1l43" custom="readingOrder {index:42;}">
                <Coords points="1363,1910 2314,1912 2313,1861 2186,1852 1363,1875"/>
                <Baseline points="1378,1911 1424,1911 1470,1911 1516,1911 1562,1911 1608,1910 1654,1909 1701,1909 1747,1908 1793,1907 1839,1906 1885,1906 1931,1905 1977,1903 2024,1903 2070,1902 2116,1901 2162,1901 2208,1900 2254,1900 2301,1900"/>
                <TextEquiv>
                    <Unicode>Sonntag den 7.: „Der Waffenschmied“; Montag</Unicode>
                </TextEquiv>
            </TextLine>
            <TextLine id="r1l44" custom="readingOrder {index:43;}">
                <Coords points="2322,1935 2942,1902 3042,1934 3175,1906 3297,1927 3297,1876 3267,1873 2322,1867"/>
                <Baseline points="2335,1914 2382,1916 2429,1917 2477,1917 2524,1917 2572,1917 2619,1917 2667,1916 2714,1916 2762,1915 2809,1914 2856,1913 2904,1912 2951,1912 2999,1912 3046,1911 3094,1912 3141,1912 3189,1913 3236,1915 3284,1917"/>
                <TextEquiv>
                    <Unicode>Grafen Luxburg freies Geleite nach</Unicode>
                </TextEquiv>
            </TextLine>
            <TextLine id="r1l45" custom="readingOrder {index:44;}">
                <Coords points="1351,1954 2315,1947 2314,1910 2111,1888 1732,1921 1350,1910"/>
                <Baseline points="1365,1955 1411,1955 1458,1955 1505,1955 1552,1954 1599,1954 1646,1953 1692,1952 1739,1951 1786,1950 1833,1949 1880,1949 1927,1947 1974,1947 2020,1946 2067,1945 2114,1945 2161,1944 2208,1944 2255,1944 2302,1944"/>
                <TextEquiv>
                    <Unicode>den 8: „Der Maskenball“; Dienstag den 9.:</Unicode>
                </TextEquiv>
            </TextLine>
            <TextLine id="r1l46" custom="readingOrder {index:45;}">
                <Coords points="379,1961 1351,1953 1351,1909 379,1907"/>
                <Baseline points="392,1956 439,1956 486,1956 533,1956 581,1956 628,1955 675,1955 722,1955 770,1954 817,1954 864,1954 911,1953 959,1953 1006,1953 1053,1952 1100,1952 1148,1952 1195,1952 1242,1952 1289,1952 1337,1952"/>
                <TextEquiv>
                    <Unicode>Weltanschauung steht in dem Buch; nur</Unicode>
                </TextEquiv>
            </TextLine>
            <TextLine id="r1l47" custom="readingOrder {index:46;}">
                <Coords points="2320,1977 2682,1967 2769,1993 2831,1963 3013,1988 3140,1963 3227,1989 3297,1973 3297,1921 2319,1915"/>
                <Baseline points="2332,1965 2379,1964 2427,1963 2474,1962 2522,1961 2569,1960 2617,1960 2664,1959 2712,1958 2759,1957 2807,1957 2854,1956 2902,1956 2949,1956 2997,1956 3044,1956 3092,1956 3139,1957 3187,1957 3234,1958 3282,1959"/>
                <TextEquiv>
                    <Unicode>dem Hafen eines an Deutschland grenzenden</Unicode>
                </TextEquiv>
            </TextLine>
            <TextLine id="r1l48" custom="readingOrder {index:47;}">
                <Coords points="1352,2012 2316,1998 2315,1949 2253,1939 1351,1955"/>
                <Baseline points="1365,2005 1411,2003 1458,2001 1505,1999 1552,1997 1599,1996 1646,1995 1692,1994 1739,1993 1786,1992 1833,1992 1880,1991 1927,1991 1974,1990 2020,1990 2067,1989 2114,1989 2161,1988 2208,1987 2255,1986 2302,1985"/>
                <TextEquiv>
                    <Unicode>„Der Prophet“; Mittwoch den 10.: „Klein Idas</Unicode>
                </TextEquiv>
            </TextLine>
            <TextLine id="r1l49" custom="readingOrder {index:48;}">
                <Coords points="371,2015 1335,2011 1359,1959 370,1963"/>
                <Baseline points="384,2008 432,2007 480,2006 528,2005 576,2005 624,2004 672,2004 720,2003 768,2003 816,2002 864,2002 912,2002 960,2002 1008,2001 1056,2001 1104,2001 1152,2001 1200,2001 1248,2001 1296,2001 1344,2002"/>
                <TextEquiv>
                    <Unicode>Menschen und kleine Szenen. Aber Szenen von</Unicode>
                </TextEquiv>
            </TextLine>
            <TextLine id="r1l50" custom="readingOrder {index:49;}">
                <Coords points="2330,2011 2349,2008 2365,2022 2373,2025 2381,2017 2394,2028 2408,2021 2421,2026 2435,2016 2451,2022 2465,2016 2497,2042 2519,2028 2532,2029 2533,1991 2520,1991 2496,1971 2331,1970"/>
                <Baseline points="2342,2004 2367,2006 2392,2006 2417,2007 2442,2007 2467,2008 2492,2008 2518,2009"/>
                <TextEquiv>
                    <Unicode>Staates.</Unicode>
                </TextEquiv>
            </TextLine>
            <TextLine id="r1l51" custom="readingOrder {index:50;}">
                <Coords points="1359,2052 2322,2044 2322,1993 1358,2006"/>
                <Baseline points="1371,2041 1417,2042 1464,2042 1511,2041 1558,2041 1605,2041 1652,2040 1699,2040 1746,2039 1793,2038 1840,2038 1886,2037 1933,2036 1980,2035 2027,2034 2074,2034 2121,2033 2168,2032 2215,2031 2262,2030 2309,2030"/>
                <TextEquiv>
                    <Unicode>Blumen", „Die Puppenfee“, „Sonne und Erde“:</Unicode>
                </TextEquiv>
            </TextLine>
            <TextLine id="r1l52" custom="readingOrder {index:51;}">
                <Coords points="382,2072 964,2050 1359,2075 1359,2002 382,2020"/>
                <Baseline points="395,2055 442,2055 490,2055 537,2054 585,2054 632,2054 680,2054 727,2054 775,2053 822,2053 870,2053 917,2053 965,2053 1012,2052 1060,2052 1107,2052 1155,2051 1202,2051 1250,2051 1297,2050 1345,2049"/>
                <TextEquiv>
                    <Unicode>einer anmutigen Wahrheit, wie sie der bettel¬</Unicode>
                </TextEquiv>
            </TextLine>
            <TextLine id="r1l53" custom="readingOrder {index:52;}">
                <Coords points="1361,2091 2091,2070 2173,2107 2230,2076 2333,2089 2332,2032 1360,2053"/>
                <Baseline points="1375,2083 1422,2084 1469,2085 1516,2085 1563,2085 1610,2085 1657,2084 1705,2084 1752,2083 1799,2082 1846,2081 1893,2079 1940,2079 1987,2078 2035,2077 2082,2076 2129,2075 2176,2075 2223,2075 2270,2075 2318,2076"/>
                <TextEquiv>
                    <Unicode>Donnerstag den 11.: „Tiefland“; Freitag den</Unicode>
                </TextEquiv>
            </TextLine>
            <TextLine id="r1l54" custom="readingOrder {index:53;}">
                <Coords points="377,2104 1355,2105 1355,2056 377,2055"/>
                <Baseline points="391,2103 438,2104 485,2104 533,2104 580,2104 628,2104 675,2104 723,2103 770,2103 818,2103 865,2102 912,2101 960,2101 1007,2100 1055,2100 1102,2099 1150,2099 1197,2099 1245,2099 1292,2099 1340,2100"/>
                <TextEquiv>
                    <Unicode>arme deutsche Roman so selten kennt; von</Unicode>
                </TextEquiv>
            </TextLine>
            <TextLine id="r1l55" custom="readingOrder {index:54;}">
                <Coords points="2349,2141 3272,2135 3271,2070 3141,2047 2887,2077 2348,2068"/>
                <Baseline points="2362,2124 2406,2124 2451,2124 2496,2124 2541,2124 2586,2124 2631,2123 2675,2123 2720,2122 2765,2121 2810,2121 2855,2120 2900,2119 2945,2119 2989,2118 3034,2118 3079,2118 3124,2117 3169,2118 3214,2118 3259,2119"/>
                <TextEquiv>
                    <Unicode>Reise des Khedive nach Stambul.</Unicode>
                </TextEquiv>
            </TextLine>
            <TextLine id="r1l56" custom="readingOrder {index:55;}">
                <Coords points="1358,2143 1731,2113 1902,2145 1956,2120 2273,2134 2340,2123 2340,2082 1357,2092"/>
                <Baseline points="1372,2133 1419,2130 1467,2128 1515,2127 1562,2126 1610,2125 1658,2124 1705,2124 1753,2124 1801,2123 1849,2124 1896,2124 1944,2124 1992,2124 2039,2124 2087,2124 2135,2124 2182,2123 2230,2123 2278,2122 2326,2120"/>
                <TextEquiv>
                    <Unicode>12.: „Lohengrin“: Samstag den 13.: „Rigo¬</Unicode>
                </TextEquiv>
            </TextLine>
            <TextLine id="r1l57" custom="readingOrder {index:56;}">
                <Coords points="384,2160 1351,2153 1350,2104 1239,2094 384,2111"/>
                <Baseline points="398,2158 445,2156 492,2155 539,2154 586,2153 633,2152 680,2151 727,2151 774,2151 821,2150 868,2150 915,2150 962,2149 1009,2149 1056,2149 1103,2149 1150,2148 1197,2148 1244,2147 1291,2147 1338,2146"/>
                <TextEquiv>
                    <Unicode>Balzac und Flaubert her streift ein belebender</Unicode>
                </TextEquiv>
            </TextLine>
            <TextLine id="r1l58" custom="readingOrder {index:57;}">
                <Coords points="1356,2175 2339,2168 2338,2111 1356,2145"/>
                <Baseline points="1369,2173 1416,2173 1464,2173 1512,2173 1560,2173 1608,2172 1655,2172 1703,2172 1751,2171 1799,2171 1847,2170 1894,2170 1942,2169 1990,2168 2038,2168 2086,2167 2133,2167 2181,2166 2229,2166 2277,2165 2325,2165"/>
                <TextEquiv>
                    <Unicode>letto“; Sonntag den 14.: „Manon“; Montag</Unicode>
                </TextEquiv>
            </TextLine>
            <TextLine id="r1l59" custom="readingOrder {index:58;}">
                <Coords points="2422,2204 3212,2194 3212,2131 2933,2145 2849,2118 2735,2149 2421,2158"/>
                <Baseline points="2435,2191 2473,2189 2511,2187 2549,2186 2587,2185 2625,2184 2663,2183 2702,2183 2740,2182 2778,2182 2816,2182 2854,2182 2892,2182 2930,2182 2969,2182 3007,2182 3045,2182 3083,2182 3121,2181 3159,2181 3198,2181"/>
                <TextEquiv>
                    <Unicode>In einem österreichischen Sonderzug.</Unicode>
                </TextEquiv>
            </TextLine>
            <TextLine id="r1l60" custom="readingOrder {index:59;}">
                <Coords points="386,2210 1356,2200 1355,2154 1282,2149 386,2161"/>
                <Baseline points="399,2207 446,2206 493,2205 540,2204 587,2202 634,2201 681,2200 728,2200 775,2199 822,2198 870,2197 917,2196 964,2196 1011,2196 1058,2195 1105,2195 1152,2195 1199,2195 1246,2195 1293,2195 1341,2195"/>
                <TextEquiv>
                    <Unicode>Hauch. Wir erleben bewundernd, wie jung dieser</Unicode>
                </TextEquiv>
            </TextLine>
            <TextLine id="r1l61" custom="readingOrder {index:60;}">
                <Coords points="1838,2210 1957,2223 1995,2209 2036,2225 2090,2211 2117,2230 2138,2208 2187,2221 2228,2207 2277,2231 2333,2212 2333,2177 2252,2166 1838,2177"/>
                <Baseline points="1852,2202 1877,2205 1903,2207 1929,2209 1955,2210 1981,2210 2007,2210 2033,2210 2059,2209 2085,2208 2111,2207 2137,2206 2163,2205 2189,2204 2215,2204 2241,2204 2267,2205 2293,2206 2319,2208"/>
                <TextEquiv>
                    <Unicode>— Burgtheater:</Unicode>
                </TextEquiv>
            </TextLine>
            <TextLine id="r1l62" custom="readingOrder {index:61;}">
                <Coords points="1359,2233 1397,2219 1803,2224 1835,2210 1835,2186 1799,2167 1578,2176 1548,2195 1507,2172 1358,2176"/>
                <Baseline points="1371,2213 1396,2215 1421,2217 1446,2218 1471,2218 1496,2219 1521,2219 1546,2219 1571,2218 1597,2217 1622,2217 1647,2216 1672,2215 1697,2214 1722,2213 1747,2212 1772,2212 1797,2211 1823,2211"/>
                <TextEquiv>
                    <Unicode>den 15.: „Euryanthe“.</Unicode>
                </TextEquiv>
            </TextLine>
            <TextLine id="r1l63" custom="readingOrder {index:62;}">
                <Coords points="2788,2226 2888,2251 2975,2235 3031,2251 3121,2236 3205,2249 3262,2233 3262,2185 3113,2187 3083,2206 3059,2189 3015,2203 2945,2183 2894,2199 2788,2191"/>
                <Baseline points="2802,2227 2828,2229 2854,2231 2880,2232 2906,2233 2933,2234 2959,2235 2985,2235 3011,2236 3038,2236 3064,2236 3090,2235 3116,2235 3143,2234 3169,2233 3195,2232 3221,2231 3248,2229"/>
                <TextEquiv>
                    <Unicode>KB Zürich, 5. Oktober.</Unicode>
                </TextEquiv>
            </TextLine>
            <TextLine id="r1l64" custom="readingOrder {index:63;}">
                <Coords points="379,2276 655,2243 720,2267 1327,2255 1356,2252 1356,2200 378,2205"/>
                <Baseline points="392,2256 439,2254 487,2253 534,2252 582,2251 629,2250 677,2249 724,2249 772,2248 819,2248 867,2247 914,2247 962,2247 1009,2246 1057,2246 1104,2246 1152,2245 1199,2245 1247,2245 1294,2244 1342,2244"/>
                <TextEquiv>
                    <Unicode>alte Meister Artur Schnitzler doch noch ist, wie</Unicode>
                </TextEquiv>
            </TextLine>
            <TextLine id="r1l65" custom="readingOrder {index:64;}">
                <Coords points="1359,2261 2117,2241 2337,2271 2336,2214 2260,2204 1359,2218"/>
                <Baseline points="1373,2259 1420,2260 1468,2260 1515,2260 1563,2260 1610,2259 1658,2259 1705,2258 1753,2257 1800,2256 1848,2255 1895,2254 1943,2254 1990,2253 2038,2252 2085,2252 2133,2251 2180,2251 2228,2251 2275,2252 2323,2252"/>
                <TextEquiv>
                    <Unicode>Sonntag den 7.: „Die verlorene Tochter";</Unicode>
                </TextEquiv>
            </TextLine>
            <TextLine id="r1l66" custom="readingOrder {index:65;}">
                <Coords points="2352,2297 3245,2296 3281,2290 3280,2228 3167,2253 2351,2240"/>
                <Baseline points="2364,2290 2409,2289 2454,2289 2499,2288 2544,2288 2589,2287 2634,2287 2679,2287 2724,2287 2769,2287 2815,2287 2860,2286 2905,2286 2950,2286 2995,2286 3040,2285 3085,2285 3130,2284 3175,2284 3220,2283 3266,2282"/>
                <TextEquiv>
                    <Unicode>Der Khedive von Aegypten Abbas II.</Unicode>
                </TextEquiv>
            </TextLine>
            <TextLine id="r1l67" custom="readingOrder {index:66;}">
                <Coords points="389,2307 1356,2316 1355,2251 388,2264"/>
                <Baseline points="402,2305 451,2304 500,2303 550,2302 599,2302 649,2301 698,2301 747,2300 797,2300 846,2299 896,2299 945,2298 995,2297 1044,2297 1093,2296 1143,2295 1192,2294 1242,2293 1291,2292 1341,2290"/>
                <TextEquiv>
                    <Unicode>er sich aus seiner Jugend alles gewahrt hat, die</Unicode>
                </TextEquiv>
            </TextLine>
            <TextLine id="r1l68" custom="readingOrder {index:67;}">
                <Coords points="1365,2308 2334,2312 2333,2258 2284,2248 1364,2262"/>
                <Baseline points="1378,2299 1425,2301 1472,2302 1519,2303 1566,2303 1613,2303 1660,2303 1707,2302 1754,2301 1801,2300 1849,2299 1896,2297 1943,2296 1990,2295 2037,2294 2084,2293 2131,2293 2178,2293 2225,2293 2272,2294 2320,2295"/>
                <TextEquiv>
                    <Unicode>Montag den 8.: „Was ihr wollt"; Dienstag den</Unicode>
                </TextEquiv>
            </TextLine>
            <TextLine id="r1l69" custom="readingOrder {index:68;}">
                <Coords points="2323,2345 3301,2325 3281,2282 2323,2291"/>
                <Baseline points="2337,2341 2384,2339 2432,2337 2479,2336 2527,2335 2574,2334 2622,2334 2669,2333 2717,2333 2764,2333 2812,2333 2860,2333 2907,2333 2955,2333 3002,2333 3050,2332 3097,2332 3145,2331 3192,2330 3240,2328 3288,2326"/>
                <TextEquiv>
                    <Unicode>hat heute vormittags in einem von der öster¬</Unicode>
                </TextEquiv>
            </TextLine>
            <TextLine id="r1l70" custom="readingOrder {index:69;}">
                <Coords points="1357,2363 2324,2344 2323,2301 1357,2298"/>
                <Baseline points="1372,2349 1418,2348 1465,2348 1512,2346 1559,2346 1606,2345 1653,2345 1700,2344 1747,2344 1794,2343 1841,2343 1887,2342 1934,2342 1981,2342 2028,2342 2075,2342 2122,2341 2169,2341 2216,2341 2263,2341 2310,2341"/>
                <TextEquiv>
                    <Unicode>9.: „Die verlorene Tochter“; Mittwoch den 10.:</Unicode>
                </TextEquiv>
            </TextLine>
            <TextLine id="r1l71" custom="readingOrder {index:70;}">
                <Coords points="374,2353 1349,2353 1348,2302 1304,2297 373,2313"/>
                <Baseline points="388,2356 435,2355 482,2354 530,2352 577,2351 624,2351 672,2350 719,2349 766,2349 814,2348 861,2347 908,2347 956,2346 1003,2346 1050,2345 1098,2345 1145,2344 1192,2344 1240,2343 1287,2342 1335,2342"/>
                <TextEquiv>
                    <Unicode>glühende Liebe zu einer feinen Erotik, den Esprit,</Unicode>
                </TextEquiv>
            </TextLine>
            <TextLine id="r1l72" custom="readingOrder {index:71;}">
                <Coords points="2331,2389 3235,2379 3306,2408 3305,2321 2331,2345"/>
                <Baseline points="2345,2381 2392,2382 2439,2382 2486,2382 2534,2381 2581,2381 2628,2381 2676,2380 2723,2380 2770,2379 2818,2378 2865,2378 2912,2377 2959,2377 3007,2377 3054,2376 3101,2376 3149,2376 3196,2376 3243,2376 3291,2377"/>
                <TextEquiv>
                    <Unicode>reichischen Regierung zur Verfügung gestellten</Unicode>
                </TextEquiv>
            </TextLine>
            <TextLine id="r1l73" custom="readingOrder {index:72;}">
                <Coords points="1355,2398 2322,2396 2321,2347 2148,2333 1355,2360"/>
                <Baseline points="1369,2394 1416,2394 1463,2394 1510,2393 1557,2393 1604,2392 1651,2391 1698,2391 1745,2390 1792,2389 1839,2388 1886,2388 1933,2387 1980,2386 2027,2386 2074,2385 2121,2385 2168,2384 2215,2384 2262,2384 2309,2384"/>
                <TextEquiv>
                    <Unicode>„Die Räuber“; Donnerstgg=den 11.: „Gespenster“;</Unicode>
                </TextEquiv>
            </TextLine>
            <TextLine id="r1l74" custom="readingOrder {index:73;}">
                <Coords points="375,2419 1353,2401 1352,2352 1276,2347 375,2354"/>
                <Baseline points="388,2401 435,2401 483,2401 530,2401 578,2401 626,2400 673,2400 721,2399 768,2398 816,2397 864,2396 911,2395 959,2395 1006,2394 1054,2394 1102,2393 1149,2393 1197,2393 1244,2393 1292,2394 1340,2395"/>
                <TextEquiv>
                    <Unicode>den niemals irrenden zarten Geschmack. Nur</Unicode>
                </TextEquiv>
            </TextLine>
            <TextLine id="r1l75" custom="readingOrder {index:74;}">
                <Coords points="2332,2437 3298,2430 3298,2392 2331,2388"/>
                <Baseline points="2346,2423 2393,2425 2440,2425 2487,2426 2534,2426 2581,2426 2628,2425 2675,2424 2722,2424 2769,2423 2816,2422 2863,2421 2910,2421 2957,2420 3004,2419 3051,2419 3098,2419 3145,2420 3192,2421 3239,2422 3286,2424"/>
                <TextEquiv>
                    <Unicode>Sonderzug mit großem G= olge Zürich verlassen,</Unicode>
                </TextEquiv>
            </TextLine>
            <TextLine id="r1l76" custom="readingOrder {index:75;}">
                <Coords points="1357,2454 1717,2454 1804,2418 1858,2444 2324,2438 2290,2379 1356,2394"/>
                <Baseline points="1371,2436 1417,2437 1464,2437 1511,2437 1558,2436 1605,2435 1652,2435 1699,2434 1746,2432 1793,2431 1840,2430 1886,2429 1933,2429 1980,2428 2027,2427 2074,2427 2121,2426 2168,2427 2215,2427 2262,2428 2309,2429"/>
                <TextEquiv>
                    <Unicode>Freitag den 12##Die verlorene Tochter";</Unicode>
                </TextEquiv>
            </TextLine>
            <TextLine id="r1l77" custom="readingOrder {index:76;}">
                <Coords points="383,2461 1361,2452 1360,2409 1319,2396 382,2415"/>
                <Baseline points="396,2452 443,2452 491,2451 538,2451 586,2450 633,2449 681,2448 728,2447 776,2446 823,2445 871,2444 918,2443 966,2442 1013,2442 1061,2441 1108,2440 1156,2440 1203,2440 1251,2440 1298,2441 1346,2442"/>
                <TextEquiv>
                    <Unicode>Vollreife und gesättigten Stillstand hat das Alt¬</Unicode>
                </TextEquiv>
            </TextLine>
            <TextLine id="r1l78" custom="readingOrder {index:77;}">
                <Coords points="2329,2478 3238,2497 3303,2485 3303,2418 2328,2438"/>
                <Baseline points="2341,2471 2388,2471 2435,2470 2483,2469 2530,2469 2578,2468 2625,2468 2672,2467 2720,2467 2767,2466 2815,2466 2862,2465 2909,2465 2957,2465 3004,2465 3052,2465 3099,2465 3146,2465 3194,2465 3241,2465 3289,2466"/>
                <TextEquiv>
                    <Unicode>um über Buchs und Wien nach Konstantinopel</Unicode>
                </TextEquiv>
            </TextLine>
            <TextLine id="r1l79" custom="readingOrder {index:78;}">
                <Coords points="1361,2490 2311,2486 2329,2413 1360,2442"/>
                <Baseline points="1373,2478 1420,2478 1467,2478 1514,2478 1561,2477 1608,2477 1655,2476 1703,2476 1750,2475 1797,2475 1844,2474 1891,2473 1938,2473 1985,2472 2033,2472 2080,2471 2127,2471 2174,2470 2221,2470 2268,2470 2316,2471"/>
                <TextEquiv>
                    <Unicode>Samstag don 13.: „Egmont“ (Fräulein Annie</Unicode>
                </TextEquiv>
            </TextLine>
            <TextLine id="r1l80" custom="readingOrder {index:79;}">
                <Coords points="375,2499 1355,2496 1354,2450 1316,2445 374,2461"/>
                <Baseline points="388,2501 435,2501 483,2501 530,2500 578,2500 626,2499 673,2498 721,2497 768,2496 816,2496 864,2494 911,2494 959,2493 1006,2492 1054,2491 1102,2491 1149,2490 1197,2490 1244,2490 1292,2490 1340,2490"/>
                <TextEquiv>
                    <Unicode>werden ihm auferlegt. Die Geschichte vom</Unicode>
                </TextEquiv>
            </TextLine>
            <TextLine id="r1l81" custom="readingOrder {index:80;}">
                <Coords points="1358,2533 1827,2555 1973,2516 2241,2552 2333,2510 2561,2543 2560,2473 2522,2465 1358,2484"/>
                <Baseline points="1373,2524 1431,2524 1490,2524 1549,2523 1607,2523 1666,2522 1725,2522 1783,2521 1842,2521 1901,2520 1960,2520 2018,2519 2077,2519 2136,2518 2194,2518 2253,2517 2312,2516 2370,2516 2429,2515 2488,2514 2547,2513"/>
                <TextEquiv>
                    <Unicode>Rosar „als Gast); Sonntag dep 14.: „Gold= zu reisen.</Unicode>
                </TextEquiv>
            </TextLine>
            <TextLine id="r1l82" custom="readingOrder {index:81;}">
                <Coords points="382,2566 1310,2556 1346,2550 1346,2502 382,2509"/>
                <Baseline points="394,2551 443,2548 492,2546 542,2545 591,2544 641,2543 690,2543 739,2543 789,2543 838,2543 888,2543 937,2544 987,2544 1036,2545 1085,2545 1135,2545 1184,2545 1234,2544 1283,2544 1333,2543"/>
                <TextEquiv>
                    <Unicode>Badearzt Dr. Gräsler (erschienen ist sie natür¬</Unicode>
                </TextEquiv>
            </TextLine>
            <TextLine id="r1l83" custom="readingOrder {index:82;}">
                <Coords points="1355,2604 1368,2603 1384,2589 1403,2591 1421,2579 1446,2581 1456,2572 1467,2577 1480,2563 1502,2576 1524,2569 1521,2507 1505,2508 1481,2528 1470,2525 1454,2532 1424,2527 1381,2529 1376,2535 1365,2527 1351,2528"/>
                <Baseline points="1368,2574 1396,2569 1424,2566 1453,2566 1481,2566 1510,2566"/>
                <TextEquiv>
                    <Unicode>fischer.</Unicode>
                </TextEquiv>
            </TextLine>
            <TextLine id="r1l84" custom="readingOrder {index:83;}">
                <Coords points="382,2615 1357,2620 1337,2542 382,2566"/>
                <Baseline points="394,2598 441,2597 488,2596 536,2596 583,2596 631,2595 678,2595 726,2595 773,2595 821,2595 868,2595 915,2595 963,2595 1010,2594 1058,2594 1105,2593 1153,2592 1200,2591 1248,2590 1295,2588 1343,2586"/>
                <TextEquiv>
                    <Unicode>lich bei S. Fischer) ist fast unheimlich geglättet</Unicode>
                </TextEquiv>
            </TextLine>
            <TextLine id="r1l85" custom="readingOrder {index:84;}">
                <Coords points="2176,2615 2200,2611 2211,2619 2227,2613 2252,2621 2262,2615 2306,2620 2314,2611 2330,2614 2328,2538 2293,2544 2271,2539 2253,2551 2209,2543 2196,2555 2174,2552"/>
                <Baseline points="2190,2610 2215,2609 2240,2609 2265,2607 2290,2607 2316,2608"/>
                <TextEquiv>
                    <Unicode>„Der</Unicode>
                </TextEquiv>
            </TextLine>
            <TextLine id="r1l86" custom="readingOrder {index:85;}">
                <Coords points="1461,2629 1732,2633 1764,2606 1843,2629 1948,2616 1975,2637 1991,2635 1992,2567 1794,2585 1748,2568 1718,2582 1691,2563 1461,2570"/>
                <Baseline points="1474,2615 1499,2615 1524,2616 1549,2616 1574,2617 1600,2617 1625,2618 1650,2619 1675,2619 1700,2619 1726,2620 1751,2620 1776,2620 1801,2620 1826,2620 1852,2619 1877,2619 1902,2619 1927,2618 1952,2617 1978,2616"/>
                <TextEquiv>
                    <Unicode>Einberufung Karl</Unicode>
                </TextEquiv>
            </TextLine>
            <TextLine id="r1l87" custom="readingOrder {index:86;}">
                <Coords points="381,2660 416,2654 435,2670 522,2654 714,2677 790,2668 790,2614 752,2620 736,2604 573,2610 554,2599 522,2613 405,2605 381,2616"/>
                <Baseline points="394,2648 419,2648 445,2648 470,2647 496,2647 521,2647 547,2647 572,2647 598,2647 623,2647 649,2647 674,2647 700,2647 725,2646 751,2646 777,2645"/>
                <TextEquiv>
                    <Unicode>und abgeschlossen.</Unicode>
                </TextEquiv>
            </TextLine>
            <TextLine id="r1l88" custom="readingOrder {index:87;}">
                <Coords points="2430,2666 2617,2646 2701,2682 2796,2655 2850,2683 2937,2664 3121,2684 3189,2658 3189,2606 3100,2562 3021,2581 2710,2538 2604,2557 2431,2539"/>
                <Baseline points="2443,2650 2479,2649 2516,2648 2552,2647 2589,2647 2626,2647 2662,2647 2699,2647 2735,2647 2772,2647 2809,2648 2845,2649 2882,2649 2918,2650 2955,2650 2992,2650 3028,2651 3065,2651 3101,2652 3138,2652 3175,2651"/>
                <TextEquiv>
                    <Unicode>Die Friedensfrage.</Unicode>
                </TextEquiv>
            </TextLine>
            <TextLine id="r1l89" custom="readingOrder {index:88;}">
                <Coords points="1349,2667 2340,2655 2339,2617 2125,2587 1995,2624 1762,2605 1733,2632 1524,2637 1418,2609 1348,2634"/>
                <Baseline points="1363,2664 1411,2664 1459,2665 1507,2665 1555,2665 1604,2665 1652,2665 1700,2665 1748,2664 1796,2664 1845,2663 1893,2663 1941,2662 1989,2661 2037,2660 2086,2659 2134,2658 2182,2656 2230,2655 2278,2654 2327,2653"/>
                <TextEquiv>
                    <Unicode>Dichter Dr. Karl Schönhe#tMfr-dereits</Unicode>
                </TextEquiv>
            </TextLine>
            <TextLine id="r1l90" custom="readingOrder {index:89;}">
                <Coords points="1364,2719 2325,2707 2300,2661 1363,2668"/>
                <Baseline points="1376,2718 1422,2715 1469,2713 1516,2711 1563,2709 1609,2708 1656,2707 1703,2706 1750,2705 1796,2704 1843,2704 1890,2703 1937,2703 1983,2703 2030,2702 2077,2702 2124,2702 2170,2701 2217,2701 2264,2701 2311,2700"/>
                <TextEquiv>
                    <Unicode>seinerzeit sieben Monate militärischen Dienst ge¬</Unicode>
                </TextEquiv>
            </TextLine>
            <TextLine id="r1l91" custom="readingOrder {index:90;}">
                <Coords points="417,2719 1210,2727 1359,2710 1359,2664 1280,2640 1153,2673 933,2644 416,2671"/>
                <Baseline points="431,2717 476,2716 522,2715 568,2715 613,2715 659,2715 705,2715 750,2715 796,2716 842,2716 888,2716 933,2716 979,2716 1025,2716 1070,2716 1116,2716 1162,2715 1207,2714 1253,2712 1299,2710 1345,2708"/>
                <TextEquiv>
                    <Unicode>Im einzelnen, im Detail, im Satz eine Voll¬</Unicode>
                </TextEquiv>
            </TextLine>
            <TextLine id="r1l92" custom="readingOrder {index:91;}">
                <Coords points="2332,2771 3022,2747 3304,2777 3304,2691 3245,2677 2332,2685"/>
                <Baseline points="2346,2746 2393,2746 2440,2745 2487,2745 2534,2745 2582,2745 2629,2745 2676,2745 2723,2745 2770,2745 2818,2745 2865,2745 2912,2746 2959,2746 3006,2746 3054,2746 3101,2746 3148,2746 3195,2746 3242,2745 3290,2745"/>
                <TextEquiv>
                    <Unicode>Das Vermittlungsanbot des Papstes.</Unicode>
                </TextEquiv>
            </TextLine>
            <TextLine id="r1l93" custom="readingOrder {index:92;}">
                <Coords points="1360,2753 2246,2758 2329,2744 2329,2708 1360,2718"/>
                <Baseline points="1373,2759 1420,2757 1467,2755 1514,2753 1561,2752 1608,2751 1655,2751 1702,2750 1749,2750 1796,2750 1844,2750 1891,2750 1938,2749 1985,2749 2032,2749 2079,2749 2126,2748 2173,2748 2220,2747 2267,2746 2315,2744"/>
                <TextEquiv>
                    <Unicode>leistet hat, wurde nun neuerlich einberufen.</Unicode>
                </TextEquiv>
            </TextLine>
            <TextLine id="r1l94" custom="readingOrder {index:93;}">
                <Coords points="382,2783 1310,2772 1351,2758 1351,2715 381,2712"/>
                <Baseline points="396,2768 443,2767 490,2766 537,2766 584,2765 631,2765 678,2765 725,2764 772,2764 819,2764 866,2764 913,2764 960,2764 1007,2763 1054,2763 1101,2762 1148,2762 1195,2761 1242,2759 1289,2758 1337,2756"/>
                <TextEquiv>
                    <Unicode>kommenheit, ein restloses Aufgehen aller artisti¬</Unicode>
                </TextEquiv>
            </TextLine>
            <TextLine id="r1l95" custom="readingOrder {index:94;}">
                <Coords points="1356,2802 2320,2792 2320,2749 1746,2740 1467,2771 1356,2748"/>
                <Baseline points="1371,2803 1417,2801 1464,2800 1511,2798 1558,2797 1605,2796 1651,2795 1698,2795 1745,2795 1792,2794 1839,2794 1885,2794 1932,2794 1979,2793 2026,2793 2073,2792 2119,2792 2166,2791 2213,2790 2260,2788 2307,2787"/>
                <TextEquiv>
                    <Unicode>Zur Leitung der Proben seines neuen Werkes</Unicode>
                </TextEquiv>
            </TextLine>
            <TextLine id="r1l96" custom="readingOrder {index:95;}">
                <Coords points="2489,2820 2598,2815 2692,2839 2725,2815 2806,2820 2836,2801 2857,2820 3069,2826 3117,2807 3117,2769 3050,2777 2977,2752 2836,2769 2795,2750 2760,2766 2687,2753 2652,2777 2549,2755 2489,2774"/>
                <Baseline points="2504,2802 2534,2804 2564,2806 2594,2807 2624,2807 2654,2808 2684,2808 2714,2808 2744,2807 2774,2807 2804,2807 2834,2806 2864,2806 2894,2805 2924,2805 2954,2805 2984,2805 3014,2805 3044,2806 3074,2807 3105,2808"/>
                <TextEquiv>
                    <Unicode>Eine englische Bestätigung.</Unicode>
                </TextEquiv>
            </TextLine>
            <TextLine id="r1l97" custom="readingOrder {index:96;}">
                <Coords points="396,2817 1365,2828 1365,2771 1289,2763 396,2781"/>
                <Baseline points="410,2816 457,2815 504,2814 551,2813 598,2813 645,2813 692,2813 739,2813 786,2813 833,2813 880,2813 927,2814 974,2814 1021,2814 1068,2813 1115,2813 1162,2812 1209,2811 1256,2810 1303,2808 1351,2806"/>
                <TextEquiv>
                    <Unicode>schen Problewe — fast zu viel, fast zu gut. In</Unicode>
                </TextEquiv>
            </TextLine>
            <TextLine id="r1l98" custom="readingOrder {index:97;}">
                <Coords points="1370,2849 1674,2859 1868,2821 1923,2847 2269,2845 2339,2831 2339,2779 1370,2814"/>
                <Baseline points="1383,2846 1430,2844 1477,2841 1524,2840 1571,2838 1619,2837 1666,2836 1713,2835 1760,2835 1807,2834 1855,2834 1902,2834 1949,2834 1996,2833 2043,2833 2091,2833 2138,2832 2185,2832 2232,2831 2279,2830 2327,2829"/>
                <TextEquiv>
                    <Unicode>„Fxau Suitner" im Burgtheater erhielt</Unicode>
                </TextEquiv>
            </TextLine>
            <TextLine id="r1l99" custom="readingOrder {index:98;}">
                <Coords points="2719,2875 2884,2859 3114,2875 3171,2858 3233,2877 3285,2853 3284,2809 3238,2823 3168,2790 3030,2826 2838,2802 2816,2818 2719,2816"/>
                <Baseline points="2731,2854 2759,2854 2787,2854 2816,2854 2844,2854 2872,2853 2901,2853 2929,2853 2957,2853 2986,2853 3014,2853 3043,2853 3071,2853 3099,2853 3128,2853 3156,2853 3184,2853 3213,2853 3241,2853 3270,2853"/>
                <TextEquiv>
                    <Unicode>KB Rotterdam, 5. Oktober.</Unicode>
                </TextEquiv>
            </TextLine>
            <TextLine id="r1l100" custom="readingOrder {index:99;}">
                <Coords points="383,2868 1363,2862 1362,2819 1278,2809 464,2832 382,2806"/>
                <Baseline points="396,2867 443,2867 491,2866 538,2866 586,2865 634,2865 681,2864 729,2864 777,2863 824,2863 872,2862 920,2862 967,2861 1015,2860 1063,2860 1110,2859 1158,2859 1206,2858 1253,2857 1301,2857 1349,2856"/>
                <TextEquiv>
                    <Unicode>Deutschland werden sie zu diesem österreichischen</Unicode>
                </TextEquiv>
            </TextLine>
            <TextLine id="r1l101" custom="readingOrder {index:100;}">
                <Coords points="1358,2895 2333,2883 2332,2848 2167,2828 1358,2851"/>
                <Baseline points="1373,2886 1420,2885 1467,2884 1515,2882 1562,2881 1609,2881 1657,2880 1704,2879 1751,2879 1799,2878 1846,2878 1893,2878 1941,2878 1988,2877 2035,2877 2083,2876 2130,2876 2177,2875 2225,2875 2272,2873 2320,2872"/>
                <TextEquiv>
                    <Unicode>Dk. Schönherr einen Aufschab des Einrückungs¬</Unicode>
                </TextEquiv>
            </TextLine>
            <TextLine id="r1l102" custom="readingOrder {index:101;}">
                <Coords points="2363,2913 3314,2912 3313,2836 3232,2877 2650,2853 2561,2877 2482,2840 2363,2867"/>
                <Baseline points="2378,2908 2424,2908 2470,2909 2516,2909 2562,2910 2608,2910 2654,2910 2700,2910 2746,2910 2792,2910 2839,2910 2885,2909 2931,2909 2977,2909 3023,2908 3069,2907 3115,2907 3161,2906 3207,2906 3253,2905 3300,2904"/>
                <TextEquiv>
                    <Unicode>Nach dem Nieuwe Rotterdamsche Couran¬</Unicode>
                </TextEquiv>
            </TextLine>
            <TextLine id="r1l103" custom="readingOrder {index:102;}">
                <Coords points="390,2939 525,2911 1359,2911 1331,2862 389,2869"/>
                <Baseline points="404,2914 451,2914 498,2914 545,2914 592,2913 639,2913 686,2912 733,2912 780,2912 827,2911 875,2911 922,2910 969,2910 1016,2909 1063,2909 1110,2908 1157,2907 1204,2907 1251,2906 1298,2906 1346,2905"/>
                <TextEquiv>
                    <Unicode>Werk wieder sagen: liebenswürdig. Aber es ist</Unicode>
                </TextEquiv>
            </TextLine>
            <TextLine id="r1l104" custom="readingOrder {index:103;}">
                <Coords points="1367,2954 1559,2922 1987,2923 2060,2950 2182,2924 2304,2953 2325,2879 1366,2884"/>
                <Baseline points="1381,2925 1427,2926 1474,2926 1520,2926 1567,2926 1613,2926 1660,2926 1706,2926 1753,2926 1799,2926 1846,2925 1893,2925 1939,2924 1986,2924 2032,2922 2079,2922 2125,2921 2172,2920 2218,2918 2265,2917 2312,2916"/>
                <TextEquiv>
                    <Unicode>kermines bis nach dem 29. Oktober Dann wird</Unicode>
                </TextEquiv>
            </TextLine>
            <TextLine id="r1l105" custom="readingOrder {index:104;}">
                <Coords points="2318,2966 3247,2970 3312,2964 3312,2913 2318,2917"/>
                <Baseline points="2331,2955 2379,2955 2427,2956 2476,2956 2524,2956 2572,2956 2621,2956 2669,2956 2717,2956 2766,2955 2814,2955 2862,2954 2911,2954 2959,2953 3007,2953 3056,2952 3104,2952 3152,2951 3201,2951 3249,2950 3298,2950"/>
                <TextEquiv>
                    <Unicode>erfährt Daily Telegraph aus Rom unter dem</Unicode>
                </TextEquiv>
            </TextLine>
            <TextLine id="r1l106" custom="readingOrder {index:105;}">
                <Coords points="398,2977 1326,2970 1378,2945 1377,2896 397,2925"/>
                <Baseline points="411,2961 458,2961 506,2961 554,2960 601,2960 649,2960 697,2960 744,2959 792,2959 840,2959 888,2959 935,2959 983,2959 1031,2958 1078,2958 1126,2958 1174,2958 1221,2957 1269,2957 1317,2957 1365,2957"/>
                <TextEquiv>
                    <Unicode>elastische Kraft darin, die Geschichte biegt sich wie</Unicode>
                </TextEquiv>
            </TextLine>
            <TextLine id="r1l107" custom="readingOrder {index:106;}">
                <Coords points="1368,2992 1639,2972 1985,2986 2069,2971 2069,2946 1987,2923 1765,2940 1559,2922 1367,2949"/>
                <Baseline points="1380,2970 1413,2970 1447,2971 1481,2971 1515,2970 1548,2970 1582,2969 1616,2968 1650,2967 1683,2966 1717,2966 1751,2965 1785,2964 1818,2963 1852,2962 1886,2962 1920,2962 1953,2962 1987,2962 2021,2964 2055,2965"/>
                <TextEquiv>
                    <Unicode>er zu seinem Regiment einrücken.</Unicode>
                </TextEquiv>
            </TextLine>
            <TextLine id="r1l108" custom="readingOrder {index:107;}">
                <Coords points="2324,3008 3304,3013 3303,2951 2323,2965"/>
                <Baseline points="2337,3003 2384,3003 2432,3003 2479,3003 2527,3003 2575,3002 2622,3002 2670,3001 2718,3000 2765,2999 2813,2998 2861,2997 2908,2997 2956,2996 3004,2996 3051,2995 3099,2996 3147,2996 3194,2997 3242,2997 3290,2999"/>
                <TextEquiv>
                    <Unicode>2. d., daß der Papst tatsächlich der</Unicode>
                </TextEquiv>
            </TextLine>
            <TextLine id="r1l109" custom="readingOrder {index:108;}">
                <Coords points="392,3020 790,3043 847,3016 931,3043 969,3015 1110,3039 1283,3006 1337,3036 1375,3017 1375,2946 392,2974"/>
                <Baseline points="405,3010 452,3009 500,3009 548,3009 596,3009 644,3009 691,3009 739,3009 787,3010 835,3010 883,3010 930,3010 978,3010 1026,3010 1074,3009 1122,3009 1169,3008 1217,3007 1265,3006 1313,3005 1361,3003"/>
                <TextEquiv>
                    <Unicode>ein Florett, mit dem ein starker, harter Meisteyes</Unicode>
                </TextEquiv>
            </TextLine>
            <TextLine id="r1l110" custom="readingOrder {index:109;}">
                <Coords points="1394,3014 2328,3022 2328,2954 2201,2979 2163,2941 2084,2947 1981,2988 1394,2979"/>
                <Baseline points="1408,3012 1453,3013 1498,3013 1544,3013 1589,3013 1634,3013 1680,3013 1725,3013 1770,3013 1816,3013 1861,3013 1906,3013 1952,3013 1997,3012 2042,3012 2088,3012 2133,3011 2178,3011 2224,3010 2269,3010 2315,3009"/>
                <TextEquiv>
                    <Unicode>Heutiges Konzert: Großer#lsikvereinssaal,</Unicode>
                </TextEquiv>
            </TextLine>
            <TextLine id="r1l111" custom="readingOrder {index:110;}">
                <Coords points="1105,3050 3266,3060 3298,3003 1105,3023"/>
                <Baseline points="1119,3049 1227,3051 1335,3053 1443,3054 1552,3055 1660,3055 1768,3055 1876,3055 1985,3054 2093,3053 2201,3052 2309,3051 2418,3050 2526,3049 2634,3048 2742,3046 2851,3045 2959,3043 3067,3042 3175,3041 3284,3040"/>
                <TextEquiv>
                    <Unicode>R. fA. B.77 Uhr abends: Bunter Abend für das Rote Entente sein: Vermittlung an¬</Unicode>
                </TextEquiv>
            </TextLine>
            <TextLine id="r1l112" custom="readingOrder {index:111;}">
                <Coords points="387,3070 450,3093 495,3072 618,3090 634,3073 672,3080 725,3065 724,3024 681,3017 670,3026 643,3016 629,3027 610,3017 600,3028 586,3015 561,3016 535,3036 515,3020 386,3027"/>
                <Baseline points="401,3073 426,3071 452,3069 478,3068 504,3066 530,3066 556,3066 581,3065 607,3065 633,3064 659,3063 685,3062 711,3060"/>
                <TextEquiv>
                    <Unicode>spielt. Spielt.</Unicode>
                </TextEquiv>
            </TextLine>
            <TextLine id="r1l113" custom="readingOrder {index:112;}">
                <Coords points="2303,3132 2849,3096 3104,3124 3266,3084 3266,3049 2302,3053"/>
                <Baseline points="2317,3098 2363,3098 2410,3097 2457,3097 2504,3096 2550,3095 2597,3094 2644,3094 2691,3093 2737,3092 2784,3092 2831,3091 2878,3091 2924,3090 2971,3090 3018,3090 3065,3090 3111,3090 3158,3090 3205,3090 3252,3090"/>
                <TextEquiv>
                    <Unicode>lgeboten habe und ihre Antwort abwarte.</Unicode>
                </TextEquiv>
            </TextLine>
            <TextLine id="r1l114" custom="readingOrder {index:113;}">
                <Coords points="1319,3109 1398,3107 1451,3130 1473,3122 1500,3131 1538,3123 1539,3063 1518,3066 1499,3057 1488,3068 1466,3068 1412,3053 1385,3064 1363,3058 1344,3074 1320,3076"/>
                <Baseline points="1334,3105 1361,3101 1388,3099 1415,3100 1442,3101 1469,3102 1496,3104 1524,3105"/>
                <TextEquiv>
                    <Unicode>Kreuz.</Unicode>
                </TextEquiv>
            </TextLine>
            <TextEquiv>
                <Unicode>box 4/9
Badearzt
29. Doktor Graesler
rrasien saasaher
Gemahl wird stark beschäftigt sein. Für den
Vierten nächsten Monats erwarten wir Seine
Hoheit den Herzog von Sigmaringen mit Ge¬
mahlin, Kindern und Suite... Wir haben hier
einen gesegneten Fleck Erde. Ein kleines
Paradies. Und, wie der Schriftsteller Rüdenau¬
Debufern
—.—  9
M. Opernthealer gelangt morgen Sontt.
Hansen sagt, ein regelmäßiger Besucher unserer
Schwedens wegen der Depeschen¬
tag „Der Waffenschmied“ zur Aufführung
Insel seit zwölf Jahren..
saffäre ausgedrückt und die Versicherung ab¬
Anfang 7 Uhr.
Im Deutschen Volkstheater gelangt gegeben wird, daß diese Vorgänge sich nicht
Schluß. Den Rest muß man ahnen.
woiederholen werden.
Samstag den 13. d. Ludwig Fuldas Lustspiel „Die
Es ist eine abgerundete Geschichte von einer
Freies Geleite für Graf Luxburg.
wilde Jagd“ zur ersten Aufführung. Spielleiter
süßen Reife, von einem leise herbstlichen
23 Berlin,Oktober. (Priv.=Tel.)
Dr. Heinz Schulbaur. Der Kartenverkauf für
Sonnenschmelz, daß man nur staunend vor ihr
diese Vorstellung beginnt heute Samstag.
Das Tageblatt meldet aus Zürich: Die
stehen kann. Die irisierenden Farben, die Wiener
Spielplan der Hoftheater. Der Spielplan
Agenzia Stefani meldet, die englische Regierung
Malern bis zur Manier eigen sind, hier sind sie
der Hoftheater wurde für die kommende Woche
bewilligte dem mit einem spanischen Schiff von
üppig ausgegossen, verwischen alle scharfen
wie folgt festgesetzt: O perntheater:
Buenos Aires abfahrenden deutschen Gesandten
Konturen. Weder Tendenz noch Moral noch
Sonntag den 7.: „Der Waffenschmied“; Montag
Grafen Luxburg freies Geleite nach
den 8: „Der Maskenball“; Dienstag den 9.:
Weltanschauung steht in dem Buch; nur
dem Hafen eines an Deutschland grenzenden
„Der Prophet“; Mittwoch den 10.: „Klein Idas
Menschen und kleine Szenen. Aber Szenen von
Staates.
Blumen", „Die Puppenfee“, „Sonne und Erde“:
einer anmutigen Wahrheit, wie sie der bettel¬
Donnerstag den 11.: „Tiefland“; Freitag den
arme deutsche Roman so selten kennt; von
Reise des Khedive nach Stambul.
12.: „Lohengrin“: Samstag den 13.: „Rigo¬
Balzac und Flaubert her streift ein belebender
letto“; Sonntag den 14.: „Manon“; Montag
In einem österreichischen Sonderzug.
Hauch. Wir erleben bewundernd, wie jung dieser
— Burgtheater:
den 15.: „Euryanthe“.
KB Zürich, 5. Oktober.
alte Meister Artur Schnitzler doch noch ist, wie
Sonntag den 7.: „Die verlorene Tochter";
Der Khedive von Aegypten Abbas II.
er sich aus seiner Jugend alles gewahrt hat, die
Montag den 8.: „Was ihr wollt"; Dienstag den
hat heute vormittags in einem von der öster¬
9.: „Die verlorene Tochter“; Mittwoch den 10.:
glühende Liebe zu einer feinen Erotik, den Esprit,
reichischen Regierung zur Verfügung gestellten
„Die Räuber“; Donnerstgg=den 11.: „Gespenster“;
den niemals irrenden zarten Geschmack. Nur
Sonderzug mit großem G= olge Zürich verlassen,
Freitag den 12##Die verlorene Tochter";
Vollreife und gesättigten Stillstand hat das Alt¬
um über Buchs und Wien nach Konstantinopel
Samstag don 13.: „Egmont“ (Fräulein Annie
werden ihm auferlegt. Die Geschichte vom
Rosar „als Gast); Sonntag dep 14.: „Gold= zu reisen.
Badearzt Dr. Gräsler (erschienen ist sie natür¬
fischer.
lich bei S. Fischer) ist fast unheimlich geglättet
„Der
Einberufung Karl
und abgeschlossen.
Die Friedensfrage.
Dichter Dr. Karl Schönhe#tMfr-dereits
seinerzeit sieben Monate militärischen Dienst ge¬
Im einzelnen, im Detail, im Satz eine Voll¬
Das Vermittlungsanbot des Papstes.
leistet hat, wurde nun neuerlich einberufen.
kommenheit, ein restloses Aufgehen aller artisti¬
Zur Leitung der Proben seines neuen Werkes
Eine englische Bestätigung.
schen Problewe — fast zu viel, fast zu gut. In
„Fxau Suitner" im Burgtheater erhielt
KB Rotterdam, 5. Oktober.
Deutschland werden sie zu diesem österreichischen
Dk. Schönherr einen Aufschab des Einrückungs¬
Nach dem Nieuwe Rotterdamsche Couran¬
Werk wieder sagen: liebenswürdig. Aber es ist
kermines bis nach dem 29. Oktober Dann wird
erfährt Daily Telegraph aus Rom unter dem
elastische Kraft darin, die Geschichte biegt sich wie
er zu seinem Regiment einrücken.
2. d., daß der Papst tatsächlich der
ein Florett, mit dem ein starker, harter Meisteyes
Heutiges Konzert: Großer#lsikvereinssaal,
R. fA. B.77 Uhr abends: Bunter Abend für das Rote Entente sein: Vermittlung an¬
spielt. Spielt.
lgeboten habe und ihre Antwort abwarte.
Kreuz.</Unicode>
            </TextEquiv>
        </TextRegion>
    </Page>
</PcGts>
