3436 4320
1269 185 1703 249 Badearzt
274 184 1212 276 29. Doktor Graesler
1811 166 2219 281 box 4/8
490 201 1702 294 Lekterardesien, Badcurzt
725 811 1177 1009 Nr. 126.
545 1001 1345 1094 Sonnabend, den 10. März 1917.
1662 913 3158 1097 Berliner Tageblatt.
1761 1096 2564 1161 Srte ee e e e en uenescheee
835 1043 1508 1182 enere en e er ee
1752 1136 3364 1209 aufgesunden. Der Knabe war in schwarzweißen Kleiberstöff unddache verhaftet, dal
568 1161 1757 1223 Die „Norddeutsche Allgemeine Zeitung“ veröffentlicht solge##
1764 1186 3000 1234 schwarzen Futterstoff gehüllt und wurde dem Krankenhause in den
2999 1186 3361 1254 mit Brillanten bes
512 1201 1759 1272 Nachruf des Chefs des Generalstabes des Feld¬
1757 1221 3000 1287 Hubertusstraße in Sichtenberg übergeben. Wer das Kind ausgesetzt
2999 1245 3358 1297 suchung wurde au
517 1236 756 1313 heeres:
1765 1261 2554 1326 hat, konnte bisher nich #estgestellt werden.
2989 1276 3361 1331 das er gelegentlich
572 1283 1768 1363 Am 8. März verschied zu Berlin der königlich württembergische
1799 1305 2998 1364 Der Schneefall hat gestern gegen abend aufgehört; auch die Tem¬
2995 1305 3368 1371 Amtszimmer gesto
510 1351 1751 1407 General der Kavallerie, General à la suite Seiner Majestät des
2998 1346 3367 1404 in dem Hotel woh
1755 1348 2999 1393 peratur hat eine weitere Zunahme erfahren. Sie bewegte sich in den
2995 1384 3363 1443 hatte sich auch einen
510 1377 1764 1448 Königs, Graf v. Zeppelin. Die Trauer des deutschen Volkes
1758 1387 2991 1443 Abendstunden um den Nullpunkt. Auf den stärker befahrenen Straßen
2991 1416 3364 1480 das Eiserne Kreuz
519 1424 1763 1477 um den Heimgang seines großen Sohnes teilt in tiefstem Schmerze
1753 1434 3000 1486 löst sich der Schnee bereits in Schmutzhaufen auf. Dank der
2989 1463 3365 1508 kammer des Land
513 1470 1760 1532 der deutsche Generalstab. Wir gedenken dankbar der langen Jahre
1757 1480 3001 1529 fleißigen Arbeit der freiwilligen Helfer konnte der Verkehr ziemlich
3003 1495 3365 1554 sechs Monate Gef#
517 1515 1754 1578 unermüdlicher Arbeit, in denen des Entschlafenen schöpferischer Geist
1767 1510 2994 1571 unbehindert von statten gehen. Aus Thorn meldet uns ein
3002 1542 3381 1606 Haftstrafe und fün
509 1556 1764 1617 und seine kühne Hand das Werkzeug schuf, aus dem uns Deutschen
1759 1565 3000 1621 Privat=Telegramm, daß bei orkanartigem Sturm und abnehmender
2994 1569 3204 1635 gerechnet.
517 1587 1754 1647 im Deseinskampfe ein starkes Kriegsmittel erstand. Und wie sein
1759 1587 3003 1663 Kälte im Weichselgebiet starke Schneemassen niedergingen. Infolge
3041 1598 3372 1678 21 700 Mark
507 1640 1761 1702 Werk dem Heere zur stolzen Waffe wurde, so ward sein ganzes
1750 1629 2994 1691 der großen Schneeverwehungen sind viele Verkehrsstockungen ein¬
2996 1630 3366 1722 aus Grünberg w
1431 1711 1529 1770 Sn
1213 1699 1275 1769 1
2984 1705 3107 1781 8
1751 1769 2999 1828 aber merkte er, daß sie ihn aufmerksam und traurig betrachtete.
2989 1772 3368 1838 wohl noch eine B
1752 1823 2993 1874 „Was hast du?“ fragte er. Sie schüttelte nur den Kopf und
2988 1823 3099 1875 Son
3249 1826 3364 1885 chelte¬
508 1766 1753 1930 Doktor Gräsler, Badearzt
1747 1860 2997 1909 versuchte zu lächeln. Und er sah mit Rührung und Staunen,
3261 1868 3358 1918 hrer
1745 1899 2999 1958 wie ein paar kleine Tränen aus ihren Augen rollten. „Du
2994 1908 3072 1954 rei
1030 1914 1268 2002 Erzählung
1759 1944 2996 2005 weinst“, sagte er leise und war in diesem Augenblick Sabinens
2985 1947 3079 1998 Sch
1759 1972 2992 2038 sicherer als je zuvor. — „Was du nicht denkst", erwiderte
1075 1984 1199 2050 Son
2987 1991 3080 2039 tor
1340 1972 1740 2064 (Nachbruck verbolen.)
528 1971 887 2063 (24. Fortsetzung.)
1755 2023 2992 2078 Katharina, sprang auf, machte ein lustiges Gesicht, öffnete die
2997 2033 3094 2088 Fan
888 2036 1394 2127 Arthur Schnitzler.
1754 2065 2994 2124 Türe zum Speisezimmer und wies auf den freundlich gedeckten
2995 2073 3113 2132 einig
1751 2110 2998 2163 Tisch. „Und erlauben der Herr Doktor auch, daß ich im
556 2100 1758 2169 Katharina stand hinter seinem Sessel und legte die Hände
2995 2119 3104 2170 Tier
1759 2155 2169 2216 Schlafrock bleibe?“
2985 2161 3120 2211 dem
507 2155 1757 2217 um seine Stirn. „Du?“ fragte er wie erwachend. „Ich war
1806 2184 2991 2250 Da fiel ihm ein, daß er ihr wieder etwas vom Boden her¬
2983 2194 3135 2260 reist i
504 2204 1769 2259 schon zweimal herinnen“, sagte sie, „aber du warst so vertieft,
2990 2232 3149 2298 er die
513 2249 3001 2293 ich wollte dich nicht stören.“ Er sah auf die Uhr. Es war ntergebracht hatte, er suchte nach dem Bernsteinkettchen, das
2984 2283 3190 2338 der Löw
1752 2285 3000 2344 auf dem Schreibtisch zwischen die Briefe geglitten war, und als
508 2275 1759 2344 halb neun. Vier Stunden lang war er in jenes abgelaufene
1748 2326 2985 2384 er es gefunden, legte er es ihr um den Hals. „Schon wieder?“
2982 2327 3200 2385 Fütterung
507 2328 1751 2384 Schicksal eingesponnen gewesen. „Ich habe alte Briefe meiner
3290 2292 3362 2385 182
1749 2359 3000 2438 sagte sie. — „Nun ist es aber auch das letzte“, erwiderte er,
514 2376 1761 2427 armen Schwester durchgesehen“, sagte er, Katharina auf seinen
2986 2372 3368 2433 wohnt hatte. Heu
1754 2404 2998 2455 doch gleich bedauerte er die Bemerkung, die schwerer klang, als
2985 2412 3361 2477 für morgen früh
515 2413 1745 2458 Schoß niederziehend. „Sie war ein merkwürdiges Wesen.“
1759 2452 2999 2514 sie gemeint war. Er wollte sich verbessern. „Ich meine näm¬
508 2448 1752 2507 Einen Augenblick dachte er daran, Katharinen einiges aus dem
2988 2453 3381 2520 bereitungen zu ir
1751 2491 2998 2546 lich' — Sie erhob leicht die Hand als wollte sie ihm Schweigen
515 2498 1752 2563 Inhalt der Briefe mitzuteilen, aber er fühlte gleich, daß er das
2990 2489 3356 2561 aufriedenheit der
1748 2533 2988 2605 gebieten. Sie setzten sich zu Tische. Plötzlich nach einigen
513 2543 1757 2611 Andenken der Toten nur verletzen würde, wenn er sich ein¬
2974 2529 3357 2599 Frau Sommer
1746 2568 2990 2637 Bissen fragte sie: „Wirst du manchmal an mich denken dort
2981 2584 3217 2639 weiteren
506 2582 1756 2633 fallen ließe, ihre Geschicke vor einem Geschöpf auszubreiten,
1756 2622 2996 2664 unten?“ Es war das erstemal, daß sie auf die bevorstehende
2982 2621 3169 2680 mal bea
506 2626 1760 2676 dem notwendig das tiefere Verständnis dafür fehlen und das
1755 2643 3120 2726 Trennung anspielte, so daß Gräsler etwas betroffen war, was aber
509 2654 1750 2729 sich am Ende einfallen ließe, hier gewisse Aehnlichkeiten her¬
1747 2704 3002 2760 sie ihm wohl anmerkte, denn sie setzte rasch hinzu: „Sag nur
508 2713 1755 2764 auszuspüren, die in höherem Sinne keineswegs vorhanden
2984 2711 3077 2763 sie
1751 2748 2981 2799 ja oder nein“. — „Ja,“ erwiderte er, mühsam lächelnd. Sie
506 2750 1747 2802 waren. So deutete er denn durch eine Handbewegung, mit der
2980 2745 3081 2807 herc
1745 2779 2989 2848 nickte, wie vollkommen befriedigt, schenkte für sie beide Wein
2981 2795 3073 2846 Ent
516 2782 1742 2844 er die Briefe zugleich zur Seite schob, an, daß sie das Ver¬
1754 2817 2981 2886 ein, und nun plauderte sie weiter in ihrer Art, harmlos, lustig,
505 2837 1752 2899 gangene sollten ruhen lassen und im Ton eines Menschen, der
1749 2874 2993 2920 als gäbe es kein Abschiednehmen oder doch, als läge ihr wenig
514 2886 1751 2938 aus dunklen Träumen zu einer lichten Gegenwart empor¬
1752 2910 2985 2961 daran, wenn es einmal dazu kommen mochte. Später wickelte
512 2924 1756 2972 taucht, fragte er Katharina, wie sie sich indes die Zeit ver¬
1761 2957 2981 3017 sie sich fest in den chinesischen Schlafrock, dann wieder ließ sie
507 2959 1747 3021 trieben. Sie hätte in ihrem Roman weiter gelesen, berichtete
2977 2900 3079 3017 beie
1754 2992 2984 3051 ihn, der ihr viel zu weit war frei um ihre Glieder wallen, zog
502 3012 1743 3057 sie, das Silber und das Glas auf dem Toilettetisch wieder ein¬
2976 3006 3096 3057 werd
1745 3042 2982 3098 ihn über den Kopf, ließ ihn sinken, dann tanzte sie im Zimmer
502 3046 1749 3105 mal sorgfältig geputzt, an dem weiten chinesischen Hauskleid
2983 3050 3094 3104 habe
1745 3081 2986 3133 auf und ab, in der einen Hand das geraffte Hauskleid mit den
503 3092 1747 3137 einige Knöpfe versetzt; schließlich aber mußte sie auch einge¬
2973 3085 3141 3145 vom C
1755 3126 2982 3181 goldgestickten Drachen, in der andern das Weinglas; lachte
504 3131 1751 3190 stehen, daß sie ein halbes Stündchen im Treppenhaus mit der
2979 3121 3366 3190 trag wegen Fortsch
1745 3162 2982 3212 hell mit verschwimmenden süßen Augen; endlich nahm Gräsler
499 3172 1756 3216 Buchdruckersgattin geschwatzt, die doch eine recht brave
2973 3174 3356 3234 sprach endlich bei
1757 3206 2980 3249 sie in die Arme und trug sie mehr, als er sie führte, in Friederi¬
507 3212 1748 3267 tüchtige Frau sei, wenn der gestrenge Herr Doktor sie auch
2983 3200 3369 3276 schäftliches zu ber
1748 3249 2971 3305 kens halbdunkles Gemach, wo er sie mit einer Lust umfing,
504 3250 1755 3302 nicht wohl leiden möge. Ihm war es freilich weder recht, daß
2983 3253 3369 3312 zu bemerken und
1752 3279 2979 3341 auf deren geheimem Grund er den dumpfen Groll gegen die
509 3299 1753 3343 sie an der Unterhaltung mit einer so untergeordneten Person
2977 3286 3370 3362 die besten Wünsch
1746 3335 2972 3404 Dahingeschiedene, die Schwester, die Lügnerin zittern und ver¬
509 3341 1756 3396 Gefallen fand, noch daß sie mit dem chinesischen Schlafrock
2980 3331 3366 3399 kaufes auf die Rei
1744 3373 2068 3446 glühen fühlte.
515 3370 1749 3439 angetan im Treppenhaus gestanden war, aber nun dauerte es
2986 3377 3379 3447 jeder naheliegende
2281 3396 2423 3474 XIV.
507 3422 1754 3481 ja nicht mehr lange, in wenigen Tagen war er weit fort, in
2983 3422 3365 3491 der Treppe ein, da
504 3452 1751 3522 einer würdigeren, reineren Umgebung, würde Katharina nie¬
1796 3451 2978 3534 Am nächsten Morgen, noch während Katharina schlief, er¬
2982 3467 3375 3533 storbenen Schweste
515 3499 1745 3561 mals, auch die Heimatstadt nur auf Stunden und Tage,
1744 3499 2985 3555 hob sich Gräsler von ihrer Seite, um seine kleine Patientin,
2973 3508 3366 3576 nach Hause zum #
514 3551 1747 3603 wiedersehen, da ja das Sanatorium hoffentlich das ganze
1745 3538 2979 3613 die sich längst vortrefflich befand, aber das Bett noch nicht ver¬
2974 3549 3377 3619 rina Diese letzten
504 3585 1745 3654 Jahr hindurch seine Anwesenheit und seine Tätigkeit erfordern
1749 3592 2979 3654 lassen durfte, ein letztes Mal zu besuchen. Doch daß von seiner
2982 3590 3358 3658 bringen, ohne sich
509 3635 1743 3683 dürfte. So liefen seine Gedanken weiter, während er Katha¬
1747 3627 2980 3693 so nahe bevorstehenden Abreise nicht etwa auf dem Umweg
2974 3634 3350 3704 früh, während sie
503 3667 1757 3730 rina noch immer auf dem Schoße hielt und mechanisch mit der
1748 3671 2978 3730 über die Buchdruckersgattin die Kunde zu Katharina dringe,
2975 3675 3361 3738 der auch eine klein
513 3712 3304 3802 einen Hand ihre Wangen und ihren Hals streichelte. Plötzlich versicherte er die freundliche Mutter seiner Kranken, daß erl schied nehmen.
