3436 4256
277 99 1429 171 weiiger erdschwer a e eneeen
273 159 1591 200 von dunkelragenden Bergen denken kann, wie er sich im eisgrünen
273 185 1582 241 Wasser der Fjorde spiegelt. Schnitzler dagegen dleibt Welkmann. Er
259 219 1579 270 vergißt nicht einen Augendlick, daß sein Publikum anatolhaft-wienerisch
271 256 1580 326 empfindet, daß man Untiefen gleitend überfliegen, Hautlosigkeiten mit
269 292 1589 347 welchem Mantel zudecken muß. Dennoch wird auch diesen Zuhörern die
263 336 1586 391 Ahnung von etwas Schicksalhaftem aufgedrängt, so daß sie an die Ver¬
265 354 1591 437 strickung sotlischer Verschuldungen glauben lernen. Die Gestalk Doklor
272 409 1587 470 Gräslers, des Badearztes, ist so apart wie lebendig, und in mehr als
274 470 1592 522 einem Zuge ist er Hamsuns Held, dem Leutnank Glahn, verwandt, so¬
269 493 1592 556 weit man den Ausdruck „Held“ hier auf die Träger der Handlung an¬
265 526 1594 583 wenden kann, die so gar nichks Heldenhaftes haben, sondern sich schieben
270 579 1579 628 lassen, wie das Schicksal sie schieben will, mit etwas orienkalischer Resign¬
260 610 1584 663 atlon, die bei dem Nordländer Hamsun schwerer zu begreifen ist als bei
264 648 1585 704 Schnitzle“. Wir lernen diesen Doktor Gräsler erst kennen, als er den
267 692 1594 743 Fünfzig nahe ist, und erfahren aus seinem früheren Leben nichts, was
272 730 1587 790 ihn uns abenteuterhaft erscheinen lassen könnte. Gleichwohl wird er in
277 766 1582 819 diesem vorgeschrittenen Alter die Beute wirter Erlebnisse. Ein Mann
265 804 1594 874 zwischen drei Frauen: die kluge, stolze Frau, die ihn verletzt zurückstößt,
275 865 1588 908 als er zögert, sich von ihr in den Hafen ziehen zu lassen, die welche, hin¬
270 881 1593 932 gebende Frau, die Eva aus Hamsuns Buch, die gleich ihrer nordischen
271 924 1588 976 Schicksalsschwester durch seltsames Verschulden des Geliebten den Tod
267 966 1590 1025 erleidet — und endlich ein Wesen mit zärklich-mütterlichen Instinkten,
266 1010 1107 1076 das dem Allernden Heimat und Ruhe wird.
348 1012 1597 1094 Ist Hamsuns Buch eine Sinfonie der Einsamkeit, in der alle
278 1077 1593 1136 bunken Stimmen der Natur aufklingen, ist Schnitzlers Buch eine
279 1117 1586 1173 Tragödie des Mannes, der in der Jugend einsam geblieben ist und dann
273 1159 1591 1217 im Alter willenlos — weil ohne starke Wünsche — hin und her geschleu¬
272 1213 1592 1261 derk wird, so ist Cäcilie von Tormays Roman „Das alle
264 1234 1591 1286 Haus“ ein süßes, herbes, unendlich reiches Lied von der Menschheil
271 1278 1602 1324 überhaupt, der Menschheit, die in drei kypischen Generationen vor uns
275 1321 1592 1371 hingestellt wird: der aufbauenden, der erfüllenden und der erschlaffenden
274 1347 1599 1406 Generakion. Unerbikkliches Schicksal vollzieht sich. Das Haus, das
285 1391 1602 1454 Menschenaltern trotzen zu können schien, wird morsch und fällt unter dem
278 1429 1599 1495 Reißel. Besitz, der machtvoll aufgesammelk wurde, zerbröckelt. Aus
281 1472 1589 1529 Männern der Kraft, die Könner und Woller waren, bleibt nur eine
282 1507 1597 1573 Frau, die eines andern Geschlechtes Namen krägt und aus dem alten
275 1566 1595 1605 Hause forkgeht. um in der Zeimak ihres token Mannes neue Wurzel zu
283 1589 1588 1645 schlagen, die Mukker eines neuen Geschlechts: Anstieg, Höhe, Absturz —.
276 1625 1603 1683 Rhythmus des Welkgeschehens. Es steht eine Geschichte in diesem Buch,
283 1673 1254 1724 die auch für die beiden andern Bücher Gellung hat:
362 1686 1594 1759 „In jeder Gasse gab es einen Maskenladen. Viele Leute bekrieben
277 1750 1594 1802 einen Handel mit bunten Kleidern für die Mummereien. Zur Faschings¬
291 1787 1601 1849 zeit zogen die Menschen singend durch die Gassen der Festung. Alte und
279 1833 1597 1891 Junge in allerlei dunken Masken, mit kleinen Laternen — das war eine
289 1873 694 1934 närrische Drozession.
372 1902 1596 1960 Nur Aschermiktwoch um die Morgenstunde hatte die Lust ein Ende.
1278 1938 1600 1993 Alle wurden sie
276 1948 1282 2014 Allen Maskenläden wurden Schlösser vorgelegt ...
291 1979 1600 2039 geschlossen. bloß in der Forkunagasse blieb ein Laden selbst nach dem
290 2029 1601 2080 Aschermisswoch noch geöffnet. Das ganze Jahr hindurch stand dieser
281 2074 544 2132 Laben offen.
366 2082 1604 2156 Alleln verstohlen schlichen die Menschen dorkhin. Zur Nachtzeik,
275 2138 1606 2210 wenn die Festungskore schon gesperrk und die Feuer an den Skraßen¬
279 2184 921 2248 ecken erloschen waren. kamen sie.
366 2192 1609 2271 Unter den Kund, gab es welche mit hochmütigen Gesichtern: diese
293 2252 1613 2311 erfkanden eine Maske mit bescheiden wohlwollenden Zügen. Die Grau¬
289 2288 1613 2350 samen nahmen sich eine sanfke, die Ungläubigen eine fromme, die
280 2334 1607 2399 Dummen eine kluge, die Klugen eine einfällige. Aber am zahlreichsten
292 2369 1601 2429 waren die, die ein Leid hakten und doch eine lachende Maske kauften.
416 2411 1614 2472 .. Und die, die Masken angeleak hakken, katen sie nie wieder von
284 2447 1611 2519 sich, nie wieder. Nur in seltenen Stunden fielen sie manchmal von
294 2492 1610 2555 ihren Gesichkern ab, in dunkler Nacht, wenn sie ganz allein mit sich ge¬
290 2556 1614 2583 blieben waren, oder wenn sie die Liebe ergriffen hatle. oder wenn sie
286 2564 1606 2619 Gold sahen. .. . Und der Handel kam in Blüte. Fürsten, Prinzen,
297 2603 1604 2674 schöne Drinzessinnen, Priester, Soldafen. Bürger, ja selbst die Raisherren
291 2650 1616 2698 der Stadt besuchten den Laden. Die Kunde von ihm drang in die Ferne,
295 2676 1614 2746 bis zu den unteren Slädten. Auch von jenseits der Donau kamen viele
291 2717 1608 2774 Leuke Schließlich ging jedermann in einer Maske. Niemand sprach
286 2732 1624 2816 davon jeder frug sie. Und die Menschen vergaßen ihre wahren Ge¬
291 2800 1611 2857 sichler, und keiner wußte mehr, wie der andere in Wirklichkeik aussah.
290 2854 934 2925 Und keier weiß es mehr, keiner
375 2862 1624 2936 Cäcilie von Tormans Buch wird siefe Liebe finden, weil es das kluge
295 2929 1351 2983 Buch einen wissenden Frau mit einem reinen Herzen ist.
1205 2938 1570 3037 Else v. Holfnd.
2544 416 2726 510 Bädr:
2180 532 2989 615 Neues Wies: Tag#.a#, Wier
2206 675 3111 749 (Die Bücher der Saison.) Buchhändler
2056 732 3106 802 Herr Friedrich Schiller macht uns über den
2066 789 3088 837 literarischen Weihnachtsmarkt folgende Mitteilungen:
3095 806 3157 853 2
2072 823 3088 876 In einem nicht allzu sehr bekannten Spruch wünschte
3101 847 3165 900 d
2083 874 3087 937 sich Goethe als Leser den, der über dem Buch den
2084 916 3095 972 Dichter, sich und die Welt vergißt und nur in dem
3102 941 3164 991 I
2066 960 3164 1039 Buche lebt. Wer hätte nicht jetzt im vierten Winter
2077 1009 3093 1077 des grausamen Krieges mit seinen entsetzlichen Begleit¬
3123 1031 3171 1096 1
2083 1061 3099 1118 erscheinungen: Not, Kummer und Elend, auch das
3092 1084 3162 1132 9
2082 1098 3093 1158 fehnliche Verlangen nach Weltflucht und Welt¬
3106 1126 3163 1174 n
2083 1142 3094 1205 vergessenheit. Nur Bücher vermögen uns in eine
2070 1187 3097 1250 undre Welt zu versetzen! Der Weihnachtsmarkt nun
2081 1238 3089 1286 ist trotz Papiernot und Personalmangel reich be¬
2084 1286 3090 1338 schickt. Sogar einige schöne Prachtwerke sind er¬
2089 1324 3171 1390 schienen. In erster Reihe sei ein anspruchsvolles
2086 1375 3090 1433 Kunstwerk: Wilhelm v. Bodes „Holländische und
3109 1402 3168 1446 a
2083 1420 3096 1477 flämische Malerei“ eine in buchtechnischer Be¬
3104 1444 3167 1491 n
2085 1472 3092 1528 ziehung bewundernswerte Leistung im Kriege, ge¬
2087 1518 3096 1569 nannt; sodann ein geschmackvolles Wiener Buch, das
3100 1526 3175 1589 2
2084 1554 3100 1620 sich vornehm präsentiert: „Legenden und Märchen
3101 1576 3170 1632 E
2073 1601 3168 1670 unsrer Zeit“ von Emil Kläger, endlich die g
2086 1648 3085 1717 „Miniaturen und Silheuetten; ein Kapitel zur
3101 1673 3171 1722 n
2080 1702 3091 1760 Kulturgeschichte und Kunst“ von Max v. Boehm.
2078 1744 3150 1809 Von Romanen finden starke Abnahme die vom ##
2078 1785 3093 1863 vaterländischen, nationalen Geiste beherrschten Bücher
3105 1805 3166 1856 1
2079 1845 3094 1909 Müller v. Gutenbrunns: „Barmherziger
3102 1894 3152 1948 6
2096 1887 3107 1951 Kaiser" und „Josef der Deutsche“ ferner „Lukas
2085 1929 3094 1984 Rabefan“ von Bartsch, „Die Töchter Hekubas“
2093 1967 3104 2046 von Klara Viebig, Schnitzlers= Buch „Doktor
2096 2039 3168 2100 Gräsler, Badearzt“ der internationale Romain
2095 2051 3134 2132 Rolland: „Johann Christof“ und Hans
2091 2094 3168 2180 Müllers Sammelband optimistischer Erzählungen:
2091 2172 3149 2219 „Die Kunst, sich zu freuen“. Von Hugo v. Hoff¬!
2084 2196 3166 2270 mannsthals prosaischen Schriften soll noch in
2083 2253 3112 2309 den nächsten Tagen der dritte Band erscheinen.
2096 2299 3104 2372 Meyerincks „Golem“ liegt mit Zeichnungen von
2094 2349 3103 2421 Hugo Steiner in einem Geschenk###de vor,
2101 2386 3106 2462 „Das grüne Gesicht“ von demselben Autor
2086 2437 3115 2494 wandelt in ähnlichen Pfaden wie die Prager
2090 2479 3116 2547 Ghettogeschichte. Sudermanns „Literarische
2103 2526 3122 2594 Geschichten bewähren den berühmten Erzähler.
2089 2574 3115 2630 In der Reibe der gediegenen, über den Tag hinaus
2095 2631 3149 2677 ihre Wirksamkeit bewahrenden Romane sind zu
2108 2663 3129 2733 nennen: „Das offene Tor“ von Max Glaß, das mit
2101 2706 3125 2767 Recht als Buch des Lebens und des Trostes be¬
2103 2753 3111 2818 zeichnet wird; sodann das die deutsche Arbeit und
2098 2799 3119 2865 deutsche Tüchtigkeit verheerlichende Buch von Rudolf
2104 2846 3114 2906 Herzog „Die Stollenkamps und ihre Frauen“. „Die
2114 2879 3123 2949 Armen“ von Heinrich Mann schildern den Kampf
2101 2934 3113 3001 der Arbeiter um die Freiheit ihrer Entwicklung.
2109 2977 3116 3053 „Der Schatten der Gorgo“ von F. W. v. Oesteren ist
2111 3026 3120 3092 ein in internationalen Kreisen spielender Roman
2120 3074 3128 3150 „Der eiserne Mann“ von Rudolf Stratz spielt ab¬
2114 3121 3113 3200 wechselnd in Paris, Berlin und Straßburg. Erfolg¬
2116 3172 3109 3235 reiche Bühnenstücke finden stets eifrige Leser so
2113 3203 3113 3283 Gerhart Hauptmanns „Winterballade“. Schönherrs
2094 3250 3132 3358 „Frau Suitner“ und Schnitzlers vielbesprochenes
2066 3343 3121 3403 Journalistenstück „Fink und Fliederbusch“. Von
2934 3370 3111 3444 perschten
2068 3382 2689 3472 Krieg und Kriegsgeschrei wer¬
2069 3422 3099 3509 nichts wissen: eine Ausnahme macht etwa des
2085 3461 3098 3552 schweizerischen Berichterstatters Stegemann verläß¬
2073 3515 3089 3616 liches Buch „Geschichte des Weltkrieges“, Band 1
2081 3568 3101 3643 und II. Die Zeit der zahllosm Schützengraben¬
2076 3609 3098 3691 erzählungen, U=Boot=Bücher und Fliegerabenteuer
2086 3652 3104 3737 ist vorüber, aber in Geschichte und Politik vertieft
3102 3705 3139 3758 1
2081 3705 3097 3766 man sich; so sind Werke über Polen beliebt: Die
2088 3744 3147 3827 Memoiren von Poniatowski, auch Rathenaus
2077 3782 3112 3855 Bücher über Gegenwart und Zukunft, darunter das
2077 3833 3112 3916 gesuchteste „Von kommenden Dingen“, dann speziell
2085 3883 3107 3963 österreichtsche Bücher: Guglias „Macia Theresia“
2080 3903 3111 4001 und Czediks „Geschichte der österreichischen
2091 3976 3118 4046 Ministerien“. Den Orient lernt man lennen in
2088 4038 3125 4101 Sven Hedins „Bagdad=Babylon=Ninive“; die alt¬
2083 4051 3118 4128 ortentalische Märchenwelt in Adolf Gelbers
2087 4106 3102 4175 „Tausend und eine Nacht“. In die modernste Gegen¬
