3436 4256
1807 137 2210 251 box 4/6
1263 159 1635 236 Badearz
255 168 1216 269 29. Doktor Graesler
481 201 1696 270 e sr aaaait
814 848 1198 986 Nr. 92.
1710 828 3200 1032 Berliner Tageblatt.
591 975 1399 1054 Dienstag, den 20. Februar 1917.
3145 1021 3218 1084 W
566 1032 3029 1132 zählen, sondern auch diesenigen Bürger, die auf ein festes Eure Mru in Sharwrnnburg. k. Aisred Kähser und Dr. Josef Kaufs¬
1797 1078 3049 1133 mann. Durch Verleihung des Titels Sanitätsrat sind ausge¬
3080 1099 3349 1175 Sechs Mon
556 1100 1805 1181 kommen angewiesen wären. Es würde notwendig, die Besoldungs¬
1799 1126 3045 1174 zeichnet worden die Aerzte Dr. Max Bayer in Schöneberg, Dr. Max
559 1142 1812 1209 verhältnisse der städtischen Beamten und Arbeiter einer Revision zu
1814 1145 3359 1212 Beese, Dr. Martin ##ntscher Dr. Leopold Bernhard, Dr. Karl Borne= Eine empfindlich
3032 1193 3356 1255 kammer des La#
1811 1197 3053 1250 mann in Charlottenburg, Dr. Gustav Brock in Charlottenbure Dr.
566 1179 1805 1256 unterziehen. Bei künftigen Schulbauten könnten aus Sparsam¬
3041 1232 3361 1284 dem ein Versto
1800 1224 3045 1278 Karl Davidsohn, Dr. Max Feldmann in Charlottenburg, Dr. Richard
566 1232 1798 1296 keitsrücksichten die teuren Aulen fortbleiben; Versammlungen
3036 1263 3360 1326 mit Lebensmitte
1800 1267 3056 1329 Friedländer in Charlottenburg, Dr. Friedrich Gisevius, Dr. Alfred
555 1270 1811 1354 könnten in der Turnhalle abgehalten werden. Der Redner kam
3039 1296 3363 1362 wie seiner Frau
1812 1305 3033 1358 Goldschmidt in Wilmersdorf, Dr. Alfred Hayn in Charlottenburg,
567 1319 1799 1391 dann auf die Teuerung zu sprechen und empfahl, daß die Ge¬
3038 1330 3359 1403 lässigkeit o
1810 1335 3045 1400 Dr. Georg Hennig in Wilmersdorf. Dr. Friedrich Herrmann, Dr.
571 1356 1807 1429 meinden in Zukunft noch mehr als bisher preisbildend auf
1812 1393 3360 1434 Eugen Herzfeld in Schöneberg, Dr. Otto Heusler in Charlottenburg, betreiben. Trotz
561 1403 1802 1482 dem Lebensmittelmarkte wirken mögen. Es müsse überhaupt eine
3045 1419 3355 1477 kauft, allerding
1805 1390 3054 1470 Dr. Jonathan Hirsch, Dr. Richard Iutrosinski, Dr. Paul Kruczkowski
564 1449 1800 1527 Neuorientierung der städtischen Politik eintreten.
3032 1446 3360 1509 lager in den B
1801 1461 3050 1514 in Charlottenburg, Dr. Friedrich Kühne in Neukölln, Dr. Fritz Lam¬
1809 1481 3045 1543 mers, Dr. Leo Lehnsen, Dr. Erich Lewek, Dr. Georg Leiser, Dr. Adolf
3035 1491 3358 1550 Gericht sah abe
560 1487 1803 1563 Die Stadtgemeinden haben Außerordentliches im Kriege geleistet
3038 1530 3359 1595 und den angebli
1799 1525 3048 1595 Lilienthal in Charlottenburg, Dr. Max Loewenberg in Wilmersdorf,
552 1528 1812 1602 und sind deshalb voll berechtigt, mit Forderungen für ein
1224 1587 1307 1667 CARENTE
1817 1640 3042 1705 lisch, sondern ein ganz unzweifelhaftes Wienerisch gesprochen
3051 1647 3350 1724 fühlte, wie gan
1804 1689 3049 1756 habe. Der Doktor gab die eine Amerikanerin preis, die ohne¬
3213 1698 3320 1753 ahe.
3043 1691 3226 1751 er beina
573 1655 1796 1796 Doktor Gräsler, Badearzt
1811 1745 3129 1811 dies in der Behandlung eines Kollegen stand, hatte aber dafür hät
1814 1758 3049 1839 mit einem französischen Ehepaar aufzuwarten, das schon die
1070 1790 1311 1874 Erzählung
1808 1820 3043 1880 ganze Welt bereist hätte und es nirgends schöner fände als
1395 1827 1785 1919 (Nachdruck verboten.]
1135 1855 1261 1913 von
1806 1859 3049 1927 gerade hier. Nun begann die ältere Schwester ernsthaft die
606 1847 954 1935 (8. Fortsetzung.]
1818 1905 3054 1961 schöne Wald= und Hügellandschaft zu preisen und die behage
932 1895 1435 1980 Arthur Schnitzler.
1810 1945 3049 1997 liche Freundlichkeit ihres Städtchens, das sich erst dann in
626 1951 1810 2031 Der Doktor schüttelte den Kopf. „Es scheint aber, daß auch
1818 1986 3050 2043 seiner ganzen Anmut entfalte, wenn die Fremden über alle
3035 1997 3090 2050 k
567 2010 1817 2078 dieser Beruf Fräulein Sabine keine völlige Befriedigung ver¬
1814 2040 3046 2085 Berge wären. Und Frau Schleheim, sich an den Doktor
571 2047 1816 2122 schaffte, da sie ihn nach wenigen Jahren aufgab, wenn ich
1810 2073 3062 2138 wendend bekräftigte: „Sie sollten wirklich einmal einen Winter
3045 2042 3114 2127 a
566 2100 1255 2173 neulich recht verstanden habe?“
1806 2116 3103 2189 hier verbringen, da wüßten Sie erst, wie schön es hier sein B
636 2133 1810 2196 „Damit hat es eine eigene Bewandtnis,“ erwiderte Schle¬
1807 2155 3049 2208 kann.“ Dr. Gräsler erwiderte nichts; doch alle konnten merken,
569 2165 1818 2243 heim. „Als Pflegerin lernte sie einen jungen Arzt kennen, mit
1810 2202 3051 2253 daß in seinen Augen sich Fernen spiegelten, die den übrigen
3049 2210 3128 2261 tro
573 2224 1816 2289 dem sie sich verlobte. Ein sehr tüchtiger junger Arzt, wie
1820 2234 3052 2303 sich bisher noch nicht aufgetan hatten und kaum jemals auf¬
565 2260 1818 2324 man behauptet, der zu den größten Hofinungen berechtigte.
1811 2281 2117 2347 tun würden.
3051 2296 3133 2343 tra
572 2298 1814 2364 Ich selbst hatte nicht mehr Gelegenheit, ihn kennen zu
3293 2329 3365 2392 un
1865 2327 3045 2392 Als man sich eine Weile später zu einem Spaziergang be¬
3046 2331 3243 2393 Tropfen
563 2340 1822 2416 lernen ...“ Er endete leise und rasch, da Karl eben vorbei¬
3050 2366 3347 2431 Laune schien
1812 2390 3050 2431 reit machte, erklärte der Hausherr, lieber daheim zu bleiben
567 2387 1737 2461 gelaufen kam. „Der junge Mensch ist leider gestorben.“
3044 2413 3361 2471 die älteren Da
1817 2424 3049 2473 und in einer Geschichte der französischen Revolution weiter¬
644 2413 1814 2514 „Gestorben,“ wiederholte Gräsler vor sich hin und ohne
3039 2449 3358 2522 jüngeren stockt
1818 2461 3053 2519 zulesen, für welche Epoche er sich ganz besonders zu interessieren
575 2472 1033 2560 tiefere Anteilnahme.
3043 2497 3358 2563 srumm eine sch
1822 2502 3044 2556 behauptete. Anfangs hielt sich die kleine Gesellschaft eng zu¬
634 2504 1818 2583 Karl hatte zu melden, daß unter den Tannen der Kaffee
3044 2539 3364 2612 einander ver
1813 2544 3051 2610 sammen, später aber, wie mit Absicht, ließ man Gräsler mit
572 2554 1818 2619 bereit stände. Die Herren begaben sich in den Garten und
3045 2590 3238 2656 nur je.
1823 2585 3052 2647 Sabine vorangehen, und heute fühlte er sich ihr gegenüber
575 2607 1817 2675 der Doktor wurde den Besucherinnen vorgestellt, einer Witwe
1823 2630 3051 2692 sicherer, überlegener und vertrauter als je vorher. Es erschien
566 2649 1818 2717 mit ihren zwei Töchtern, die, beide etwas jünger als Sabine,
1825 2681 3056 2733 ihm nicht unmöglich, daß Sabine mit jenem jungen Arzte, der
3109 2673 3364 2757 Die Schulf
577 2686 1816 2753 ihm vom Sehen schon wohl bekannt waren, gleich wie er
1820 2709 3055 2772 ihr Bräutigam gewesen und gestorben war, in innigeren Be¬
3046 2728 3360 2804 seiner Mutter
574 2732 1823 2787 ihnen, so daß bei Kaffee und Kuchen bald eine unbefangen
1815 2756 3043 2824 ziehungen gestanden hatte, als Vater und Mutter ahnen
3044 2774 3358 2825 Tagen und, wi
569 2775 1815 2826 heitere Unterhaltung in Gang kam. Die beiden Fräulein hatten
1815 2801 3047 2857 mochten. In diesem Falle durfte sie als junge Witwe gelten,
3053 2812 3349 2876 verstimmung
571 2818 1820 2879 Gelegenheit, den Herrn Doktor an jedem Nachmittag um drei¬
1811 2839 3050 2894 was den Altersunterschied zwischen ihm und ihr immerhin ein
3040 2843 3368 2924 ärztlich gewür
564 2851 1824 2914 viertel Drei von ihrem Fenster aus, wo sie zu dieser Zeit
1813 2883 2164 2951 wenig ausglich.
3038 2903 3359 2960 wobei es auch
566 2884 1816 2959 natürlich immer mit Näharbeiten beschäftigt wären, aus dem
1859 2932 3050 2994 Man beschloß den freundlichen Tag bei den Klängen des
3040 2939 3347 3007 genesen war.
569 2936 1825 2995 Gasthof treten zu sehen, wobei er, wie sie behaupteten, ganz
1821 2971 3052 3030 Badeorchesters auf der großen Terrasse des Kurhauses mit
3052 2974 3359 3042 Sabinen allein
581 2972 1820 3045 regelmäßig seine Taschenuhr herausnehme, ans Ohr hielte,
1827 3010 3049 3071 einem gemeinsamen Abendessen, zu dem sich auch Herr Schle¬
3046 3009 3360 3076 Eltern, ein ih
570 3008 1826 3088 den Kopf schüttelte und mit höchster Eile den Weg nach seiner
1817 3054 3052 3116 heim einfand so elegant, ja geckenhaft gekleidet, daß sich der
3055 3058 3317 3120 verständnis
583 3068 1815 3128 Wohnung einschlüge. Was denn der Herr Doktor daheim
1814 3106 3049 3161 Doktor ihn nicht recht aus den Unbilden der französischen Re¬
3046 3104 3364 3166 sprach von sei
583 3107 1829 3169 so Wichtiges zu tun hätte? fragte die Jüngere mit lustigen
1818 3147 3053 3209 volution emportauchend vorstellen konnte. Die Freundinnen
3050 3146 3357 3214 vielgetürmten
583 3153 1815 3217 Augen. Ordination halten? Das sei doch wohl ein Spaß!
1818 3192 3046 3251 Sabinens gaben ihrer Bewunderung zwar scherzhaften, aber
3050 3185 3357 3245 der altväterisch
570 3184 1833 3257 Kranke kämen bekanntlich nie in diesen Kurort. Der inter¬
1817 3227 3062 3282 unverhohlenen Ausdruck, während Sabine selbst, wenn der
3049 3229 3359 3288 wartete, um f
582 3235 1814 3291 essante junge Mann, der immer im Rollstuhl zur Trinkhalle
1824 3259 3056 3344 Doktor ihren Blick richtig deutete mit dem Aufzug ihres
3054 3270 3371 3328 vor kurzem au
575 3278 1825 3352 hingefahren werde, der sei von der Kurverwaltung engagiert,
3054 3315 3347 3377 Herbstrast zu
1822 3300 3061 3366 Vaters nicht völlig einverstanden schien. Im übrigen war die
571 3323 1827 3379 eigentlich sei es ein Schauspieler aus Berlin, der in den Ferien¬
1817 3352 3055 3408 Laune allerseits die beste, und das kleine Fräulein ließ es an
3051 3340 3362 3419 sam und ma
577 3359 1830 3420 monaten gegen freie Station hier immer den Kranken zu
1828 3389 3063 3448 spaßig=boshaften Bemerkungen über die anderen Gäste nicht
3045 3390 3355 3461 sich vorstellen,
577 3399 1830 3470 spielen habe. Ebenso wie die elegante Dame mit den siebzehn
3048 3434 3363 3498 in jene Wohn
1829 3446 3060 3495 fehlen. So hatte sie bald die Dame mit den siebzehn Hüten
575 3448 1824 3500 Hüten keineswegs eine Amerikanerin sei oder gar eine
3058 3475 3357 3544 einkehrte, und
1822 3476 3051 3531 entdeckt, die in Gesellschaft von drei jungen und einem älteren
588 3486 1831 3546 Australierin, wie die Fremdenliste behauptete, sondern so gut
1813 3512 3049 3577 Herrn an einem Nebentisch saß und zu einem Wiener Walzer
3050 3512 3374 3577 noch eine gen
590 3534 1821 3590 eine Europäerin wie sie alle, und daher gestern abend mit
581 3568 3358 3609 dem Offizier in Zivil, der zu ihrem Besuch aus Eisenach in einer in Australien sicher nicht üblichen Weise den Kopf hin! Vaterstadt auf
582 3620 3369 3688 hier eingetroffen, auf der Bank im Kurgarten keineswegs eng= und her wiegte. Als Dr. Gräsler in irgendeinem Augenblick! Augen dazu m
