3532 4224
307 146 1244 230 29. Doktor Graesler
1309 149 1714 225 Badearzt
533 191 1713 258 —   1 J d a4.
581 419 1432 487 wollen doch wieder ins Jeld: Wurtezer.
582 466 1813 540 ich vergessen ...“ Verhandlungsleiter: „Recht so! Werden
578 522 1246 572 Sie wieder ein braver Soldat ...
613 590 1797 651 Vier Jahre Zuchthaus für einen Hoteldieb. Ein gemein¬
572 621 1806 697 gefährlicher Horeldieb, der bei seinen Besuchen in den Hotel¬
569 681 1798 736 zimmern stets einen Revolver bei sich führte, stand gestern in der Per¬
575 711 1794 765 son des Hausdieners Johann Müller vor der 4. Strafkammer des
576 758 1804 807 Landgerichts I, um sich wegen schweren Diebstahls und Bedrohung
574 798 1795 851 zu verantworten. Der Angeklagte, ein geborener Schweizer, pflegte in
569 833 1790 878 Gasthöfen der nördlichen Friedrichstadt unter fremdem Namen abzu¬
575 867 1799 912 steigen. Bei günstiger Gelegenheit unternahm er Erkundungsfahrten
563 910 1796 961 durch die mir Gästen besetzten Zimmer. Ließ das Gepäck des Fremden
570 939 1792 993 darauf schließen, daß es sich um einen wohlhabenden Gast handelte,
578 983 1804 1030 so schlich sich Müller in das Zimmer abends ein, versteckte sich unter
568 1022 1799 1064 dem Bett. Sobald der Gast fest schlief, plünderte Müller seine Taschen.
576 1064 1795 1113 In einem Falle erbe##tete er über 1000 Mark. In einem anderen Falle
1061 1103 1802 1143 des Hotels dabei überrascht, als er in der
576 1094 946 1137 wurde er von der B#
572 1132 1800 1179 Privatwohnung Goldsachen stahl. Als die Frau beim Anblick des
564 1265 1807 1400 Doktor Gräsler, Badearzt
1075 1391 1305 1475 Erzählung
1136 1466 1250 1527 von
1396 1457 1775 1529 [Nachdruck verboten.]
599 1446 922 1531 (19. Fortsetzung.]
946 1506 1428 1587 Arthur Schnitzler.
636 1572 1800 1650 Es war Dr. Gräsler neu, daß seine Schwester dergleichen so
577 1631 1798 1690 sorgfältig aufbewahrt hätte. Er nahm ein zweites Paket zur
573 1679 1808 1730 Hand, das dreifach versiegelt war, und auf dem mit dicken
573 1710 1798 1774 Lettern geschrieben stand: Ungelesen zu verbrennen. Dr. Gräsler
572 1770 1796 1819 schüttelte wehmütig den Kopf. Bei Gelegenheit, dachte
573 1801 1797 1859 er, meine arme Friederike, soll dein Wunsch erfüllt wer¬
577 1841 1805 1907 den. Er legte das Päckchen, das wohl Tagebücher und un¬
574 1889 1793 1944 schuldige Liebesbriefe aus der Mädchenzeit enthalten mochte,
580 1932 1804 1991 wieder an seinen Ort, und öffnete den dritten Koffer, in dem
581 1969 1796 2018 Tücher, Schals, Schleier, Bänder und vergilbte Spitzen ver¬
570 2014 1795 2067 wahrt waren. Mancherlei hob er empor, ließ es durch die
572 2049 1805 2116 Hände gleiten, glaubte wohl auch ein oder das andere Stück
566 2099 1790 2146 von Mutters oder gar Großmutters Zeit her zu erkennen.
565 2139 1803 2188 Manches hatte die Schwester selbst, insbesondere in früheren
571 2184 1799 2235 Zeiten getragen, und den schönen gelben indischen Schal mit
573 2225 1793 2285 den gestickten grünen Blättern und Blumen, den ihm vor
570 2266 1797 2317 vielen Jahren ein reicher Patient bei der Abreise für die
581 2304 1804 2363 Schwester geschenkt hatte, erinnerte er sich, noch vor gar nicht
577 2344 1800 2407 langer Zeit auf ihren Schultern gesehen zu haben. Dieser
571 2393 1793 2436 Schal, ebenso wie manches andere taugte gewiß weder für die
578 2430 1802 2483 Druckersgattin, noch für eine Wohltätigkeitsanstalt — aber
579 2476 1788 2527 um so besser für eine hübsche junge Dame, die so freundlich
565 2521 1797 2564 sein wollte, einem einsamen alten Junggesellen ein paar arme
569 2566 1803 2625 Heimatsstunden zu erheitern und zu versüßen. Er verschloß
575 2606 1795 2656 den Koffer mit besonderer Sorgfalt, den Schal aber legte er
570 2644 1790 2699 wohlgeglättet über den Arm, und ein vergnügtes Lächeln auf
565 2681 1803 2734 den Lippen, verließ er den allmählich fast ganz dunkel ge¬
565 2730 949 2784 wordenen Raum.
630 2763 1790 2829 Er hatte nicht lange zu warten, bis Katharina, ein wenig
566 2822 1801 2882 vor der festgesetzten Stunde, erschien, geradenwegs aus dem
1713 2859 1800 2913 sich
570 2860 1715 2917 Geschäft, ohne sich erst schön gemacht zu haben, wie sie,
579 2897 1806 2954 scherzhaft entschuldigend, bemerkte. Dr. Gräsler freute sich,
568 2943 1804 2995 daß sie da war, küßte ihr die Hand und überreichte ihr mit
567 2983 1805 3036 einer humoristischen Verbeugung den Schal, der auf dem
580 3032 1787 3083 Tisch für sie bereitgelegt war. „Was soll denn das sein?“
568 3064 1793 3143 fragte sie wie erstannt. „Etwas zum Schönmachen,“ erwiderte
1864 151 2234 239 box 4/7
1819 448 3026 512 Jogdleben, im Planderton erlantert von Overförster Gunther Ver¬
1810 468 3393 553 gell, dem Freund und Jagdgenossen des im Herbst 1914 gefallenensklasse: Minerv#
1810 533 3395 590 Schumann. Aus der Reiye der spannenden Aufnahmen sind die sehr] Borussia, Union O#
1813 571 3385 618 gefährliche Jagd auf Großwild — afrikanische Elefanten, Oryx=Anti=denburg 92—Norm
1807 615 3378 666 lopen, Nashörner u. a. — zu nennen. Auch aus der Vogelwelt spiele Pankow, Ta
1812 654 2417 714 werden reizvolle Bilder gezeigt.
2413 641 3389 696 — Die Uniontheater bringen Sportklub Charlott#
1817 689 3030 735 den Film „Der Seele Saiten schwingen nicht“, ein Stück, in dem der
3037 697 3382 764 Rapide—Union Ch
1807 718 3036 769 Heldin allerhand traurige Ereignisse das Lebn schwer machen, bis
3034 736 3378 793 Alemannia Berlin¬
1808 765 3023 813 sie schließlich ihr Heil im Kloster sucht. Die Hauptrollen spielen
3046 781 3390 842 Berliner Baltspielk
1810 803 3036 852 mit viel Gewandtheit Fern Andra und Alfred Abel. Weiter enthält
3037 824 3381 881 Spiele finden auf
1806 846 3033 904 das Programm den von Schomburgk in Zentralafrika ausgenom¬
3043 864 3382 929 ginnen nachmittag
2658 876 3024 929 Henny Porten geht
1811 873 2626 919 menen Film „Unsere Polizeitruppe in Togo.
3042 906 3385 971 Turngemeind
1816 912 3037 968 wieder steghaft im Mozartsaal über die Leinwand; sie spielt in
1820 949 3033 986 dem Film „Die Ehe der Luise Rohrbach“ die Rolle der leidenden und
3045 948 3390 1017 trag. — Die Hocke
1813 983 3034 1036 kämpfenden Frau; unter den Mitwirkenden sind Emil Jannings und
1814 1018 2442 1068 Ludwig Trautmann zu nennen.
2435 1018 3036 1073 — In den Kimmerlicht¬
3077 1021 3376 1082 Die Generalver
1818 1059 3025 1107 spielen am Potsdamer Platz wird eine unterhaltsame Detektiv¬
3036 1069 3388 1122 den Räumen des
1810 1101 2997 1132 komödie „Der Hund mit dem Monocle“ mit Max Landa gegeben. —
3043 1115 3397 1174 Generalversammlun
1814 1136 3035 1203 Die Tauentzien=Lichtspiele zeigen den von uns schon besprochenen
3045 1143 3188 1207 Berlin.
1806 1243 3025 1302 er, „wenn man's auch nicht gerade notwendig hat.“ — „Aber
3048 1248 3381 1316 von seiten des
1813 1296 3036 1343 was fällt Ihnen denn nur ein, sagte sie, nahm den Schal in
3037 1299 3383 1360 meldet? Oder n
1811 1339 3036 1392 die Hände, ließ ihn zwischen den Fingern spielen, nahm ihn
3051 1344 3370 1404 dann zu tun? 9
1821 1387 3032 1436 um, drapierte sich damit, betrachtete sich vor dem Spiegel
3043 1383 3376 1442 Philister halten.
1812 1422 3039 1468 immer noch wortlos, bis sie endlich mit aufrichtigem Entzücken
3050 1428 3373 1488 geln nicht zu so
1806 1468 3031 1513 vor Gräsler hintrat, zu ihm aufblickend ihn mit beiden Händen
3044 1464 3377 1526 gesellen. Gleich
1808 1509 3036 1562 beim Kopf nahm und seine Lippen an die ihren zog. „Ich
3044 1516 3385 1570 Er sah Katharin
1818 1549 3032 1594 danke Ihnen tausendmal,“ sagte sie dann. — „Das ist mir
3047 1553 3388 1611 befangen. Allzu
2161 1592 3030 1639 „Also millionenmal.“ — Er schüttelte den
1820 1598 2161 1652 nicht genug. —
3046 1591 3389 1657 konnte wohl auch
1812 1624 3035 1689 Kopf. Sie lächelte. „Ich danke dir“ sagte sie nun und reichte
3036 1639 3385 1694 Schwager, der a
1822 1677 3035 1719 ihm die Lippen zum Kuß. Er nahm sie in die Arme
3041 1681 3390 1738 Ein Erpressung
1811 1725 3026 1773 und erzählte ihr gleich, daß er das hübsche Stück heute nach¬
3051 1722 3384 1780 konnte man sich
1820 1766 3041 1816 mittag auf dem Boden für sie herausgesucht, und daß sich
3044 1762 3388 1819 Aber, es sollte ih
1818 1804 3038 1856 wohl noch mancherlei in den Kisten und Koffern finden möchte,
3054 1807 3395 1865 schüchtern lassen.
1810 1846 3035 1901 was ihr zum mindesten ebensogut zu Gesicht stünde wie dies.
3041 1850 3375 1909 noch einmal. Ei
1809 1882 3035 1947 Sie schüttelte den Kopf, als wollte sie sich nie wieder ein so
3040 1889 3388 1947 auf einer Südse
1814 1925 3031 1989 kostbares Geschenk gefallen lassen. Er fragte sie, wie der
3041 1929 3399 1999 tot neben ihm hir
1811 1973 3024 2030 gestrige Abend ihr angeschlagen, ob es heute im Geschäft viel
3040 1975 3376 2048 Katharina und
1819 2015 3035 2066 zu tun gegeben; und nachdem sie ihm alles, was er wissen
3038 2015 3262 2084 wundern.
1809 2057 3035 2102 wollte, vorgeplaudert, stattete er ihr, wie einer lieben, alten
3097 2040 3383 2109 „Gewiß“, ern
1816 2097 3035 2143 Freundin, einen Bericht über den heutigen Tag ab; daß er
3037 2097 3381 2159 hörte er sie noch
1815 2140 3041 2189 das Spital geschwänzt und statt dessen lieber im Stadtgarten
3034 2141 3388 2203 Türe war. Er sc
1811 2184 3040 2229 herumbummelnd, sich der fernen Zeil erinnert habe, da er
3050 2180 3363 2243 Guckfenster ins
1819 2219 3034 2270 dort als Kind noch zwischen den alten grasüberhangenen
3044 2224 3381 2293 person barhaupt
1812 2265 3036 2325 Wällen gespielt hatte. Dann kam er auf allerlei anderes aus
3040 2268 3389 2327 fragte er. — „Bi
1811 2306 3036 2361 seiner Vergangenheit zu reden, insbesondere halb zufällig,
3046 2309 3363 2368 wünschen Sie?
1811 2345 3031 2406 halb absichtlich auf die Zeit seiner schiffsärztlichen Tätigkeit,
3042 2355 3379 2415 Dienstmädchen v
1805 2390 3027 2440 und wenn Katharina ihn durch kindlich neugierige Fragen
3048 2399 3369 2446 Frau Sommer.“
1810 2428 3029 2495 nach Aussehen, Trachten und Sitten fremder Völker, nach
3038 2430 3374 2501 Kind ist so schleck
3187 2463 3229 2520 1
1809 2479 3037 2534 Korallenriffen und Seestürmen unterbrach, so war ihm,
3034 2474 3206 2540 selber?“
1805 2523 3034 2576 als hätte er Dinge, die er kürzlich erst in höheren Sphären
3094 2509 3382 2580 Gräsler öffne
1810 2560 3035 2611 unter Beifall vorgetragen, für ein naiveres, aber um so
3033 2559 3381 2624 Sommer mit ih
1802 2610 3030 2657 dankbareres Publikum zu bearbeiten, und er nahm unwill¬
3038 2606 3388 2664 im Hause wohn
1813 2638 3030 2689 kürlich Ton und Redeweise eines Märchenonkels an,
3038 2644 3371 2705 Trauer, der er
1812 2685 3019 2741 der in dämmeriger Stube aufhorchende Kinder durch
3031 2689 3378 2754 nach der er sich
1811 2721 3026 2786 Erzählung merkwürdiger Abenteuer zu rühren und zu er¬
3038 2735 3382 2800 irgend etwas Be
1816 2771 2064 2836 götzen sucht.
3037 2778 3370 2835 „Freilich, ich kei
3345 2808 3380 2842 21
1869 2805 3032 2869 Eben hatte Katharina, die, ihre Hände in den seinen, neben
3035 2815 3368 2876 wünschen Sie?“
1805 2853 3028 2916 ihm auf dem Diwan saß, sich erhoben, um das Abendessen
3040 2857 3378 2916 die Kleine hat
3048 2904 3349 2956 in einem fort.“
1815 2902 3022 2953 vorzubereiten, als draußen die Klingel tönte. Gräsler fuhr
1816 2943 3019 2991 leicht zusammen. Was hatte das zu bedeuten? Seine Ge¬
3034 2943 3382 3000 aus, ich bin hie
1808 2979 3032 3030 danken jagten. Ein Telegramm? Aus dem Forsthaus? Sa¬
3034 2984 3382 3045 bitten, doch liebe
3044 3028 3385 3098 man einen bekon
1808 3027 3035 3077 bine? War ihr Vater krank? Oder die Mutter? Oder war
1789 3069 3158 3143 Tes etwas mit dem Sanatorium? Eine dringende Anfrage! spät.“
2705 3723 2985 3817 Se. 440
2006 3727 2233 3818 TGPE
