3436 4224
1785 177 2168 277 box 4/9
1229 185 1625 261 Badearzt
224 194 1056 289 29. Doktor Graes1
453 213 1633 300 A. — ad I . a  G I. C P
1450 912 1794 1012 Alfred Nathansky.
924 924 1062 1001 190
927 1022 2331 1093 Ein kleiner Badearzt zwischen zwei Altern, nicht völlig auf der Höhe der
939 1094 2341 1147 jüngsten wissenschaftlichen Errungenschaften, mit mäßigem, aber für bescheidene
931 1140 2329 1197 Bedürfnisse gerade ausreichendem Einkommen, ohne sonderlichen Ehrgeiz, von
941 1174 2341 1259 einer neben ihm alternden Schwester liebevoll betreut. Und der soll auf
930 1250 2337 1305 einmal nach dem jähen Tod der Schwester ganz auf eigenen Beinen stehen.
929 1296 2330 1376 Da zeigt es sich nun, duß er das innere Gleichgewicht, das seinen reifen
937 1350 2337 1414 Jahren entspräche, nicht allein finden kann, nie besessen hat. Nicht eine,
940 1417 2331 1477 gleich drei Frauen auf einmal braucht sein Anlehnungsbedürfnis, verliert
938 1465 2332 1522 die wertvollste ebenso wie ein aussichtsreiches Sanatorium, weil er, ewig
935 1518 2344 1581 unentschlossen, nicht rechtzeitig zuzugreifen versteht, zernichtet die zweite, den
935 1579 2341 1635 bei Schnitzler geläufigen Typus des süßen Mädels, durch eigene Schuld
942 1632 2342 1685 und wird schließlich durch die dritte, eine zweideutige, Männerfang routine¬
931 1667 2345 1728 mäßig betreibende Witwe mit einem Kinde eingefangen wie ein dummer
930 1726 2337 1797 Junge. Dabei ist er eitel, fühlt sich beständig verkannt, ohne sich der
938 1793 2343 1857 Schwester, dem Freund oder der Geliebten rückhaltlos aufschließen zu können,
943 1832 2332 1903 und hält sich für verraten, wenn diese eine ihm unzugängliche Ecke in
936 1888 2348 1962 ihrem Herzen besitzen, im übrigen ein gewandter Plauderer mit ausgesprochenem
942 1959 2345 2008 Glück bei Frauen. Ich frage nun: Ist das ein typischer Nord= oder
937 1999 2337 2072 Mitteldeutscher, was er nach Schnitzler doch sein soll, oder der ewige, nur
936 2045 2338 2109 mit seinem Dichter bejahrter gewordene Anatol, der liebenswürdige, aber
948 2100 2338 2174 entschlußunfähige Oesterreicher, dem die Frauen das Wichtigste in der Welt
939 2155 2349 2232 bedeuten, der nicht ohne sie zu leben, aber sie auch nicht zu meistern weiß,
942 2209 2349 2278 der bei jeder eigenen Schwäche über die Schlechtigkeit der Welt seufzt?
937 2267 2346 2321 Gewiß ein unbeabsichtigtes, gewiß kein geschmeicheltes, gewiß ein einseitiges
947 2316 2340 2381 Gemälde, aber von der Porträtähnlichkeit, die nur jene Bilder haben, auf
939 2386 2351 2442 denen ein markanter Zug herrschend hervortritt. Und die vier weiblichen
947 2434 2349 2495 Gestalten des Buches? Die alternde Friederike mit dem tadellosen Ruf,
942 2479 2352 2554 die unter den Augen ihres problematischen Schützers von Bruder eine
943 2541 2357 2611 ganze Kompanie Männer vom Jugendfreund bis zum lungensüchtigen
947 2596 2345 2653 Knaben beglückt hat, weil ihre Sinne Nahrung brauchten, hieß sie nicht
953 2653 2350 2714 früher Frau Berta Garlan oder Komtesse Mizzi oder Frau Beate? War
947 2713 2348 2774 sie damals nach dem Ausweis ihres Passes Oesterreicherin, warum sollte
953 2750 2342 2811 sie es jetzt trotz der Falschmeldung nicht sein? Ist es die aufrechte,
954 2816 2345 2874 so ganz unprüde Sabine nicht genau so wie die Johanna aus dem „Ein¬
939 2858 2346 2932 samen Weg“, das süße Mädel Katharina nicht genau so wie ihre berühmte
949 2909 2358 2969 Ahnfrau aus der „Liebelei“, der anschmiegsamen Witwe mit den freigebig
947 2973 2346 3025 dekolletierten Hauskleidern gar nicht zu gedenken, die so viel Verständnis und
950 3020 2348 3090 Interesse gegenüber den kleinen Freundinnen ihrer männlichen Bekannten hat?
956 3072 2342 3144 Ist diese ganze Welt, in der der Beruf neben dem Ewig=Weiblichen nur eben
952 3149 2343 3197 noch gerade geduldet erscheint, die der norddeutschen Tat= und Geschäfts¬
948 3193 2359 3248 menschen, deren unsentimentale Leistungsfähigkeit jetzt eben zwei Hemisphären
948 3227 2356 3308 in Atem hält? Nein, diese Leutchen, deren Weh und Ach überhaupt nicht
955 3299 2359 3362 oder nur aus dem berühmten einen Punkte zu kurieren ist, sind wie ihr
944 3353 2366 3427 Dichter unter weicheren Lüften zuhause, wir können sie wie Schnitzler ver¬
948 3396 1549 3480 leugnen, aber nicht abschütteln.
3265 1731 3324 1783 nun
3083 1785 3324 1861 sein von den
2816 1792 3005 1853 ausgeschlos
2802 1837 3327 1906 Seite eines in unermüdlich
2787 1889 3327 1964 Das ist mehr, als er zu ei
2796 1941 3325 2006 dem Doktör Gräsler, so ste
2796 2003 3329 2073 Geschäft und Erwerb zurüch
2794 2053 3323 2125 zu missen und doch auch n
2791 2102 3322 2179 weil ihm wie dem Doktor
2796 2161 3327 2228 wohl mit seinen Wünschen
2801 2212 3327 2274 käme, der in das Land sein
2794 2265 3327 2342 befreien, das muß die alles
2803 2319 3330 2384 für ihn besorgen. Ein Ba
2807 2375 3333 2443 Hofschulzen oder des Büttn
2806 2424 3333 2494 Baum duckt und das Wet
2799 2482 3325 2560 wohntere nordische Vetter b
2890 2544 3325 2618 Daß auf unseren Uni
2798 2595 3333 2669 ist wie im Norden, ist ein
2811 2650 3325 2724 aus dem Reich zu uns kon
2801 2702 3332 2765 wirklich etwas mehr gebum
2798 2753 3334 2826 Aussagen norddeutscher P
2813 2815 3332 2880 wirklich geringe Anforderun
2799 2868 3328 2938 vielleicht nicht ganz selten
2809 2919 3321 2993 doch so leicht keiner. Die
2810 2975 3319 3047 und recht sehr mit Ach v
2797 3023 3310 3103 kerntüchtige Material doch
2800 3084 3336 3156 als auf eigentlich wissens
2813 3134 3318 3206 vielleicht noch seltener als
2805 3191 3304 3258 gleich aus und was man
2804 3239 3327 3317 Vollbringen in gemeinnütz
2891 3346 3321 3431 *) Leipzig, L. Staackman
