3436 4320
1266 204 1615 273 Badearz
834 201 1205 275 raesler
1807 206 2212 295 box 4/6
254 205 785 293 29. Doktor
473 230 1685 313 Sehtefurdestel, Badsaizt
2252 781 2766 965 1. Beiblatt.
2040 945 2990 1036 Druck und Verlag von Rudolf Mosse in Berlin.
425 836 1998 1027 Berliner Tageblatt.
181 1058 3010 1131 Perenen en estensenepeseenen senseneeeche ve Hnselnen Ansuene enenansen. Wiehesbeltise Zl. !— un isr wohft. unchlnegnent, daß nnch den guten Erjährungen,
521 1095 3008 1172 erwerben, um sie weiter zu verkaufen. Ihre Lieferanten waren be=i die man im Kriege mit der Mitarbeit der Frauen gemacht hat,
1763 1139 2688 1203 dem Ersuchen des Magistrats nachkommen wird.
175 1158 287 1238 us
535 1037 1775 1239 e  e e
532 1232 1779 1302 tionswagen abgesehen, und zwar suchten sie sich den Wittenbergplatz
171 1214 538 1291 ge anschließe.
1866 1252 2855 1322 Die „Deutsche Kunsivereinigung“.
171 1264 535 1340 wachs in Schöne¬
530 1269 1784 1346 und die Umgebung der Kaiser=Wilhelm=Gedächtniskirche als Feld
167 1311 530 1377 13 wäre noch ein
534 1313 1767 1366 ihrer Tätigkeit aus. Sie suchten meist nach Kisten, in denen sie
1770 1306 3006 1390 Der Präsident der Vereinigung zu 600 Mark Geldstrafe
162 1353 529 1419 nden gewesen, der
524 1349 1767 1415 Lebensmittel vermuteten. Zu ihren Abnehmern gehörte
2234 1379 2513 1450 verurteilt.
177 1387 527 1463 dem Jahre 1915
523 1391 1777 1464 außer der Frau Schulz auch der Zigarrenhändler Kulp aus der
172 1422 542 1499 chuß an Geburten
535 1445 1775 1501 Prinzenstraße. Bei ihm fanden die Kriminalbeamten ebenso wie
1819 1433 3010 1493 Mit der „Deutschen Kunstvereingung“ mußte sich
192 1477 544 1544 e1915 starben
533 1483 1769 1542 in dem Schulzeschen Keller alle möglichen Gegenstände. Mehrere Kisten
1759 1479 3013 1556 gestern die Strafkammer in Moabit beschäftigen. Wie noch er¬
184 1529 533 1585 n und im Jahre
528 1530 1768 1582 waren noch gar nicht geöffnei. Die beschlagnahmte Beute wurde nach
1763 1525 3010 1598 innerlich, hatte vor längerer Zeit der Verein Berliner Künstler
170 1573 530 1628 Geburten um 571.
526 1569 1766 1628 dem Groß=Revier gebracht und dort für die unbekannten Bestohlenen
1769 1569 3022 1632 gegen den Präsidenten der Kunstvereinigung, den Kunst¬
171 1612 531 1666 hlen nicht einbe¬
526 1611 1773 1677 ausgestellt. Kandal wurde zuerst ermittelt. Er wohnte unange¬
1762 1620 3016 1672 maler Schleusing, Strafantrag wegen unlauteren Wett¬
178 1643 538 1726 Antrag des Aus¬
531 1649 1767 1714 meldet bei seiner Frau und hatte sich dort im Bett versteckt,
1767 1654 3011 1716 bewerbs gestellt. Der Verein Berliner Künstler erblickte in der
531 1684 1760 1753 als die Kriminalbeamten erschienen. Während die Beamten ihn
1772 1701 3022 1757 Vereinigung lediglich ein privates Bildergeschäft des
167 1717 531 1798 n, daß die Kinder¬
535 1734 1768 1790 aus dem Veresteck herausholten, erschien Otto bei seinem Freunde,
1768 1733 3022 1806 Malers Schleusing und nicht ein auf gegenseitigen Interessen be¬
170 1778 531 1852 den mögen. Nach
522 1769 1766 1835 I so daß auch er sofort festgenommen werden konnte. Bald darauf
1768 1774 3015 1857 ruhendes gesellschaftliches Unternehmen. Die „Teutsche Kunst¬
2171 1838 2257 1921 1
529 1893 1769 1963 höchst wahrscheinlich das Fieber zur Folge gehabt hätte. Der
1763 1903 3017 1976 ist. Zuweilen schläft er sogar im Freien.“ Und als der Doktor
532 1951 1769 2010 Doktor, der diese Bemerkungen anfangs für Scherz hielt er¬
1769 1946 3020 2019 etwas bedenklich den Kopf schüttelte, fügte sie hinzu: „Oh, das
180 1897 526 2048 adearzt
531 1983 1767 2050 kannte im weiteren Verlauf der Unterhaltung, daß die Frau
1764 1999 3025 2068 macht nichts, das hab' ich früher auch manchmal getan. Nicht
531 2043 1764 2092 im Gegensatz zu ihrer Tochter, über die medizinische Wissen¬
1770 2048 2049 2111 oft, freilich.“
533 2076 1769 2135 schaft durchaus laienhaft, ja ketzerisch dachte, wie sie sich denn
1829 2075 3010 2165 „Doch wohl nur ganz in der Nähe des Hauses“ fragte der
165 2078 511 2162 achbruck verboten.]
526 2109 1773 2178 auch nachher an spöttischen Bemerkungen über die Heilquelle
1774 2122 3007 2215 Doktor leicht besorgt, „und“ — setzte er zögernd hinzu — „als
539 2168 1768 2220 des Badestädtchens nicht genug tun konnte. So behauptete sie,
1764 2171 2158 2244 kleines Mädchen?“
536 2209 1772 2269 daß zu Versandzwecken die Flaschen mit gewöhnlichem
180 2205 533 2276 und Dr. Gräsler
1823 2220 3003 2280 „Oh. nein, ich war ja schon siebzehn Jahre alt, als wir das
536 2250 1772 2299 Brunnenwasser gefüllt würden, in das man Salz, Pfeffer und
181 2248 541 2311 als es aus dem
1769 2265 2999 2343 Haus hier bezogen. Früher haben wir nicht in dieser Gegend
532 2283 1765 2346 wohl auch noch bedenklichere Gewürze hineintäte, so daß
172 2286 553 2360 r erhob sich, das
1774 2310 2990 2385 gewohnt, sondern in der Stadt . . . in verschiedenen Städten.“
534 2336 1763 2392 Dr. Gräsler, der sich stets an dem Ruf der Badeorte, in denen
397 2339 542 2391 schon
182 2335 399 2409 geräumige
1816 2360 3000 2419 Da sie sich so zurückhaltend vernehmen ließ, hielt es der
530 2377 1760 2430 er gerade praktizierte, mitbeteiligt und für Erfolge und Miß¬
427 2376 536 2434 llere,
1772 2393 3001 2459 Doktor für angemessen, nicht weiter zu fragen. Sie standen
544 2417 1766 2472 erfolge mitverantwortlich fühlte, eine gewisse Verletztheit nicht
448 2417 544 2480 dem
185 2419 321 2476 Haube
1777 2447 3017 2496 am Straßenrand. Der Kutscher war fahrtbereit. Sabine
539 2450 1765 2523 völlig unterdrücken konnte. Doch widersprach er der Mutter
166 2457 289 2519 aufre
468 2459 522 2519 nd
1769 2483 3012 2538 reichte dem Doktor die Hand. Er hatte das Bedürfnis, ihr
173 2506 296 2576 brige
532 2495 1772 2565 nicht ernstlich, sondern begnügte sich, mit der Tochter einen
460 2506 543 2581 inz
1774 2530 3014 2582 noch ein Wort zu sagen. „Wenn ich mich nicht irre, sind wir
183 2554 279 2608 kute.
530 2529 1763 2603 verständnisvoll lächelnden Blick zu wechseln womit er seinen
1766 2572 2807 2632 einander schon einige Mal im Städtchen begegnet?“
541 2593 1774 2659 Standpunkt genügend und in würdiger Weise gewahrt zu
170 2580 320 2643 nd tra
454 2577 538 2644 an
1821 2622 3009 2677 „Gewiß, Herr Doktor. Ich kenne Sie auch schon lang.
534 2626 869 2700 haben meinte.
463 2637 542 2704 der
1768 2650 2998 2718 Freilich vergehen manchmal Wochen, ehe ich hineinkomme. Im
586 2657 1767 2734 Als er von Sabine begleitet, ins Freie trat, betonte er noch¬
1763 2712 3003 2768 vorigen Jahr habe ich übrigens einmal Ihr Fräulein Schwester
171 2706 302 2775 t und
440 2697 544 2773 dlich
531 2705 1771 2771 mals die vollkommene Harmlosigkeit des Falles, worin sich
1768 2754 3011 2803 gesprochen, ganz flüchtig, beim Kaufmann Schmidt. Sie ist
181 2750 434 2820 ehr erfreut,
536 2759 1765 2808 Sabine mit ihm einverstanden erklärte; doch müßte man, wie
443 2763 546 2813 Ihre
1765 2791 2390 2854 wohl wieder mit Ihnen da?“
424 2797 542 2871 vozu,
192 2805 407 2874 sie, „aber
538 2805 1760 2857 sie hinzufügte, gewissen Zufällen, die bei ganz jungen Leuten
1821 2824 3001 2884 Der Doktor blickte vor sich hin. Seine Augen trafen zu¬
538 2842 1764 2899 freilich ohne Bedeutung seien, in vorgerückteren Jahren immer¬
533 2876 1759 2935 hin größere Aufmerksamkeit schenken; und darum hätte sie
1769 2882 3016 2948 flig Sabinens Schuhe, und er schaute an ihnen vorbei.
160 2875 537 2941 #tor, indem er die
542 2923 1761 2986 heute, insbesondere wegen der Abwesenheit ihres Vaters, sich
1767 2934 3010 2981 „Meine Schwester ist nicht mit mir gekommen“, sagte er. „Sie
163 2938 531 2997 zugleich den Puls
1772 2974 2998 3023 ist vor einem Vierteljahr gestorben, in Lansarote." Es war
540 2975 1528 3037 verpflichtet gefühlt, nach dem Doktor zu schicken.
175 2978 542 3043 um so mehr, als
1764 3003 3007 3080 ihm weh ums Herz, doch daß er den Namen der fernen Insel
603 3002 1767 3082 „Der Herr Papa ist wohl auf einer Inspektionsreise?“
176 3019 543 3085 „über ganz ver¬
543 3040 998 3123 meinte Dr. Gräsler.
1763 3057 2950 3102 aussprechen durfte, bereitete ihm eine kleine Genugtuung.
185 3059 545 3120 scheint. Aber da
590 3078 1376 3151 „Wie meinen Sie das, Herr Doktor?“
204 3093 543 3163 Und indes die
1814 3097 2998 3163 Sabine sagte „Oh“ und weiter nichts. Nun standen sie
603 3128 1574 3191 „Auf einer Inspektionsreise durch das Revier.“
168 3138 546 3205 eben schien, nahm
1753 3135 3014 3203 eine Weile schweigend, bis Dr. Gräsler seine Züge zu einem
241 3170 548 3240 Sabine mit
595 3188 2998 3236 Sabine lächelte. „Mein Vater ist nicht Förster. Das hier etwas förmlichen Lächeln zwang und Sabinen die Hand
546 3215 1775 3274 ist auch schon lange nicht mehr das eigentliche Forsthaus. Es
174 3218 541 3288 tatsächlich, soweit
1761 3233 3004 3279 reichte. „Gute Nacht, Herr Doktor,“ sagte sie ernst. „Gute
1593 3251 1662 3289 au2
547 3263 1766 3317 heißt nur so, weil bis vor sechs oder sieben Jahren der Förster
184 3261 551 3330 tientin als deren
1764 3262 2997 3339 Nacht, Fräulein,“ erwiderte er und stieg in den Wagen.
547 3308 1769 3361 des fürstlichen Reviers hier gewohnt hat. Aber so wie man
174 3311 548 3371 hwierigkeiten er¬
1771 3317 3008 3383 Sabine stand noch eine kleine Weile, bis sich der Wagen in
545 3352 1765 3403 das Haus hier noch immer das Forsthaus nennt, so nennen sie
185 3355 548 3413 efür die nächsten
1768 3358 3005 3414 Bewegung gesetzt hatte, dann wandte sie sich zum Gehen.
540 3395 1766 3449 in der Stadt drin den Vater immer den Förster, obwohl er
178 3389 545 3457 en verwahrte sich
1766 3411 3010 3462 Dr. Gräsler blickte nach ihr zurück. Mit leicht gesenktem
540 3434 1755 3505 niemals in seinem Leben irgend etwas dergleichen gewesen ist.“
219 3437 544 3501 , in früheren
1761 3447 2997 3492 Kopfe, ohne sich umzuwenden, ging sie zwischen den Tannen
611 3464 1767 3534 „Sie sind das einzige Kind?“ fragte Dr. Gräsler, während
168 3469 556 3547 ezeichnete, gerade
1755 3481 3008 3544 dem Hause zu, aus dem ein Lichtstrahl über den Weg schim¬
549 3505 1765 3570 sie ihn, als verstünde sich das von selbst, unter den jungen
175 3510 546 3586 rkraut und einer
1763 3522 3006 3588 merte. Eine Biegung der Straße, und das Bild war ver¬
539 3560 1772 3628 Tannen auf dem schmalen Wege zur Straße hin begleitete.
179 3553 550 3625 eider nicht zu be¬
1762 3558 3005 3628 schwunden. Der Doktor lehnte sich zurück und sah zum
602 3604 1769 3660 „Nein,“ erwiderte sie. „Ich habe noch einen Bruder. Der
176 3595 554 3669 En; und nur dies¬
1765 3601 2998 3674 Himmel auf, der dämmerkühl mit spärlichen Sternen über
542 3645 1768 3697 ist aber viel jünger als ich, erst fünfzehn. Er läuft natürlich
181 3640 544 3704 ssen, mittags eine
1762 3654 2015 3728 ihm hing.
2521 3644 2947 3732 (Fortsetzung folgt.)
181 3672 1809 3750 belche Entsagung den ganzen Tag im Wald herum, wenn er daheim auf Ferien!
