3436 4224
1728 163 2195 285 box 4/9
1246 167 1658 246 Badearzt
470 173 1103 261 Doktor Graesl
246 210 1663 272 29 —   en en enenen  e e ete e ene
956 916 1078 1011 192
1481 899 1823 997 Alfred Nathansky.
963 1011 2356 1091 einstigen Hochschullehrern der ehemaligen Bummelstudenten erwecken, wenn
1022 1085 2348 1143 ja wenn sie davon erführen und wir nicht die leidige Gewohnheit
961 1141 2348 1186 hätten, unser Licht unter den Scheffel zu stellen. Von einem solchen ver¬
949 1193 2350 1241 bummelten Studenten erzählt Rudolf Haas in seinen zwei prächtigen
957 1257 2364 1313 Bänden „Matthias Triebl“*) und „Triebl, der Wanderer"*). Dieser
966 1303 2355 1354 Prager Mediziner bummelt, weil er ein Sinnierer ist und so gar keinen
954 1356 2352 1414 persönlichen Ehrgeiz hat, er kommt bis hart an die Schwelle der Lumperei,
957 1423 2365 1476 aber nicht über diese hinweg und wird endlich doch fertig, gerade als andere
963 1475 2356 1533 ihn und er sich selbst schon aufgegeben haben, weil er fühlt: „Noch einen
964 1515 2355 1578 Schritt weiter und es gibt kein Zurück mehr!" Und so wird aus ihm
953 1572 2366 1615 ein tüchtiger, stets hilfsbereiter Landarzt und ein unermüdlicher Arbeiter im
958 1632 2365 1691 Dienste seines Volkes, ein Voller und Ganzer, was Besseres als viele, die
966 1678 2347 1731 in der regelmäßigen Tretmühle von Studium und Prüfung rechtzeitig ab¬
964 1732 2367 1793 solviert haben. Und kein Philister. Binden kann und will sich der Triebl
961 1793 2358 1857 Matz nicht, auch als er in die Jahre gekommen ist, wo es der Normal¬
962 1839 2369 1900 mensch zu tun pflegt, auch dem prächtigen, herz= und werktüchtigen Weibe
964 1896 2358 1950 seiner Neigung gegenüber nicht. Als Wanderer zieht er wieder aus dem
959 1950 2357 2008 eben erreichten Hafen der Geborgenheit, weil sein landfahrendes Herz, in
961 2002 2350 2065 Stürmen erprobt, noch zu jung ist, um jetzt schon zu rasten. Ein natur¬
965 2057 2359 2114 naher Pantheismus, der sich in südlichen Landen merkwürdig gut mit dem
960 2112 2370 2182 katholischen Glauben verträgt, beseelt ihn ebenso wie eine wohl damit
955 2172 2367 2235 zusammenhängende verständnisvolle Liebe zu den Tieren, die sie und ihn
956 2223 2361 2287 den Herzen näher bringt. Ist das nicht wieder der typische Oesterreicher,
963 2276 2354 2346 der von sich so wenig hält wie die anderen von ihm und dem immer erst
966 2325 2364 2388 der eiseine Muß fünf Minuten vor Torschluß zeigt, was er vermag, wenn
958 2375 2356 2455 er nur echt antaucht? Das Ewig=Weibliche braucht freilich auch er als
955 2435 2366 2493 Herzens= und Sinnentrost wie als Stab beim Bummeln und beim Wirken,
958 2481 2362 2560 das Kind als physische und ideelle Fortsetzung des Ich nicht minder. Was
968 2543 2359 2592 sind das aber auch für prächtige Geschöpfe, diese zwei Silva, diese Rosl
966 2604 2371 2667 und vor allem diese Anna! Unprüd, tüchtig, aufopferungsfähig bis zum
968 2645 2369 2712 Letzten, voll unerschöpflichen Glaubens an den nicht eben bequemen Mann
955 2705 2368 2750 an ihrer Seite, mit einem Wort, der Typ, den wir schon bei Schnitzler
967 2753 2357 2831 und Schönherr kennen gelernt haben, der in dieser gleichmäßigen Wieder¬
959 2821 2369 2878 kehr doch nicht dem Zufall entstammen kann, der eben der österreichische
961 2865 2368 2924 Frauentypus ist, wie er österreichischen Dichtern immer wieder erscheint
969 2927 2365 3000 und erscheinen muß, weil er in ihrer Umwelt und in ihren Herzen ver¬
960 2973 1194 3048 ankert ist.
1060 3035 2361 3102 Von einem polnischen Dichter, der deutsch und polnisch schreibt, von
954 3092 2352 3164 Tadeusz Rittner ist ein neues Drama erschienen, „Der Garten der Jugend“*!).
959 3143 2380 3200 Spielt nirgendwo und nirgendwann und konnte doch nur in Oesterreich ge¬
967 3180 2375 3248 schaffen werden. Nur hier sind jene innerlich grundbraven Männer und
1048 3290 1529 3376 *) Leipzig, L. Staackmann.
1031 3359 1719 3424 *) Wien, Deutsch=österreichischer Verlag.
2765 981 3339 1077 Frauen zu Hause, deren einzig
2782 1059 3344 1133 Schauspieler, Militärs und St
2771 1110 3343 1183 Stunde abtreten zu können,
2777 1165 3338 1238 bleiben, obwohl ihre Zeit vor
2772 1221 3331 1287 möchten, nicht aus Neid oder
2772 1276 2862 1331 vor
2873 1277 2929 1341 sick
3271 1282 3351 1350 sien
3113 1436 3157 1520 S
3245 1436 3339 1510 as I
3277 1497 3348 1552 r d
3274 1643 3351 1713 nen
3215 1726 3351 1796 er ohn
2811 1777 2938 1844 speziell
3014 1777 3340 1852 rreichischen Wesens
2800 1830 3349 1902 seinem ganzen heute schon rech
2778 1889 3322 1960 hältnismäßig kleine Splitter
2786 1940 3352 2014 gewidmet ist. Weiter als bis
2786 1999 3354 2072 die Wiege des modernen Men
2785 2044 3349 2120 tänigkeit zu lösen und sacht
2785 2103 3336 2173 Folgt die franzische Epoche
2783 2164 3329 2236 und der langen Friedenszeit
2782 2211 3337 2279 Musik ganz erfüllen mußten,
2779 2268 3340 2329 behielt, dann das notwendig
2777 2327 3353 2392 dessen Schilderung Bartsch sei
2780 2372 3341 2446 fiel ... 1848“*). Dann f
2773 2424 3346 2489 über die Gründerzeit den Kä
2776 2482 3344 2549 wühlen. „In den Haindlkin
2775 2539 3356 2618 Erzherzogs Albrecht, des letzt
2785 2589 3349 2665 Alt=Oesterreich, ihren Schatten
2773 2643 3354 2722 Kämpfe zwischen Bürgertum in
2791 2696 3339 2769 einer Familie die Fassetten d
2787 2751 3343 2816 eine fein organisierte Genußn
2779 2806 3349 2880 die Kochkunst einen Ehrenplatz
2789 2860 3341 2930 Mann andächtig schlürfender
2788 2917 3354 2989 meierisch stilisierten Erscheinun
2788 2965 3353 3043 solche Papa Haindl sehen wit
2786 3020 3355 3078 ohne eine Spur gewollter Wü
2788 3078 3343 3138 schreiten. Die Söhne aber ve
2787 3135 3353 3214 Männlichkeit: Der Lebehaind
2857 3234 3355 3301 *) Wien, 1905, C. W. Stern
2897 3291 3344 3354 geschädigt, bei Ullstein un
2839 3335 3347 3417 **) Leipzig, 1908, L. Staack
