3484 4224
4 1852 47 1903 n
-10 1982 62 2037 na,
-13 2166 85 2217 8
-11 2534 68 2592 61
18 2710 59 2761 ei
-12 2746 56 2800 An
1281 147 1689 216 Badearzt
491 147 1209 221 Doktor Graesler
1833 146 2163 241 box 4
296 156 1699 261 29. Sa
2415 848 2945 999 1. Beiblatt.
2201 985 3158 1058 Druck und Verlag von Rudolf Mosse in Berlin.
712 969 2036 1066 eilinel Tageriatt.
1440 1052 1581 1103 EEEDET
580 1065 702 1127 n
1032 1046 1884 1123 Meaneen eeeeerneeneenheen
1897 1089 3133 1153 weniger als 1916, hervorgerufen aus der Verminderung der Schlach¬
652 1112 1881 1158 Direktor, Herr Steiner, tritt am 1. April von der Leitung der Speziali¬
187 1124 647 1176 Dr. Landsberger,
1888 1141 3141 1188 tungen in Höhe von rund 1081 000 Mark. Diese beliefen sich in den
660 1158 1886 1203 tätenbühne in der Friedrichstraße zurück und an seine Stelle tritt
191 1156 653 1220 lkinder für mehrere
1890 1181 3131 1228 letzten Jahren auf etwa 2,4 Millionen Mark. Sollte es gelingen, die
657 1189 1882 1245 Direktor Klein. Im April wird noch ein reines Spezialitäten¬
199 1203 642 1249 sichtige, erwiderte Ober¬
1897 1220 3142 1261 Pachtungen zu vermehren, dürften auch für die kommenden Jahre be¬
663 1234 1878 1296 programm gespielt werden, während für den Mai von dem neuen
194 1246 654 1295 Magistrat bereits mit der
1892 1264 3130 1319 deutend höhere Einnahmen als bisher zu erwarten sein. Die
667 1267 1679 1321 Leiter der Bühne ein neues Variétégenre geplant ist.
202 1290 655 1353 Sitzung den Stadtver¬
1893 1301 3125 1360 Einnahmen der Schlächterei sind mit rund 1272000 Mark angegeben,
704 1301 1878 1363 Preußisch=Süddeutsche Klassenlotterie. Bei der gestrigen
1896 1343 3128 1403 die Ausgaben mit 1154 000 Mark. Das Sägewerk in Hobrechtsfelde
659 1345 1879 1401 Nachmittagsziehung der 3. Klasse der Preußisch=Süddeutschen Klassen¬
192 1343 646 1438 h die Versammlung mit
672 1381 1889 1431 lotterie fiel ein Gewinn von 75000 Mark auf Abteilung I Nr. 4535
1891 1382 3128 1428 schließt mit einer Einnahme von 184 000 Mart und einer Ausgabe von
201 1410 648 1473 schen Anleihe. Wie
663 1425 1878 1472 nach Berlin, der zweite Gewinn von 75000 Mark auf Abtei¬
1893 1428 3136 1487 118 000 Mark ab. Der Brennereibetrieb in Buch soll bei einer Erzeu¬
199 1451 654 1520 nleihe von vielen
655 1469 1259 1526 lung II Nr. 4535 nach Jauer.
1889 1460 3136 1542 gung von 92000 Liter Alkohol in sechs Monaten 72 700 Mark bei
714 1508 1878 1576 Wieder drei Brotkartendiebe verhaftet. In der Münz¬
1893 1520 3136 1572 69 100 Mark Ausgabe ergeben haben. Die Berechnung über die Bieh¬
180 1537 638 1616 netenversammlung
669 1532 1886 1609 straße wurde gestern von Kriminalbeamten ein Mann be¬
1902 1554 3132 1616 haltung weist folgende Zahlen aus: Es sind vorgesehen an Gesamt¬
1892 1598 3124 1652 einnahmen in Buch: 1227 200 Mark, das sind 400 200 Mark mehr als
656 1587 1884 1659 obachtet, der zwischen einzelnen Schankwirtschaften hin und her
192 1601 654 1674 gleichfalls mit dem Haus¬
1899 1639 3135 1680 1916 und rund 1 104 400 Mark Ausgaben oder 326 400 Mark mehr.
665 1639 1892 1695 ging und sich auf verschiedenen Hausfluren längere Zeit aufhielt.
199 1642 522 1708 Mark abschließt.
674 1679 1886 1731 Es stellte sich heraus, daß er auf seinen Gängen Kunden für Brot¬
1893 1675 3129 1729 Angekauft sollen werden: in Buch für etwa 700000 Mark Vieh; in
186 1679 660 1746 ein Ziffernbild von dem
669 1727 1882 1780 karten suchte und mit ihnen auf den Fluren die Geschäfte ab¬
1898 1719 3138 1796 Schmetzdorf für 805 000 Mark; in Osdorf für 241 600 Mark; in Groß¬
192 1732 656 1798 die Einkommensteuer ein
662 1845 1885 1907 könnte. Ich habe nämlich das Vergnügen —“—,Ah,“ unter¬
1899 1846 3138 1897 da schickt man so ein Mädchen aufs Land, läßt sich's was
669 1895 1880 1950 brach ihn Frau Rebner sichtlich erfreut, „Sie siad wohl der
1894 1891 3137 1950 kosten, und nun kommt sie einem erst recht elend zurück. Na,
203 1868 649 2011 Badearzt
664 1939 1887 1999 Herr Doktor, den Katharina auf dem Land bei Ludmilla kennen
1897 1931 3136 1991 es wird wohl nicht viel sein, Herr Doktor. Sicher ist sie abends
670 1982 1812 2047 gelernt, und von dem sie das schöne Tuch bekommen hat?“
1896 1985 3133 2056 im Freien gesessen bei der vorgerückten Jahreszeit. Nicht
668 2020 1840 2086 „Ja, der bin ich, Dr. Gräsler ist mein Name.“ — „Freilich,
1897 2024 2610 2085 wahr, Katharina, so ist's gewesen?“
669 2051 1884 2109 Dr. Gräsler . .. sie hat uns von Ihnen erzählt . .. ja. Und
1945 2064 3137 2137 Katharina antwortete nichts und schob das Tuch wieder
241 2053 646 2146 [Nachdruck verboten.)
674 2102 1884 2149 ich will gleich nachsehen, ob es möglich ist, sie liegt nämlich zu
1894 2107 3129 2169 über ihre Augen. Dr. Gräsler wandte sich an den Vater. Es
191 2121 279 2203 er.
2733 2164 2775 2192 „
2818 2163 2854 2190 „
667 2148 1884 2202 Bette. Gestern ist sie erst zurückgekommen, sie wird sich wohl
1901 2158 3128 2217 war ein ziemlich kleiner, beleibter Mann mit glanzlosen
672 2186 996 2255 erkältet haben.“
187 2181 654 2267 ier in Wind und Regen
1891 2198 3136 2249 Augen, beinahe kahl, und mit einem aufgedrehten grauen
714 2236 1883 2287 Gräsler erschrak heftig. „Zu Bette? Seit wann?“ — „Sie
175 2246 647 2311 undenlang auf und ab
1902 2244 3155 2316 Schnurrbart. „Es ist keine Erkältung,“ sagte Gräsler, „es ist
666 2248 1895 2315 ist heute noch gar nicht aufgestanden. Es wird wohl auch ein
1899 2287 2137 2345 Scharlach.
176 2286 649 2345 n begann er doch einer
671 2305 1171 2373 wenig Fieber dabei sein.“
1167 2313 1895 2399 — „Haben Sie denn schon einen Arzt
118 2332 653 2390 schon längst schüchtern
1962 2307 3128 2389 „Aber, Herr Doktor, davon kann doch wohl keine Rede sein.
674 2345 1176 2414 hier gehabt, Frau Rebner?
1258 2355 1881 2427 „Ach, das Frühstück hat ihr noch
115 2365 663 2425 nde zu Hause wäre?
1906 2368 3111 2414 Das ist doch eine Kinderkrankheit. Ihre Schwester hat's ge¬
58 2394 200 2449 MNE
1549 2396 1879 2452 „Vielleicht wür¬
663 2398 1498 2441 so gut geschmeckt, das geht schon vorüber.
112 2413 654 2476 äfte fortgegangen war,
1895 2414 3135 2493 habt, da war sie fünf Jahre alt. Da hätte sie's doch gleich
667 2439 1879 2491 den Sie mir aber erlauben, da mich der Zufall eben hergeführt
1908 2451 2304 2510 damals bekommen.“
187 2453 651 2512 hrem Urlaub nicht viel
679 2478 1888 2538 hat, — ich denke, Fräulein Katharina wird nichts dagegen
206 2498 662 2554 ihr Urlaub d# noch
1944 2489 3125 2553 Katharina schien durch das überlaute Wesen ihres Vaters
665 2522 1888 2574 haben. — „Nun ja, da Sie doch Arzt sind, es trifft sich vielleicht
198 2544 658 2597 eden letzten freien Tag
1889 2526 3132 2603 zu klarem Bewußtsein gebracht und sagte: „Der Herr Doktor
663 2565 881 2629 ganz gut.“
206 2580 658 2640 alles selbst nicht recht,
1894 2587 3141 2659 wird es wohl besser wissen als du, Vater. Aber er wird mich
714 2586 1876 2653 Und sie führte ihn durch ein ziemlich geräumiges, nicht er¬
199 2620 659 2682 um so mehr, als es ja
1898 2625 2703 2683 auch sicher gesund machen, nicht wahr?“
672 2647 1883 2701 leuchtetes Zimmer in ein kleineres, wo Katharina im Bette
188 2660 663 2726 ewißheit zu verschaffen.
1949 2656 3129 2726 „Ja, das werde ich, Katharina, das werde ich,“ erwiderte
665 2696 1880 2740 lag. Auf dem Nachtkästchen stand eine Kerze, von der ein
185 2705 649 2763 sppen hinauf und fragte
1903 2696 3131 2754 Gräsler, und er liebte sie in diesem Augenblick so sehr wie
671 2737 1882 2793 Lichtschein über das feuchte, weiße Tuch flackerte, das vielfach
182 2746 655 2804 pb das Fräulein Tochter
1898 2738 3122 2803 er noch niemals ein menschliches Wesen geliebt hatte. Während
670 2774 1883 2840 zusammengefaltet auf Katharinens Stirn lag, so daß ihre
192 2793 665 2845 m sonderlich auffallen.
1898 2796 3128 2848 er nun seine Anordnungen traf, erschien die Schwester mit
671 2816 1439 2887 Augen vorerst ganz unsichtbar waren.
197 2837 657 2882 einer Familie, wo das
1902 2832 3125 2894 ihrem Gatten, der den Doktor zuerst mit einem vergnügten
731 2841 1878 2911 „Katharina“ rief Gräsler. Sie rückte das Tuch an¬
181 2878 655 2932 Ppäck vom Lande zurück¬
1888 2880 3122 2918 Zwinkern begrüßte, aber vor dem Ernst der Lage alsbald mit
668 2903 1883 2950 scheinend mühsam von den Augen fort, die trüb erglänzten.
182 2908 659 2971 sie nicht zu Hause war,
1901 2906 3131 2968 seiner Frau ins Nebenzimmer entwich. Den Eltern jedoch
674 2944 1884 3010 „Guten Abend“, sagte sie mit einem schwachen Lächeln, doch
186 2958 653 3014 selegenheit, unter welch
1895 2960 3127 3007 erklärte Gräsler leise, daß er diese Nacht über jedenfalls hier¬
678 2984 986 3047 wie abwesend.
184 3000 664 3061 Haus verbrachte. Und
1896 3006 3130 3043 bleiben werde, gerade die erste Nacht sei in solchen Fällen sehr
737 3006 1884 3083 „Katharina!“ Er stand an ihrem Bett, entfernte hastig die
187 3039 666 3099 r, da war ja alles schön
1903 3045 3124 3111 bedeutungsvoll, und wenn er ununterbrochen bei ihr wachte,
668 3054 1885 3120 Decke von ihrem Hals, schob das Hemd von ihren Schultern
186 3086 655 3141 vieder und machte alles
1892 3084 3133 3161 so vermöchte er vielleicht mancher Gefahr vorzubeugen, deren
669 3118 1884 3168 weg und eine dunkle Röte zeigte sich. Das Fieber schien sehr hoch
175 3120 657 3179 de nächsten Tage mit ihr
1897 3129 2952 3197 erste Anzeichen ungeschulten Augen entgehen könnten.
676 3156 1884 3209 gestiegen, die Abgeschlagenheit war beträchtlich, und so bedurfte
176 3171 662 3225 ig, was ihm durch den
1960 3169 3132 3246 „Nun, Katharina,“ sagte der Vater, wieder an ihr Bett
681 3202 1888 3247 es für Gräsler keiner eingehenderen Untersuchung mehr, um
188 3208 665 3262 ts zu tun, als ihr inner¬
1901 3216 3125 3265 tretend, „du kannst von Glück sagen. So einen Doktor hat
668 3244 1885 3297 Katharinens Erkrankung als Scharlach zu erkennen. Und ihre
196 3252 661 3307 in seiner erbärmlichen
1891 3256 3126 3319 nicht jede. „Aber, Herr Doktor,“ er zog ihn mit sich zur Tür,
673 3274 1888 3332 eine Hand in der seinen haltend, tief bedrückt, sich wie ein
190 3284 668 3351 Schuld trug als sie. So
1899 3312 3129 3361 „das will ich Ihnen doch gleich sagen, wir sind keine reichen
674 3325 1880 3376 Schuldiger fühlend, sank er auf den Sessel neben dem Bett hin.
195 3328 670 3401 gen für sie vor der
1891 3340 3125 3399 Leute. Wenn sie auch auf dem Land gewohnt hat, sie war ja
733 3368 1890 3418 In diesem Augenblick kam der Vater heim, und schon in
1891 3395 3126 3441 nur zu Gast bei Ludmilla, wie Sie wohl bemerkt haben. Nur
680 3403 1890 3454 der Türe rief er: „Aber, Kinder, was macht ihr denn für Ge¬
206 3395 659 3476 Frau im Hauskleid,
1896 3427 3111 3473 das Billet hin und zurück, das haben natürlich wir bezahlt.“
683 3445 1886 3498 schichten? So habt ihr also wirklich einen Doktor —“ Seine
204 3450 662 3528 nete und sah ihn ver¬
1901 3453 3124 3527 Seine Frau verwies ihm das Reden, zog ihn mit sich ins
674 3489 1872 3546 Frau trat ihm entgegen. „Nicht so laut,“ sagte sie, „der Kopf
1892 3517 3128 3560 Wohnzimmer, da sie fühlen mochte, daß es an der Zeit war,
684 3539 1886 3596 tut ihr weh. Es ist ja der Doktor, den sie draußen bei Lud¬
179 3526 667 3601 in hier recht bei Herrn
1897 3557 2739 3610 Katharina mit ihrem Arzt allein zu lassen.
674 3572 1190 3644 milla kennen gelernt hat.“
198 3582 596 3642 h bin seine Frau.“
2312 3600 2683 3682 (Fortsetzung folgt.)
725 3599 1840 3664 „Ach so, sagte der Vater nähertretend, „das freut mich
195 3624 666 3687 h wollte nämlich fragen,
182 3634 1915 3730 ein Katharina sprechen sehr, Ihre werte Bekanntschaft zu machen. Ja, sehen Sie,
