3436 4256
1221 152 1618 228 Badearzt
443 156 1151 231 Doktor Graesler
216 161 435 245 29.
521 775 1040 849 zve Tronsorint
653 826 1061 913 Boston Mess
688 881 1049 963 June 28-50
1041 961 1832 1038 Tgrasp, arouses more Irritation than sym¬
1075 1015 1826 1093 pathy, but even the relentless imper¬
436 1000 936 1093 Dr. Grdesler
1078 1041 1828 1121 sonality of the writing cannot destroy
1083 1084 1824 1144 the pathos of the delicate, merry Kath¬
311 1104 1076 1190 Arthur Schnitzler’s Story of a Middle¬
1071 1100 1840 1185 arina, who understands so well her
1076 1154 1844 1231 place in the doctor’s affections and gives
563 1159 846 1229 Aged Doctor
1076 1195 1734 1253 all her love with so poor a return,
1122 1205 1844 1286 While Dr. Graesler“ lacks the fan¬
365 1203 1077 1275 Dr. Graesler. By Arthur##r. 31.50.
317 1257 851 1327 Neu- Tork: Simon and Schuster.
1090 1259 1835 1319 tastie charm of“Rhapsody“' it possesses
1092 1295 1839 1360 a unity and a truth of description that
452 1268 1076 1361 #will be a pleasure for Artnur
1658 1326 1812 1378 P. L.
1087 1345 1552 1400 give it poignant reality.
413 1332 1082 1399 Schnitzler’s admirers to learn that
433 1375 1083 1425 Dr. Graesler,“ originally published
398 1412 1079 1469 " in this conntry in 1923, is now re¬
334 1447 1090 1496 issued in the black and gold format, uni¬
323 1479 1090 1528 form with his other novelettes. This
331 1518 1100 1564 form, of which he is an undoubted mas¬
338 1558 1113 1602 ter, has advantages which make one
336 1595 1105 1641 wonder why it is so seldom used. Long
338 1619 1093 1683 enough to admit of character develop¬
337 1663 1096 1712 ment as well as character portraynl, a
342 1691 1100 1743 novelette is yet short enough to be easily
338 1722 1099 1772 read at one sitting, It can, therefere.
342 1760 1105 1811 while able to pertray more than a single
327 1799 1113 1858 mood or ineident, run uninterrupted by.
337 1826 1092 1893 sections, thus preserving a sense of unlt#
342 1875 841 1918 seldom found in a novel.
400 1901 1120 1949 Dr. Gr.,ecler“ is a qulte perfect
341 1933 1103 2000 handling of inis form. It carries a mid¬
335 1970 1092 2031 dle-aged doctor through a series of in¬
340 2014 1104 2064 eidents leading un to a belated marrlage.
345 2049 1099 2093 Graesler had been contented to be a
345 2071 1103 2124 bachelor with occasional hrief amorous
342 2115 1097 2160 adventures. Since his unmarried nister
342 2149 1093 2207 had relleved him of all household or
349 2187 1103 2231 material responsibilities, the thought of
352 2228 1127 2270 domestielty, which included a wife had
348 2255 1105 2298 never entered his head. Gradually he
344 2290 1102 2352 had lapsed into the independent selfish
342 2323 1121 2364 seclusion of a reasonably successkul
346 2352 1099 2399 bachelor doctor. The death of his si#ter
346 2388 1112 2444 leaves him with the realization of the
347 2429 1108 2477 lonely narrowness of his life. The book
351 2454 1120 2509 deals with his belatedly aroused need
348 2483 1129 2543 for love and a home. But his indepen¬
351 2529 1121 2578 dence has become a habit and he shrinks
352 2574 1121 2619 from ang honds. Twice during the book
356 2603 1116 2648 he walks un to the edge of matrimony
356 2626 1117 2701 and then flees in terror ät the thought
349 2657 1120 2732 of relinquishing his liberty, In the end
347 2707 1116 2768 it is a. somewhat unserupulous but de¬
346 2738 1117 2813 termined woman who succeeds in catch¬
350 2790 561 2835 ing him.
403 2789 1122 2862 Told in a completely impersonal man¬
349 2844 1130 2907 ner, the story gives a splendid Ceilnea¬
349 2879 1129 2948 tion of a middle-aged character attempt¬
362 2916 1124 2972 ing a new adaptation. The amorously
364 2952 1131 3013 awakened but priggish doctor is dealt
362 2976 1127 3041 with in a coldly analytieal manner. As
350 3018 1126 3076 shown in his play,The Affairs of
365 3052 1129 3103 Anatole“ and his superb novelette,
361 3085 1131 3139 Rhapsody,“ Schnitzler is a perfect mas¬
367 3116 1134 3181 ter or the whlmsies and caprizes of love
363 3167 1131 3208 In all its variations. In turn the doctor:
356 3190 1128 3249 falls in love with Sabine, the perfect
359 3218 1137 3283 wife, ccol and managing, devoted but
365 3270 1128 3312 not eestatie, with Katharina, a charm¬
366 3299 1127 3357 ing little working girl passionately in
370 3328 1133 3392 love with him, and lastly with sophisti¬
362 3350 1140 3429 cated Frau Sommer. Each is a convine¬
370 3405 1129 3460 ing and sharply differentiated type, add¬
531 3439 1138 3483 Schnitzler’s already well filled
370 3450 533 3499 ing to
360 3466 1143 3526 gallery of women. The egotistical
366 3512 1147 3563 doctor, snatching ut happiness but wav.
370 3544 1133 3602 ering when it is almost within his
1758 148 2160 239 box 4/9
2182 986 2821 1058 HEMSTREET
2219 1048 2773 1123 96 WARREN STREET
2248 1099 2739 1186 NEW VORK CITY
2483 1164 2885 1256 JUN ? 8. 1930.
2094 1214 2940 1295 SAT REVTEN OF LTTHKATÖRG,
2121 1341 3043 1421 Diagnosis of a Physician
2050 1415 3107 1501 DR. GRAESLER. By Akrnun Schyrrzur.
2095 1470 3061 1548 New York: Simon & Schuster. 103o. H1. 50.
2200 1533 2972 1623 Reviewed by Tuzoponz Pukor, Ik.
2207 1611 3105 1695 NHE melancholy cynicism and studied psy¬
2231 1677 3106 1732 chological subtleties of Schnitzler’s prose
2220 1712 3111 1779 have seldom been better displayed than in
2060 1776 3110 1837 the novelette which his American publishers are now
2052 1819 3117 1907 adding to the steadily lengthening list of his work
2067 1859 3120 1946 in English. Dr. Graesler'’ has, in fact, been printed
2069 1928 3116 1992 before this in translation, but so long ago as 1023,
2073 1971 3119 2050 when the fame of the Viennese master had not been
2061 2032 3126 2087 spread abroad by the# cess of" Fräulein Else,? and
2062 2074 3131 2149 it scems to have passed more or less unnoticed. It
2063 2130 3122 2210 is a far more convincing example of his art than
2073 2181 3118 2251 the books he has written since, and one more likely
2065 2225 3138 2304 to be classed with the best in present-day German
2083 2294 2251 2367 writing.
2131 2317 3131 2403 The three love affairs of the typically Schnitzlerian
2078 2385 3131 2454 hero are not, perhaps, interesting in themselves.
2076 2435 3132 2500 Neither the man northe women seem to expect
2082 2481 3123 2565 much from them and are willing to resign them¬
2085 2539 3134 2612 selves to fate when things appear to go against their
2074 2584 3132 2665 happiness, nor is any one of the affairs notable in
2076 2648 3134 2710 any way for its spiritual quality. Fräulein Sabine
2076 2702 3145 2768 never seems quite real even to her lover, while
2090 2743 3135 2811 Katharina is merely a caprice that turned out badly.
2085 2792 3136 2861 The final disposal of Dr. Grzesler upon Frau Som¬
2087 2846 3142 2922 mer is the triumph of disillusionment rather than
2095 2904 3147 2964 love. In these circumstances the distinction of
2082 2948 3151 3035 Schnitzler’s method is that it reduces all these cases
2093 2996 3155 3067 to a low common denominator of actuality, making
2085 3050 3157 3137 them so incredibly clear and lifelike that only the
2089 3103 3143 3188 most prejudiced will be unwilling to admit their
2092 3163 3153 3230 truth. The clarity is a little too dazzling to be
2095 3213 3155 3288 moving, perhaps, but Schnitzler has other and more
2091 3259 3148 3328 scientific ends in view. It is safe to say that in this
2100 3317 3150 3387 case a medical man is treated with medical thorough¬
2104 3358 3166 3428 ness, yet never with the complete detachment from
2106 3420 3149 3473 his character which makes the later work of Schnitz¬
2097 3457 3159 3540 ler something scarcely literary, bordering rather
2112 3511 3171 3583 upon the case notes and charts of a hospital. Here
2112 3565 3158 3632 the author presents an accurate and not unsympa¬
2098 3626 2721 3693 thetic diagnosis of his patient.
