3436 4224
1378 744 1515 815 Rund
722 751 768 818 4
643 872 1481 949 Schnitzler seine künstlerischen Ziele verwirk¬
640 941 1474 994 licht hat, wird niemand loskommen und
650 984 1481 1035 selbst der Nörgler wird die hinreißende
648 1029 1477 1080 Liebenswürdigkeit, mit der hier wieder das
638 1073 1482 1133 süße Mädel vom Manne Besitz ergreift, aufs
654 1109 1028 1170 höchste bewundern.
728 1158 1470 1219 Recht wenig weiß ich mit dem rhap¬
651 1203 1475 1261 sodischen Gestammel Saoks anzufangen.
638 1247 1478 1308 Ob aus dem nach viel bewegtem Leben, in
648 1291 1474 1337 dem er zahllose „Schlachten in seinem
643 1331 1477 1394 Hirne“ ausgefochten, zwischen Fleiß und
643 1384 1477 1440 Nichtstun, Träumen und Denken hin= und
650 1424 1478 1470 hergeschwankt, mit 31 Jahren gefallenen
651 1469 1474 1514 Denker und Träumer ein wirklicher Ge¬
653 1511 1477 1574 stalter geworden wäre, vermag ich nicht zu
647 1555 1475 1609 sagen; was hier vorliegt, gehört zu den
651 1599 1467 1653 „Wie ich es sehe“, „Garten der Erkenntnis“
637 1642 1467 1708 usw., diesen impotenten, selbstgefälligen hoch¬
646 1700 1482 1743 tönenden Spiegelungen eines Ich, das aus
650 1732 1484 1780 unaufhörlicher Gärung nicht zur Klärung
647 1789 1473 1834 sich emporzuheben vermag. Ein Konglome¬
647 1821 1470 1875 rat von Aphorismen, Reflexionen, natur¬
648 1868 1486 1925 wissenschaftlichen Beobachtungen verquickt
652 1910 1480 1963 sich mit einer abstrusen Handlung, der in
639 1951 1473 2003 den Liebesszenen widerliche Sinnlichkeit
636 2003 1467 2054 nicht fehlt. Ekstasen folgt trockener Katzen¬
645 2043 1484 2097 jammer, es fehlt an jeder Komposition, er
648 2081 1474 2140 schwelgt in unverständlicher Symbolik, man
638 2138 1482 2189 könnte das ganze Buch auch von hinten
647 2185 1466 2224 nach vorne lesen, ohne es zu merken. Wie¬
638 2217 1472 2279 der ein Produkt jenes literarischen Snobis¬
647 2265 1469 2317 mus, dem es nie an Bewunderern fehlt, die
640 2306 1471 2367 dann so gerne mit ihrer merkwürdigen In¬
641 2351 1476 2402 dividualität paradieren, wie der Autor.
646 2396 1468 2442 Wenn in seinem Nachlasse, den der Vor¬
638 2439 1469 2492 redner herauszugeben verspricht, keine rei¬
640 2494 1470 2541 feren Erzeugnisse zu finden, verzichten „wir
641 2525 836 2585 dankend.
982 2525 1435 2601 Alexander v. Weiten.
650 2602 1219 2677 Österreichische Kriegsziele.
715 2667 1479 2715 Während im Deutschen Reiche, seitdem
646 2705 1470 2761 die Erörterung der Kriegsziele freigegeben
635 2751 1473 2796 worden ist, eine wahre Hochflut von Büchern
633 2793 1469 2837 und Broschüren über den Büchermarkt
641 2835 1482 2896 hereinbrach, gibt es verhältnismäßig wenig
638 2884 1474 2926 literarische Erzeugnisse, die sich mit diesen
643 2934 1462 2979 Fragen beschäftigen, soweit sie Österreich¬
1062 2969 1476 3028 Da ist nun kürzlich
642 2975 1060 3027 Ungarn betreffen. —
644 3011 1471 3066 eine kleine Schrift“ erschienen, die wohl
641 3050 1475 3112 zu dem besten gehört, was über dieses
635 3110 1477 3161 heikle Thema geschrieben werden konnte.
638 3156 1470 3201 In klarer lichtvoller Darstellung wird den
648 3189 1482 3245 Ententelügen von der inneren Zersetzung
633 3232 1466 3277 Österreich=Ungarns, von den unter Fremd¬
641 3276 1463 3327 herrschaft schmachtenden Nationen der Mon¬
648 3320 1465 3381 archie entgegengetreten. Die Zerstücke¬
636 3368 1475 3409 lung der Monarchie, an deren Stelle an der
635 3408 1467 3471 mittleren und unteren Donau ein Wirrsal
728 3464 1463 3513 * Österreichische Kriegsziele. Von einem deutsch=öster¬
638 3514 1478 3561 reichischen Reichsratsabgeordneten. Verlag Wuß, Vern 1917.
1514 42 2215 156 einstie sinen Metndaeneuscsche
1523 106 2363 202 sind verborgene Existenzen aus der Nachtseite
1516 159 2355 233 des gesellschaftlichen Lebens, denen er mit dem
1513 203 2360 288 liebevollen Interesse des Raritätensammlers
1514 249 2367 324 nachspürt. Er sucht seine Gestalten in der
1525 292 2361 367 Gegend der Reichsbrücke, längs des Donau¬
1517 330 2364 418 ufers, in der Nähe der Frachtenbahnhöfe
1535 378 2377 458 und Kohlenrutschen der Nordbahn, bei den
1555 417 2373 495 — —änfern und Magazinen von Nuß¬
2260 395 3220 509 —— stattele „Feldbucherei gegrundel . Allele
2478 478 3216 559 * Vom Schnitter und andern Von Gedeon Brandt.
2388 538 3217 592 Graz und Leipzig 1917, Leuschner und Lubenskys Uni¬
2386 589 2753 645 versitätsbuchhandlung.
2472 587 3228 665 * Blut und Eisen. Kriegsnovellen von Franz Taver
2390 644 3051 700 Kappus. Stuttgart 1917. Julius Hoffmann.
2450 652 3222 741 ** Feldbücherei der k. u. k. zehnten Armee. Heraus¬
2395 698 3215 774 gegeben von Michelangelo Baron Zois und F. X. Zimmer¬
2404 741 3170 805 mann. Verlag der Karnisch=Julischen Kriegszeitung.
1533 763 1575 809 a1
1494 892 2337 956 von vielen eifersüchtigen, gegeneinander leicht
1501 947 2340 994 auszuspielenden Kleinstaaten treten würde,
1504 995 2327 1046 möchte allerdings für England eine unver¬
1505 1033 2337 1083 gleichliche Gelegenheit sein, in Europa ein
1501 1077 2346 1135 zweites Indien einzurichten und mit Hilfe
1493 1119 2338 1178 dieser ohnmächtigen Kleinstaaten die euro¬
1500 1163 2337 1205 päischen Karten nach seinem Wunsche zu
1503 1212 2341 1253 mischen. Nicht ein kleineres, sondern ein
1501 1257 2337 1296 größeres Österreich wird die Tagesordnung
1506 1298 2338 1352 der europäischen Friedenskonferenz zu bilden
1498 1338 2337 1388 haben. Wenn Asquith in seiner Rede
1491 1379 2331 1442 vom 11. Oktober erklärte, daß es kein
1500 1427 2340 1486 aggressiver Akt sei, Serbien und Rumänien
1503 1473 2348 1520 ihre natürlichen Grenzen zurückzugeben,
1503 1515 2332 1574 denn es gebe keine häßlichere Brutstätte des
1496 1557 2334 1621 Krieges und seiner Ursachen, als das Vor¬
1500 1608 2338 1650 handensein von ihren Stammverwandten
1490 1644 2331 1707 abgetrennter, unzufriedener Nationalitäten,
1500 1692 2338 1748 so können ihm die Ausführungen entgegen¬
1501 1729 2334 1795 gehalten werden, die der Verfasser der Bro¬
1495 1779 2342 1826 schüre der südslawischen Frage widmet. Sie
1502 1827 2331 1870 muß in und mit der Donaumonarchie gelöst
1490 1864 2337 1926 werden, wofür auch alle geographischen
1490 1915 2322 1968 und wirtschaftlichen Voraussetzungen sprechen.
1546 1963 2342 2015 In der Monarchie hat Serbien seinen
1494 2004 2330 2047 unersetzlichen Markt, seinen alten Lieferanten,
1500 2046 2332 2107 das Meer, um seine wirtschaftliche Spann¬
1501 2094 2334 2154 kraft betätigen und erweitern zu können,
1494 2131 2325 2194 vor allem aber die ersehnte nationale Ein¬
1494 2181 2325 2228 heit. Von einer Eroberung könne man un¬
1495 2215 2330 2272 möglich in einem Falle sprechen, da drei
1493 2266 2333 2327 Zehntel eines Volkes zu den übrigen sieben
1496 2317 2335 2367 Zehnteln ihrer Stammesgenossen stoßen.
1492 2357 2331 2416 Wollen wir nicht die Schwierigkeiten und
1494 2391 2325 2456 Verzichte auf uns nehmen, die eine Ver¬
1490 2444 2325 2499 einigung mit uns und in der Donaumon¬
1492 2491 2329 2547 archie erfordert, dann werden wir der Ge¬
1485 2526 2329 2587 fahr ins Auge sehen müssen, eines Tages
1491 2572 2331 2636 die Vereinigung außerhalb unseres Neiches
1489 2614 2331 2679 und gegen dieses vollzogen zu sehen. Nicht
1490 2664 2332 2720 erobern, nicht annektieren, nicht eine Fremd¬
1498 2706 2330 2755 herrschaft wollen wir aufrichten, aber die
1493 2759 2342 2807 natürliche Aufgabe der Donaumonarchie
1490 2801 2328 2849 wollen wir erfüllen in dem ihr durch die
1489 2841 2332 2899 geänderten Verhältnisse vorgezeichneten Um¬
1497 2885 2329 2936 fang. — Gleichsam mit einem hohen Lied
1493 2926 2325 2987 auf die Mission Österreich=Ungarns schließt
1498 2968 2334 3029 der Autor der vortrefflichen Schrift, wenn
1498 3019 2336 3075 er sagt: „Der englische Schatzkanzler hat
1499 3057 2330 3107 uns jüngst das baufälligste Reich der Welt
1487 3106 2334 3163 genannt. Beweisen wir unseren Feinden,
1487 3147 2332 3207 daß wir das modernste Haus der Welt
1501 3196 2333 3243 sind, das alle Völker aufnehmen kann, ohne
1498 3233 2328 3293 ihnen zum Gefängnis zu werden, wir Deut¬
1493 3284 2326 3335 schen in Österreich aber werden den welt¬
1489 3321 2321 3382 geschichtlichen Ruhm haben, aus unserem
1490 3368 2322 3425 Geiste und aus unserer Kraft ein Staats¬
1489 3410 2321 3453 wesen neu aufgerichtet zu haben, das vor¬
1498 3457 2326 3508 bildlich für eine neue soziale und kulturelle
1956 3502 2290 3565 Dr. Doublier.
1490 3501 1909 3564 Epoche Europas ist.“
