3436 4256
1238 231 1669 293 Badearzt
242 228 1186 305 29. Doktor Graesler
1776 200 2187 321 box 4/9
1441 277 1667 335 uEE
456 251 1393 337 Lehtererdeslef, Bac
1336 1309 1774 1383 wal jaren niet mncer I
784 1328 2914 1404 barn Verschech, wist ue bekende kleuren van zijn stal op t. Muar de echte paardehneigebsers Walen er is Jei (Quar¬
274 1350 551 1415 Lemeua M0
782 1372 2922 1441 tweede plaats te brengen. Netty kwam in het rechte eind I over nader), ook voor de anderen minder töchnisch onder¬
154 1382 745 1458 yaamheid aflergen en wel 1
1825 1410 2923 1485 legden bracht dit feest veel aantrelkelijks, n.l. het bloe¬
151 1429 1737 1477 nb wan dien naam. De Zeeu- I geducht opzetten en ontnam Beigum de derde plaats.
159 1451 2928 1516 een hechte combinatie, terwiil Het springconcours is een waardig slot geworden van dit mencorso, waarvoor vrij wat deelnemers zich met zoc ge¬
1969 1492 2476 1558 M
1405 1497 1655 1561 F
150 1530 2919 1620 elijk, als bij hem; die breidt houdt dr. Gräsler van de poging af. De omstandighe- vzarote gezegd bij het afscheid, „zet u die treurige ge¬
1828 1593 2912 1649 dachten uit het hoofd, waarde dokter.“ De treurige ge¬
153 1582 789 1656 er do harde werkeljjkheid; die
781 1591 1834 1649 den vullen de rekortkeming aan — in wat héel riske¬
1835 1615 2916 1677 dachten waren over de zuster en haar zelfmoord, in
776 1627 1840 1684 lijke mate, lijkt het den armen dokter. Want dat hij
155 1632 787 1691 et in een lachende, elegante
1833 1660 2917 1714 Lanzarete.) En als u oprtee tegen de eenzaamheid in
786 1664 1836 1720 niet veel gemaakt heeft van zijn leven dat wil hij best
148 1675 791 1723 ns alles strak en hard: een
1832 1705 2923 1773 het paviljoentje, daar is cen best middel tegm: een
783 1708 1847 1766 weten en teegeven. Arts. Nu ja. IIy a fagots ot fagots.
159 1709 792 1770 een eenzame pastorie in het
1829 1732 2910 1791 aardig blond vrouwtje, dat u mesengt uit Duitsch¬
782 1751 1842 1799 Hjj heeft zeker gestudeerd en een voldoend examen
160 1745 789 1810 de zeekust. Daarom lijkt lbsen
1829 1772 2913 1829 land — of een bruin vrouwtie voor mijn part, dat is
775 1789 1845 1850 gedaan, en zelfs praktijk uitgeoefend: (zoowät). Hjj
161 1793 776 1851 eie van de twee, zoo zelfs,
1841 1818 2918 1879 alles wat u ontbreekt om volkomen te zijn.“ Hij had
775 1821 1842 1881 is, jarenlang, scheepsdokter geweest; en daarna, ja¬
167 1828 780 1880 n den eleganten Weener, den
1835 1851 2909 1914 er nict het minste plan op, dr. Gräsler. Hij Gon ook
778 1861 1842 1918 renlang, badplaats-dokter. Maar op de keper beke¬
163 1869 785 1928 gemeubelde salons, den dren¬
1832 1883 2920 1944 niet terugkomen in Lanzarote en het Kur-hotel en het
779 1899 1843 1965 ken: al te ernstig heeft hij zijn beroep nooit opgeno¬
169 1917 791 1965 met den zwerver langs de grau¬
1840 1917 2920 1984 lanterfantende leven van dokter or #en mode-bad¬
779 1947 1833 2000 men. Hij is door de moeiljjkheden heen en er langs
167 1948 789 1996 e barre gebergten van Noor¬
1834 1966 2915 2021 plaats; en hij won van zijn leven den onverdragelijken
773 1985 1840 2043 gegleden, is er voor uit den weg gegaan, ook wel. IIjj
148 1982 777 2047 noogopslag ongerismd schifnt.
1845 2008 2929 2063 hotelier met het pommade haar en den „Juitenants¬
781 2014 1844 2069 is geen arts, geen helper-van-menschen in zijn hart:
171 2027 786 2082 is quist. En zelfs zou be¬
1845 2035 2936 2104 toon' niet terugzien, die hem taxeerde voor de soort
781 2050 1841 2110 geen man van wetenschap ook. Hij is een brood-ver¬
153 2063 786 2114 lat in den gron#####nitzler de
1834 2068 2922 2144 man, „volkomen' te maken met een blonde — of voor
779 2096 1846 2147 diener: niets minder en niets meer. Dat wil hij wel
160 2099 789 2160 sens menschen wreneren toch
1833 2127 2924 2186 miin ziin part, bruine! — pop. Maar riettemin gebeu¬
784 2139 1841 2192 toegeven: z00 niet tegenover een ander dan toch te¬
148 2129 788 2201 soort leven,t liefde
1846 2151 2452 2224 ren al die ongewilde dingen.
773 2172 1850 2229 genover zich zelven. Maar daarmee zou het ook goed
148 2177 784 2243 hebben zij toch in hun strijd en
1878 2175 2928 2250 Schnitzler is een toovenaar. Het gegeven heeft toch
770 2216 1848 2292 kunnen zijn, lijkt het hem. Ten eenenmale onnoodig
157 2218 786 2283 datgene gewonnen, wat voor
1836 2232 2917 2295 waarlijk niet veel aantrekkelijks: maar 5 maaht er
780 2254 1851 2316 nog verder te analvseeren, te determinceren, te clas¬
156 2265 789 2321 geluk bijna vervangt: kracht,
1843 2269 2927 2323 iets van, dat aangrifpt en vasthondt en niet meer los
788 2293 1848 2345 sificeeren! Ja. Maar het leven doet het töch,
168 2293 784 2355 kracht van wil. Dat gebeurt
1838 2292 2919 2367 laat. Die eenzame, altijd op de vlucht voor de verant¬
783 2328 1843 2388 Het is of dat maar zoo hoort, vanzelf maar
168 2332 784 2390 niet. In het gunstigste geval
1847 2344 2921 2399 woordelijke dingen van het leven, altisd achter het
782 2362 1846 2433 z00 gaat, of hij, zonder dat hij het wil of weet,
166 2366 782 2434 zich zelven. Wie was het ook
1847 2383 2920 2445 genoegen aan — een oud kind eigenlijk, een grijs en
788 2411 1848 2467 al maar doof een soort examen ondergaat, al
170 2422 786 2466 tegen kennismaking met zich
1835 2419 2916 2473 vaal geworden Narcis in zijn bespiegelende zelf-liefde;
784 2423 1824 2508 maar door wordt bekeken, beproefd, geworen —
166 2461 781 2506 lijk zoo tegen valt. Schnitzler’s
1841 2460 2929 2531 hij lijkt, half verachtelijk, half decraiswaard, in het
789 2484 1846 2543 en te licht bevonden. Iedercen heeft cen heel ande¬
158 2505 788 2556 En dan halen zij de schouders
1843 2496 2913 2563 geheel niet belangwekkend. En tech, of we willen of
780 2529 1837 2577 re opinie van hem dan hij zelf. Dat begint al met den
171 2538 780 2589 en over de anderen, over de
1850 2536 2921 2600 niet, we gaan over hem denken. We vragen: waarom?
777 2570 1844 2622 hotelier van Lanzarote, — dien onverdragelijken ke¬
173 2569 785 2639 over alles. IIdelheid der jjdel¬
1851 2566 2925 2633 en hoe? Wij krijgen een half antwoord door na te
775 2602 1849 2662 rel met het vette haar, dat zelfs de heftige kust-wind
1852 2599 2926 2669 denken over het lot van die zuster schemerachtig ver¬
783 2643 1843 2701 niet onder de pommade-laag nit kan woelen — en dat
160 2638 792 2713 p „dr. Gräsler den gehedl en al
1846 2636 2931 2704 toond in nooit meer dan aanduilingen. Wij worden
772 2678 1843 2739 gaat voort met den ouden vriend dr. Böhlinger, dien hij
175 2685 788 2752 van den ten halve vrodlijken
1848 2689 2932 2742 ontrust deor dat onafscheidelijk verbonden zijn van
778 2709 1845 2775 in zijn geboortestad weder opzoekt; en met Sabino
1848 2725 2919 2786 liefde en haat in hetzelfde hart jegens denzelfden ge¬
784 2752 1848 2809 Schleheim, die hij wel heel graag tot vrouw zeu heb¬
1841 2773 2925 2835 hate-en-beminde; van liefde en dood in het leven. En
166 2754 785 2831 ven vijftig, die door een gewel¬
789 2798 1852 2854 ben en van wie hij weet, dat ook zij dat heel graag
1848 2799 2928 2861 we gaan, stap xpoor stap verder gelokt door lie toove¬
169 2812 785 2875 doer zelfmoord van zijn zus¬
788 2845 1845 2889 wil — zij vraagt het hem zelfs voer hij het haar
1846 2834 2923 2903 naars-kunst, die ons dwingt zelf te denken wat de
175 2844 787 2898 zijn levensgezellin, uit het
785 2870 1852 2917 vraagt — en die hij toch weer laat glippen; en met
1852 2866 2929 2935 schrijver niet uitspreckt, tot däar, waar wij, achter het
154 2888 794 2942 eslingerd, waarin hij zich min
783 2913 1847 2964 Katharina, het aardige winkelmeisje, met wie hij een
1845 2919 2926 2973 kleine, in pure ordenteljjkheid mislukte leven van dr.
164 2926 789 2989 eschikt, en gedwongen tot wat
787 2951 1854 3005 vluchtig avontuur begint, dat de oorzaak wordt van
1844 2951 2925 3011 Gräsler, de machten ontwaren, die zooveel levens düs
167 2967 783 3015 est: cen nieuw begin. Nu moet
788 2986 1849 3051 haar dood (altijd weer: liefde en dood). En dat ein¬
1846 2986 2712 3058 doen mislukken, in Oostenrijk — en elders.
167 3003 786 3055 ven van allerlei dingen, die hij
780 3037 1857 3096 digt met Frau Sommer, die hij liever niet ziet dan
165 3041 790 3096 at in het onzekere liet, en van
785 3064 1852 3122 wel, maar die zich in het hoofd gezet heeft Frau dr.
2406 3060 2902 3138 AUGUsTA DE WIr.
171 3089 787 3133 hij weten hoe verder te leven.
162 3092 1854 3167 eten wat hij eigenlijk wil, watGräsler te worden, en dat plan ook volvoert: met
171 3147 1854 3212 nnsmaking met zich zelf valt ] medewerking, moet men aannemen, van dr. Gräsler.
184 3173 1876 3269 veergevoel van die waarheid ] „Kom kom!“ heeft de onuitstaanbare hotelier van Lan¬
