3484 4256
850 160 1205 230 raesler
492 160 796 227 Doktor
1268 161 1669 231 Badearzt
1806 161 2214 261 box 4/8
273 173 1688 276 29. Dontenenssden, Dadsalzt
726 813 1165 971 Nr. 120.
561 946 1317 1039 Mittwoch, den 7. März 1917.
1665 834 3160 1036 Berliner Tageblatt.
706 1015 1295 1090 Se kee
2133 1025 3360 1097 enene erenenen Peeenten en Puh Sersach mmi mit sönftigen Gegen
539 1061 1772 1126 Wer Aanesant, duß er sich so int die Steie des Staatbanwalts hinein¬
1804 1072 3003 1135 nur maßgebend sein, welche Strafe sie vordient hat. Sie war
2991 1075 3357 1144 darfs wegen Unzu
543 1115 1773 1161 versetzen konnte, daß auch er vom Standpunkt des Anklägers aus den
1799 1115 2998 1180 zweifellos ausgesetzt einem unheilvollen Einflusse, sie kam in die
2994 1119 3356 1168 untersagt worden.
532 1152 1783 1191 Antrag auf 12 Jahre Zuchthaus vorausgesagt hatte. Mit derselben
2986 1158 3374 1212 Erhebung des Kohl#
1812 1164 2993 1213 Hände dieses skrupellosen, vor nichts zurückschreckenden Menschen
545 1191 1778 1250 Ruhe, mit der er die Erklärung abgab, daß er den Ausführungen
2988 1185 3375 1250 zweige erforder
1802 1208 2994 1260 und leider hatte sie nicht den genügenden Halt an ihrem Ehemann.
2991 1225 3367 1283 kammer zu Berl
543 1231 1770 1298 seiner Verteidiger zum Strafmaß nichts hinzuzusetzen habe, gab er auch
1806 1246 2998 1306 Dieser hat es nicht für nötig befunden, sie aus dieser Atmosphäre
2991 1257 3364 1320 versandt die vom
544 1285 1781 1341 nach Verkündigung des Urteils auf die Frage des Vorsitzenden die
1805 1292 2997 1342 heraus und zu sich heran zu ziehen. Beides wurde ihr zum Ver¬
2983 1295 3360 1365 ausgegeben werden
536 1301 1773 1367 Erklärung ab, daß er sich jede weitere Entschließung vorbehalte. Wäh¬
1805 1337 2987 1387 hängnis. Beides ist in hohem Grade strafmildernd berücksichtigt.
2989 1332 3363 1399 und der Stolpische
533 1356 1784 1419 rend der Beratung des Gerichts über das Strafmaß unterhielt sich übri¬
1806 1367 2991 1427 Andererseits ist sie Schiffmanns Gehilfin gewesen und ist nicht zu¬
2995 1371 3372 1437 Weirich aus der
538 1410 1781 1463 gens Schiffmann lächelnd mit den gleichfalls lächelnden Vertretern
1805 1406 2993 1459 rückgeschreckt vor seinem skrupellosen Verhalten. Sie hat jahre¬
2996 1414 3341 1477 wagen der Linie
543 1448 1783 1507 der Anklage. Man hatte den Eindruck, daß er auf den schlimmsten
2986 1445 3359 1514 Sie geriet unter d
1812 1451 2997 1511 lang sein Verhalten unterstützt und deshalb hat sie das Gericht
538 1480 1785 1550 Ausgang gefaßt war, und daß ihn nicht zuletzt die Hoffnung aufrecht
2989 1485 3370 1549 abgefahren
1799 1487 1942 1550 zu 1
1920 1488 3004 1566 Jahr 6 Monaten Gefängnis verurteilt, wovon
2996 1522 3240 1585 Luftschif
536 1536 1773 1597 erhielt, daß es ihm gelingen werde, die Aufhebung des Urteils, das
1810 1530 3002 1592 5 Monate auf die Untersuchungshaft angerechnet worden sind.
2988 1547 3375 1627 bruar mitgetellt w¬
528 1569 1775 1633 er in wenigen Minuten hören sollte, durch das Reichsgericht herbei¬
1817 1583 2998 1643 Zum Schluß dankte der Vorsitzende den Geschworenen namens
2997 1601 3370 1656 geschossen worden ist
542 1612 759 1691 zuführen.
1768 1626 3371 1693 der Justizverwaltung für ihre aufopfernde Tätigkeit. Namens derZuftkriegsbeu
1113 1645 1198 1714 *
1774 1672 3370 1738 Geschworenen stattete der Obmann, Kommerzienrat Jacob, dem der Helferinnen¬
596 1689 1774 1780 Aus dem letzten Teil der Verhandlung geben wir noch folgende
1766 1711 2996 1765 Vorsitzenden den Dank der Geschworenen für die Verhandlungs¬
2994 1719 3353 1771 vom Roten Kreus
542 1729 932 1817 Einzelheiten wieder:
2992 1735 3372 1818 berger Straße 68,
1766 1756 2996 1818 leitung ab, denn nur durch seine tatkräftige Leitung sei es möglich
3006 1804 3098 1876 6
2078 1798 2507 1880 S
2997 1865 3357 1943 sollte, war später
1771 1863 3001 1929 Kost und Quartier sollst du auch zufrieden sein.“ Und mit
3004 1914 3360 1977 als der Rechtsa
1769 1922 3006 1974 einem plötzlichen Entschluß stand er auf, reichte Katharina den
533 1866 1772 2020 Dokior Gräsler, Badearzt
2993 1961 3374 2017 Freundes alle er
1766 1954 3000 2013 Arm, geleitete sie in das Zimmer seiner verstorbenen
1780 1995 3003 2051 Schwester, schaltete die Deckenlampe ein, so daß durch den
3000 2008 3363 2061 Frau anredete, i
1044 2003 1294 2105 Erzählung
3004 2050 3363 2106 lichen Angelegenh
1769 2042 2999 2099 freundlichen Raum ein rötlich linder Schimmer floß, und mit
1104 2072 1228 2143 von
1355 2061 1753 2150 [Nachdruck verboten.]
552 2060 899 2151 [21. Fortsetzung.]
2994 2075 3364 2149 Kuß auf Kathar
1772 2096 3006 2151 vornehmer Gebärt bot er der Geliebten alles, was ihr Blick
1770 2131 3007 2187 hier umfassen mochte, gleichsam als Geschenk dar. Katharina
2997 2132 3363 2185 Gräsler aber wa
909 2115 1401 2211 Arthur Schnitzler.
3003 2167 3366 2233 für Katharina er
1772 2156 3012 2232 blieb ganz stumm, enblich schüttelte sie ernsthaft den Kopf.
1091 2183 1232 2263 XI.
1770 2224 3007 2273 „Willst du nicht?“ fragte Gräsler zärtlich. — „Es ist doch nicht
2996 2210 3366 2287 schaftlich so vollk
600 2238 1774 2312 Am nächsten Morgen, während Dr. Gräsler seine kleine
1768 2252 3001 2309 möglich,“ erwiderte sie leise. — „Weshalb? Es ist sehr wohl
1768 2287 2002 2356 möglich.“
1980 2303 3004 2362 Und als hätte er nichts weiter als eine aber¬
531 2303 1768 2356 Patientin besuchte, bei der sich der Scharlach indes mit Ent¬
1776 2339 3010 2398 gläübische Regung in ihr zu bekämpfen, erklärte er: „Alles
550 2338 1777 2414 schiedenheit erklärt hatte, war Katharina aus seiner Wohnung
3054 2333 3177 2402 Sein
1766 2379 3003 2441 das ist ganz neu, sogar die Tapeten. Früher sah es lange
533 2388 1770 2440 verschwunden, erschien aber schon in früher Abendstunde und,
2990 2381 3102 2446 wor
1777 2430 3004 2500 nicht so freundlich aus.“ Und etwas zögernd fügte er hinzu:
539 2421 1779 2484 zu Gräslers Verwunderung, mit einem kleinen Koffer wieder.
2999 2438 3075 2492 the
1770 2459 2993 2527 „Es hat wohl alles so kommen müssen.“ — „Sag' das nicht,“
541 2473 1771 2522 Sie hatte wohl in der vergangenen Nacht erwähnt, daß ihr
1778 2511 2990 2564 erwiderte sie wie erschreckt. Dann blickte sie sich rings im
537 2509 1781 2569 alljährlich eine Woche Urlaub zustünde, wovon sie in diesem
1770 2553 3000 2601 Zimmer um, ihre Züge erhellten sich, und sie streifte wie prü¬
536 2551 1780 2607 Sommer, wie in ahnender Voraussicht, keinen Gebrauch ge¬
543 2596 1766 2652 macht hätte; und er, im Rausch der ersten Umarmungen, hatte
1775 2510 2991 2684 Sreret ensehete ichit e eheller
548 2637 1781 2703 sie daraufhin zu einer kleinen Hochzeitsreise eingeladen; —
1775 2670 2998 2729 Vorhänge, die, über dem Toilettetisch auseinandergerafft, eine
536 2686 1766 2738 aber als sie ihm nun so gerüstet mit den heiteren Worten ent¬
2987 2687 3042 2735 1
1779 2719 3001 2768 hübsche Kammgarnitur und geschliffene Glasphiolen sehen
534 2721 1767 2776 gegentrat: „Da bin ich, wenn du willst, können wir gleich
1770 2770 2999 2822 ließen. Während sie so versunken dastand, verließ Gräsler
535 2763 1779 2823 auf die Bahn fahren“, wehrte sich in ihm etwas gegen diese
1778 2806 3008 2859 rasch das Zimmer, um nach ein paar Sekunden mit ihrem
536 2795 1776 2866 Art, so ohne weiteres von seinem Dasein Besitz zu ergreifen,
537 2844 1767 2893 und er war beinahe froh, auf die ärztliche Verpflichtung hin¬
1778 2845 3000 2894 kleinen Koffer zurückzukehren. Sie wandte sich um, zuckte
546 2883 1773 2961 weisen zu können, die ihn für die nächsten Tage in der Stadt
1771 2891 3004 2943 leicht zusammen, lächelte halb ungläubig, er nickte ihr zu, sie
1775 2928 3001 2975 schüttelte den Kopf. — dann, wie endlich bezwungen, breitete
545 2927 1775 2985 festhielt. Katharina schien darüber nicht sonderlich betrübt,
3304 2940 3362 2988 104
2996 2938 3056 2985 se
1769 2959 2999 3034 sie die Arme nach ihm aus; er stellte das Kofferchen hin, und
534 2979 1775 3047 plauderte gleich von anderen Dingen, machte ihn auf ihre
2996 2980 3071 3045 sic
1771 3010 2920 3066 mit gerührtem Stolz schloß er die Geliebte an seine Brust.
543 3015 1780 3081 hübschen, neuen, gelben Halbschuhe aufmerksam, erzählte von
2999 3022 3109 3072 lers
1831 3046 2998 3116 Es wurde eine wunderschöne Zeit, wie er sie auch in seiner
538 3048 1782 3116 dem Leiter ihrer Firma, der eben wieder mit neuer Ware von
2996 3057 3355 3115 Schöne, eine Sch
1770 3091 2997 3145 Jugend kaum jemals erlebt hatte. Sie hielten sich wie glück¬
533 3106 1773 3156 Paris und London zurückgekommen sei, ging dabei im Zimmer
3002 3099 3365 3159 und endlich wollt
1772 3128 3002 3196 liche Neuvermählte beinahe den ganzen Tag in ihren behag¬
2999 3123 3355 3203 plätzchen als Gesch
538 3135 1775 3195 hin und her, stellte ein paar Bücher in die Reihen und brachte
1774 3184 2997 3241 lichen vier Wänden, sorgsam bedient von der Buchdruckers¬
2990 3183 3363 3247 mit Rücksicht auf
541 3183 1778 3239 den Schreibtisch in Ordnung, während Gräsler am Fenster
1782 3216 3008 3287 gattin, die sich mit einer hierorts immerhin nicht gewöhn¬
3010 3225 3359 3285 fand. Andererse
537 3232 1781 3299 stehend sehweinsam und irgendwie gerührt ihrem Treiben zu¬
3000 3266 3352 3328 die Witwe nicht
1769 3266 3002 3323 lichen Sachlage um so gelassener abfand, als Dr. Gräsler
536 3270 1780 3323 sah. Sein Beirk fiel auf das Kofferchen, das trübselig und wie
3005 3308 3364 3360 durch eifersüchtig
1775 3312 2998 3368 indes ihren unbescheidenen Wunsch erfüllt und sie aus der
544 3311 1774 3361 beschämt auf dem Fußboden stand, und ein leises Mitleid
2990 3350 3367 3404 Gräslers eigenen
1780 3358 2993 3405 Garderobe seiner verstorbenen Schwester reichlich genug be¬
543 3356 1780 3419 regte sich in ihm, daß das gute Ding wieder damit abziehen
3000 3387 3359 3455 Der Ruf von Fra
1777 3391 3003 3443 schenkt hatte. In den Abendstunden pflegte das junge Paar.
536 3401 1777 3452 sollte. Zunächst vermied er es, etwas in diesem Sinne zu
2995 3434 3365 3498 der als Geschäft
1771 3437 3001 3488 Arm in Arm, zärtlich aneinandergeschmiegt, in stilleren
546 3436 1783 3490 äußern; später aber, als er auf seinem Schreibtischsessel, und
3004 3474 3367 3538 aufhielt, nicht d
1777 3464 3001 3520 Gassen sich zu ergehen, und einmal, in einer sonnigen Früh¬
535 3488 1775 3550 sie wie ein Kind, die Arme um seinen Hals geschlungen, ihm
3003 3515 3366 3578 hatte sie schon in
1772 3516 3002 3568 nachmittagsstunde, fuhren sie im offenen Wagen ins Freie,
547 3529 1780 3587 auf dem Schoße saß, sagte er: „Muß es denn eben eine Reise
2996 3553 3355 3612 ob der Gatte zug
1785 3552 3005 3604 gänzlich unbekümmert darum, daß man etwa Katharinens
550 3571 1783 3624 sein? Willst du deinen Urlaub nicht einfach hier in meinem
2998 3595 3364 3658 wurde Katharinen
1775 3605 3001 3664 Angehörigen begegnen könnte, die das junge Mädchen bei einer
541 3592 973 3668 Haus verbringen?“
1010 3610 1780 3665 „Das wird doch wohl nicht möglich
2992 3635 3354 3709 der sie in den
1786 3646 2999 3706 Freundin auf dem Land vermuteten. Eines Tages, als sie
549 3654 1215 3717 sein,“ erwiderte sie schwach. —
1190 3646 1779 3708 „Warum nicht? Ist's hier
2999 3685 3348 3739 Hause abwesend
554 3690 3010 3757 nicht wunderschön?“ Er deutete durchs Fenster nach den fernen eben noch bei Tische saßen, erschien Böhlinger, und Dr.
545 3728 3363 3813 Hiügellinien am Horizont, und scherzend fügte er hinzu: „Mit! Gräsler, nach anfänglichem Bedenken, ob er ihn vorlassen unterhalten liebt
