3484 4256
1301 191 1696 262 Badearzt
306 191 1231 260 29. Doktor Graesler
1840 188 2230 273 box 4/7
530 225 1717 305 nten Graeskunhnanan u
2353 906 2844 1041 1. Beiblatt.
2067 1007 3078 1093 Druck und Verlag von Rudolf Mosse in Berlin.
500 1032 1986 1137 Aninel Lagesiatt.
804 1121 1821 1207 en den denen enenen en ene une. Dien he. un 1 1.
1869 1148 3065 1239 Der Berliner Asylverein für Obdachlose hielt gestern abend
228 1165 1825 1240 eingeleitet worden mittelkarten der Stadt Berlin“ gekennzeichneten Geschäften gegen
1823 1211 3064 1280 im Rathause seine Jahresversammlung ab. Wie der Vorsitzende,
604 1231 1810 1281 Empfangsbescheinigung abzuliefern, und zwar heute, morgen und
231 1236 584 1291 hließlich noch, vor
1832 1259 3069 1309 Kaufmann Alfred Boehm, mitteilte, hat das Asyl im letzten Jahre
603 1260 1818 1330 übermorgen. Nachträgliche Annahme findet nicht statt. Ferner
233 1273 576 1331 zu geben, mit dem
1840 1290 3069 1348 unter dem Zwange des Krieges sowohl hinsichtlich der Verpflegung
231 1316 586 1367 falls würde eine
593 1307 1812 1362 wird in der nächsten Woche wieder 350 Gramm Fleisch
1831 1328 3062 1381 als auch der Beheizung zu leiden gehabt. Als in der Frostperiode
221 1344 583 1404 gen. Der Gerichts¬
605 1347 1822 1410 verteilt. — Der Magistrat von Schöneberg verteilt auf Ab¬
1839 1360 3066 1423 vollständiger Kohlenmangel eintrat, wandte sich der Verwaltungs¬
232 1389 588 1438 unftmäßige Ueber¬
600 1391 1817 1462 schnitt 75 der Lebensmittelkarte ½ Pfund Kunsthonig zu 27 Pfennigen
1836 1415 3067 1454 rai mit einem dringenden Gesuch an die städtische Deputation für
233 1429 582 1480 zu der Erkenntnis,
604 1439 1815 1495 oder ¾ Pfund Speisesyrup zu 27 Pfennigen, und auf besonderen
1828 1438 3071 1497 Brennmaterialien und erhielt 300 Zentner Kohlen, die aber ietzt
231 1466 587 1517 niv zum Selbstmord
1835 1466 3067 1534 fast verbraucht sind. Versprochene Lieferungen aus Schlesien sind
600 1491 1750 1557 Bezugsschein für Schwerarbeiter ebenfalls ¾ Pfund Speisesyrup.
249 1504 581 1555 wurde abgelehnt,
1838 1519 3071 1575 bisher nicht eingetroffen, doch besteht die Hoffnung, daß es nicht
244 1537 587 1592 reichlich Gelegen¬
651 1534 1818 1603 50=Pfennig=Hamster. In der letzten Zeit verschwinden die
1838 1548 3071 1603 notwendig werden wird, das Asyl zu schließen. Von einer Seite
222 1576 594 1630 aten; dem Gerichts¬
595 1579 1825 1637 50 =Pfennigstücke immer mehr aus dem Verkehr. Eine sinnlose
1834 1590 3071 1641 wurde angeregt, in den Vororten eine größere Agitation für den
231 1616 591 1672 edrängt, daß die
596 1620 1821 1677 Sammeltätigkeit hat sich dieser Münze zugewendet. Welchen Um¬
1839 1626 3062 1681 Verein zu entfalten. Es sei entschieden ein Mißverhältnis, wenn
1832 1670 3063 1721 Berlin allein jährlich 30 000 Mark zur Unterhaltung des Asyls
598 1658 1822 1723 fang sie angenommen hat, geht aus folgender Zuschrift hervor:
239 1665 588 1758 urde hierauf
1832 1711 3073 1768 beisteuere, die gesamten Vororte aber nur 6000 Mark. Diese
602 1704 1825 1766 „Gestern abend fuhr ich vom Spittelmarkt nach dem Potsdamer
1835 1809 3072 1888 sam, mit angespannter Aufmerksamkeit, und er fühlte sein
595 1829 1821 1905 sitzen. Er berührte den letzten Gang nicht mehr und eilte nach
1837 1875 3074 1926 Herz immer starrer werden. Alles Holde und Herzliche wollte
600 1876 1825 1942 Hause, wo ein Patient ihn erwartete, der vor der Abreise Ver¬
1832 1902 3075 1962 ihm blaß, ja, geradezu spöttisch erscheinen; und als er an die
602 1920 1821 1982 haltungsmaßregeln für den Winter wünschte. Der Doktor
245 1855 592 2001 adearzt
1841 1953 3068 2012 Stellen kam, in denen Sabine flüchtig seiner Kühle, seiner Eitel¬
595 1962 1825 2025 erteilte sie zerstreut, ungeduldig, nahm sein Honorar mit
1839 1995 3072 2049 keit, seiner Pedanterie Erwähnung tat, da war es ihm, als
613 2006 1830 2073 schlechtem Gewissen in Empfang und verspürte einen dumpfen
1841 2043 3086 2090 wiederhole sie mit Absicht, was sie doch heute morgen schon
228 2030 575 2123 Machdruck verboten.]
605 2047 1828 2112 Groll nicht nur gegen sich, sondern auch gegen Sabine, die so
1845 2084 3074 2134 ihm bis zum Ueberdruß und überdies mit Unrecht vorgeworfen
598 2087 1829 2160 weit gegangen war, ihm in ihrem Brief Gleichgültigkeit gegen¬
1835 2120 3075 2175 hatte. Wie konnte sie sich's denn nur einfallen lassen, ihn
608 2135 1831 2194 über seinen Kranken vorzuwerfen. Dann trat er auf seinen
1838 2157 3078 2223 einen Pedanten zu nennen, einen Philister, ihn, der ohne wei¬
224 2154 594 2232 öhnte Speisestunde
600 2172 1830 2235 Balkon, zündete die kaltgewordene Zigarre von neuem an und
1841 2215 3078 2258 teres bereit gewesen war, ihr, und wie gerne, selbst einen
238 2217 592 2271 is er als unange¬
606 2207 1834 2275 blickte in das armselige Gärtchen hinab, wo trotz des trüben
1840 2241 3081 2313 wirklichen Fehltritt zu verzeihen. Und nicht nur, daß sie da¬
228 2259 586 2315 Frimmigem Eigen¬
596 2256 1831 2312 Wetters auf einer weigen Bank, das Nähkörbchen zur Seite,
1845 2288 3080 2343 von nicht das geringste ahnte, sie mutete ihm sogar zu, daß
234 2289 558 2368 g zum Gasthof.
608 2294 1834 2371 seine Hauswirtin wie alltäglich zu dieser Stunde mit ihrer
1849 2330 3092 2391 er deswegen, gerade deswegen gezögert hätte. So wenig kannte
611 2341 1840 2411 Strickarbeit saß. Die ältliche Frau hatte noch vor drei oder
243 2347 599 2414 und einen Herrn
1845 2375 3089 2432 sie ihn. Ja, das war es. Sie verstand ihn nicht. Und von
604 2381 1829 2459 vier Jahren ganz unverkennbare Absichten auf ihn gehabt;
235 2398 592 2452 beim Kaffee saßen
1844 2422 3085 2475 hier schien ihm das ganze Rätsel seines Daseins plötzlich wie
600 2425 1837 2492 zum mindesten hatte Friedrike es immer wieder behauptet, die
224 2442 604 2496 oktor verständnis¬
1840 2455 3081 2522 neu beleuchtet. Denn es war Im nun klar, daß ihn eigentlich
616 2490 1835 2541 den Bruder stets von heiratslustigen Jungfrauen und Witwen
232 2487 603 2541 „Nun, man kann
1840 2511 3071 2557 noch nie jemand wirklich verstanden hatte, weder Frau noch
612 2512 1837 2583 umlauert glaubte. Weiß Gott, es war nicht so weither damit
223 2524 608 2577 tragte Dr. Gräsler
1847 2549 3074 2607 Mann! Nicht seine Eltern, nicht seine Schwester, so wenig als
248 2562 597 2622 Sanatorium ge¬
606 2556 1829 2625 gewesen. Er war ja zum Junggesellen geboren, war ein Son¬
1852 2592 3087 2641 es seine Kollegen und seine Patienten getan hatten. Seine
622 2597 1838 2662 derling, Egoist und Philister gewesen sein Leben lang. Das
233 2604 599 2665 Gekauft?“ wieder¬
1838 2625 3075 2691 Verschlossenheit galt für Kälte, sein Ordnungssinn für Pedan¬
613 2657 1838 2702 hatte eben auch Sabine sehr wohl empfunden, wie aus ihrem
241 2640 603 2707 hängt noch von
1846 2665 3083 2733 terie, sein Ernst für Trockenheit; und so war er als ein Mensch
615 2685 1832 2759 Briefe mit zwingender Deütlichkeit hervorging, wenn sie sich
230 2691 593 2749 fürchterlichen Zu¬
1843 2706 3078 2769 ohne Ueberschwang und Glanz sein Leben lang zur Einsam¬
610 2727 1829 2800 auch aus mancherlei Gründen, unter denen die sogenannte
226 2731 595 2789 und aus neu auf¬
1843 2760 3078 2808 keit vorherbestimmt gewesen. Und weil er nun einmal so war
225 2768 603 2843 irte die Speisekarte
609 2769 1837 2835 Liebe wohl der geringste gewesen war, ihm an den Hals zu
1844 2792 3077 2858 und nicht anders und überdies um so viele Jahre älter als
615 2808 1838 2876 werfen behauptete. Ja, wenn sie es wirklich getan hätte, dann
262 2820 591 2882 — „macht Preise.“
1852 2834 3085 2901 Sabine, darum konnte, darum durfte er das Glück nicht an¬
622 2856 1839 2918 sähe sich die Sache anders an. Aber das, was er da in der
230 2863 600 2930 wollte wahrhaftig
1842 2874 3091 2932 nehmen, das sie ihm darzubringen bereit war, oder sich bereit
609 2889 1838 2967 Rocktasche knittern fühlte, das war wohl alles eher als ein
222 2921 606 2967 genannten Schäden
1850 2924 3093 2982 glaubte und das wahrscheinlich das Glück gar nicht ge¬
618 2952 871 3020 Liebesbrief.
231 2960 599 3017 seheben, und wenn
1863 2954 3078 3017 wesen wäre. Hastig nahm er einen Briefbogen und begann
228 2991 608 3063 stände die Anstalt
663 2979 1842 3057 Der Wagen, der allabendlich zur Fahrt nach dem Forsthaus
1851 3007 3084 3060 ihr zu schreiben: „Liebes Fräulein Sabine. Ihr Brief hat
233 3044 506 3104 wie neu da.
613 3031 1838 3103 bestellt war, wurde gemeldet. Dem Dr. Gräsler klopfte das
1856 3039 3081 3100 mich ergriffen. Wie soll ich Ihnen danken, ich einsamer alter
616 3083 1829 3140 Herz. Er konnte sich's ja in diesem Augenblick nicht verhehlen,
1839 3085 3080 3141 Mann.“ Ach, was für Unsinn, dachte er, zerriß das Blatt und
228 3086 609 3158 gelte nicht darauf
626 3128 1831 3183 daß er nur eines zu tun hatte: zu Sabine eilen, zärtlich dankend
1844 3126 3093 3191 begann aufs neue. „Meine liebe Freundin Sabine. Ich habe
228 3135 614 3194 en ersten Mai als
237 3167 1831 3245 wisse man ja, wie die lieben Hände ergreifen, die sich den seinen so innig und
1858 3183 3081 3233 Ihren Brief, Ihren schönen, guten Brief. Er hat mich tief
617 3209 1830 3259 rückhaltslos entgegenboten, das holde Wesen zur Frau ver¬
1851 3215 3090 3263 bewegt. Wie soll ich Ihnen nur danken. Sie zeigen mir die
224 3211 622 3278 Termin sowohl als
618 3244 1834 3314 langen, auf die Gefahr hin selbst, daß es nur wenige Jahre
1848 3252 3074 3318 Möglichkeit eines Glückes, von dem ich kaum zu träumen ge¬
233 3262 609 3319 nerseits fühle sich
626 3285 1836 3354 oder gar Monate des Glücks wären, die sich ihm eröffneten.
1859 3299 3086 3358 wagt hätte, und darum, lassen Sie es mich gleich in diesem
222 3305 612 3366 ichen Dinge einzu¬
623 3328 1840 3397 Aber statt die Treppe hinunterzueilen, blieb er wie auf den
1850 3347 3085 3396 Zusammenhange aussprechen, wage ich auch nicht, es zu er¬
230 3349 608 3401 erlichen Preis und
620 3380 1835 3446 Fleck gebannt stehen. Es war ihm, als hätte er vorher etwas
1852 3386 3085 3446 greifen, ich meine, nicht sofort zu ergreifen. Geben Sie mir
243 3386 607 3451 Absicht, hinzu, „ob
621 3407 1842 3479 endgültig klarzustellen und vermochte sich nicht zu besinnen,
1861 3404 3100 3481 ein paar Tage Zeit zur Ueberlegung, lassen Sie mich zum Be¬
240 3436 619 3490 it ihm unter einer
631 3452 1842 3516 was es sein könnte. Plötzlich fiel es ihm ein: den Brief Sa¬
1859 3452 3086 3519 wußtsein meines Glücks kommen und, o, liebe Freundin Sa¬
229 3475 623 3535 auf, der Stadtrat
631 3498 1840 3561 binens mußte er noch einmal lesen. Er nahm ihn aus der
1860 3501 3087 3573 bine, fragen auch Sie sich noch einmal, ob Sie denn wirklich
237 3515 619 3576 e ein; — doch ein
629 3544 1842 3601 Brusttasche hervor und begab sich in sein stilles Ordinations¬
1855 3545 3070 3608 und wahrhaftig Ihre holde Jugend mir reifen=Manne anver¬
240 3554 616 3617 herstellen, und bald
239 3579 1846 3650 dtrat, nach kühlem zimmer, um in völliger Ungestörtheit Sabinens Worte noch
2625 3580 3043 3673 (Fortsetzung folgt.)
1854 3595 2170 3664 trauen wollen.
235 3614 1869 3710 ufrieden am Tische einmal auf sich wirken zu lassen. Und er las. Er las lang¬
