3436 4320
1228 242 1665 314 Badearzt
248 243 1191 321 29. Doktor Graesler
1801 246 2174 342 box 4/7
467 291 823 350 An a aa u —  K
1075 261 1658 352 at
688 813 1124 962 Nr. 111.
1624 820 3091 1002 Berliner Tageblatt.
567 949 1240 1032 Freitag, den 2. März 1917.
1132 1014 1251 1085 WT
2961 1007 3314 1087 Tenee eeen
1428 1025 3338 1131 S n   nicht besonders zahtreich bedacht. In allen Gemeinden ist dem Wunsche bringenden Gesteltung
494 1067 1725 1134 Diese hat dem Plane in ihren Grundzügen zugestimmt und nur
1726 1103 3310 1154 wiederholt Ausdruck gegeben worden, die vorhandenen Spielplätze erheblich übersteigt.
498 1110 1726 1174 in einigen Punkten Abänderungen beschlossen. Mit diesen Abande¬
1726 1135 3322 1197 weiter auszudehnen und neue große Plätze anzulegen. Nach einem enthält zugleich die
492 1156 1723 1199 rungen lag nun die Vorlage zur Zustimmungserklärung der Ver¬
1731 1184 2948 1232 Gerüchte sollte jetzt der umfangreiche Spiel= und Sportplatz in
2945 1196 3339 1256 Verneinung der Zul#
505 1190 1729 1255 sammlung vor. Die Einrichtung soll erst zu geeigneter Zeit nach
1736 1223 2936 1270 Hohenschönhausen, der von Sportvereinen, Turnern und
2953 1239 3331 1301 von, daß keine Mögl
489 1247 1727 1298 Friedensschluß ins Leben treten, bis dahin aber nach Möglichkeit
1737 1264 2939 1316 von der Jugendwehr oft und gern benutzt wird, eingehen unb das
2944 1283 3338 1344 feste, nachweisbare u
497 1284 1728 1347 vorbereitet werden. Die Vorlage wurde nach kurzer Erörterung
1726 1306 2933 1356 Gelände der Bebauung erschlossen werden. Wie wir von zu¬
2948 1324 3330 1385 auch die Mög ichkeit
490 1307 1374 1392 einem Ausschusse zur Vorberatung überwiesen.
1733 1344 2938 1394 ständiger Stelle erfahren, entbehren diese Gerüchte jeder Unterlage.
2950 1367 3339 1427 die unter allen Bed
555 1366 1723 1424 Es folgten dann zwei gleichlautende dringliche Anträge, die
1730 1390 2942 1446 Im Gegenteil schweben gegenwärtig zwischen Hohenschänhausen und
492 1393 1721 1465 einerseits von den Sozialdemokraten, andererseits von den bürger¬
2990 1409 3337 1475 An der anschließ
1727 1434 2941 1483 einer großen Nachbargemeinde Verhandlungen, die bezwecken, den
495 1453 1714 1511 lichen Fraktionen gestellt sind, und dahin gehen: „Die Versammlung
2940 1447 3320 1524 Dr. Alsberg,
1730 1476 2945 1544 Spiel= und Sportplatz dauernd für die Groß=Berliner zu er¬
492 1495 1721 1546 ersucht den Magistrat, die ärztliche Behandlung der er¬
2950 1498 3327 1555 der anständige und
1725 1507 1938 1580 halten.
497 1537 1728 1581 krankten Kriegsteilnehmerangehörigen auch nach dem
2944 1538 3331 1603 schiedenartigen Auff
1773 1564 2944 1621 Zehn Einbrecher verhaftet. Seit längerer Zeit wurden die
490 1576 1720 1625 15. März dieses Jahres sicherzustellen.“ Stadtv. Dr. Weyl (Soz.)
2947 1587 3339 1642 gerichts charakterisie
1737 1603 2937 1656 westlichen Vororte Berlins von einer Einbrechergesellschaft unsicher
486 1622 1724 1676 empfahl den Antrag anzunehmen, damit nicht ein arztloser Zustand
2947 1621 3342 1683 nische Mittel gegen
1734 1657 2941 1708 gemacht. Der Schöneberger Kriminalpoliz;i ist es
487 1663 1722 1710 einrete, der nicht im Interesse der öffentlichen Gesund¬
2947 1664 3331 1723 direktor Heusler, G
1737 1701 2942 1749 jetzt gelungen, zehn Einbrecher im Alter von 18 bis 20 Jahren
489 1693 1711 1755 heitspflege liegen würde. Morgen solle im Magistrat ein endgültiger
2949 1707 3328 1771 Schlußwort des Vo
492 1745 1725 1811 Beschluß in dieser wichtigen Suche, in dem es zu Zwiespalt mit
1732 1747 3317 1815 zu verhaften. Den Verhafteten konnte eine ganze Reihe von Ein= ohne Murren und
1780 1862 3334 1932 Der Vorhang hob sich. Man gab einen neueren deutschen die in Ausstattun
1736 1902 3325 1983 Schwank, Katharina unterhielt sich vortrefflich, und oft lachte doch als sie mit ihr
478 1858 1711 2012 Doktor Gräsler, Badearzt
1726 1946 2959 2015 sie auf, aber ohne sich nach ihrem Nachbar hinzuwenden. Im
2949 1960 3321 2019 trat, sah sie ihn
1725 1991 2951 2036 ersten Zwischenakt kaufte er ihr eine Tüte Bonbons, die sie
2944 2000 3323 2054 Ende verheiratet,“
990 1992 1228 2086 Erzählung
1736 2035 2950 2087 dankbar lächelnd entgegennahm. Während des zweiten Aktes
2946 2035 3338 2101 Er lächelte zuer
1057 2059 1175 2111 pon
1317 2038 1689 2129 (Nachdruck verboten.]
524 2038 859 2131 117. Fortsetzung.)
1723 2088 3343 2142 nickte sie ihm bei Stellen, die ihr besonders lustig erschienen, über die Stirn, um
864 2089 1352 2181 Arthur Schnitzler.
1740 2120 3343 2181 freudig zu. Während das Spiel weiterging, dem Dr. Gräsler daß dieses völlign
1724 2158 2943 2221 etwas zerstreut zuhörte, fühlte er von einer Loge her einen
2948 2169 3330 2229 bestimmt gewesen
559 2155 1719 2231 „Nun, haben Sie ihn eines besseren oder schlechteren be¬
1728 2208 2942 2260 Operngucker auf sich gerichtet. Er erkannte Böhlinger,
2949 2206 3334 2267 gestorben war. K
480 2204 659 2283 lehrt?“
1730 2249 2947 2303 grüßte ihn unbefangen und erwiderte in keiner Weise den
2951 2248 3334 2307 dann trat sie näh
550 2232 1589 2308 „Das hab’ ich getan. War es nicht recht von mir?“
1721 2287 2945 2349 pfiffig fragenden Blick des alten Freundes. Als er im letzten
2948 2292 3330 2340 schmeichelnd mit d
554 2286 1718 2362 „O, ich habe keinen Grund, aus meinem Beruf ein Ge¬
1729 2335 2946 2383 Zwischenakt mit Katharina in den Wandelgängen hin und
2949 2334 3339 2390 tat. Er drehte das
486 2341 1724 2383 heimnis zu machen. Und haben Sie denn auch zu Hause ge¬
1733 2369 2959 2426 her spazierte, hing er sich plötzlich in ihren Arm, was sie ohne
2951 2377 3328 2443 und jetzt erst ließ
489 2386 1720 2457 sagt, daß Sie heute mit mir ins Theater zu gehen beab¬
1735 2421 3327 2466 weiteres geschehen ließ, gab über die Leistungen einiger Dar= zulegen. Dann a
498 2421 724 2490 sichtigen?“
1730 2464 3333 2516 steller seine Meinung ab, aber so eindringlich und leise, als anschickte, den Tisch
567 2446 1722 2518 „Das geht niemanden was an. Und es fragt mich auch
1730 2485 3336 2549 gäbe es ein holdes Geheimnis zwischen ihm und seiner reizen= stand darauf, das
491 2499 1713 2555 keiner. Ich könnte doch wohl auch allein gehen — nicht wahr?“
1727 2535 2953 2592 den Begleitein, und er war etwas enttäuscht, Böhlinger nicht
2952 2547 3337 2599 sihl nahm er auf
556 2547 1718 2624 „Gewiß könnten Sie, aber es ist mir lieber, — so wie es
1731 2590 2938 2636 zu begegren. Das letzte Zeichen tönte, und als Gräsler nun
2948 2585 3337 2644 mit leiser Rührun
497 2587 847 2669 sich gefügt hat.“
1730 2620 2951 2675 wieder neben Katharinen saß, rückte er so nahe an sie heran,
2950 2627 3333 2692 reitungen für das
559 2615 1726 2687 Sie blickte zu ihm auf, nach ihrer Gewohnheit die eine
1726 2665 2936 2717 daß ihre Arme sich berührten, und da sie den ihren nicht regte,
2952 2668 3321 2733 hierin, sondern au
488 2679 1714 2737 Hand an ihren Hutrand führend, und sagte: „Allein macht es
1727 2711 2943 2765 fühlte er, wie sich allmählich eine immer vertrautere Beziehung
2951 2705 3326 2765 einer Geschicklichte
490 2721 1723 2778 einem keine rechte Freude. Theater ist nur in Gesellschaft
1731 2752 2941 2801 zwischen ihm und ihr hergestellt hatte, und er es wohl wagen
2947 2751 3327 2812 Haus und Wirtsch
500 2765 1724 2821 schön. Es muß jemand daueben sitzen, der auch lacht, und den
1732 2793 2942 2858 durfte in der Garderobe, während er ihr in die Jacke hinein¬
2953 2794 3364 2855 den Tisch, sie teil##
491 2807 1097 2877 man angucken kann und“ —
1729 2831 2736 2899 half, ihr flüchtig Haare und Wangen zu streicheln.
2954 2835 3333 2898 tranken. Sie plat
556 2837 1191 2910 „Und, was wollten Sie sagen?“
1781 2856 2944 2920 Als sie vor dem Tore standen, sagte sie, unter dem Hut zu
2948 2877 3335 2937 sich entzüickt über
551 2882 1709 2946 „Und in den Arm kneifen, wenn es besonders schön wird.“
1726 2912 2950 2980 ihm aufblickend, in einem Ton, der nicht ganz ernst gemeint
2946 2915 3321 2973 halten, und war
569 2940 1715 2994 „Hoffentlich wird's heute besonders schön — ich stehe jeden¬
1736 2959 2891 3033 klang: „Jetzt muß ich schauen, daß ich nach Hause komm'.“
2952 2964 3327 3016 selten Theater bes
498 2963 941 3041 falls zur Verfügung.
1780 3009 2937 3054 „Aber vorher,“ entgegnete er gewandt, „werden Sie mir,
2952 3000 3325 3056 schen Genüsse vorz
552 2999 1728 3069 Sie lachte leise und begann einen sehr raschen Schritt an¬
1729 3039 2946 3102 wie ich hoffe, liebes Fräulein Katharina, die Ehre erweisen,
2951 3040 3327 3101 darüber, wie schor
488 3067 1612 3128 zuschlagen, als fürchtete sie, den Anfang zu versäumen.
1728 3083 2648 3140 mein bescheidenes Mahl mit mir zu teilen.“
2961 3083 3341 3143 gnügungen solcher
553 3107 1741 3158 „Wir sind zu früh da,“ sagte Dr. Gräsler, als sie vor dem
2953 3120 3345 3180 Aufenthalt von H#
1784 3118 2954 3174 Sie sah ihn zuerst an wie fragend, dann nickte sie ernst
495 3153 1721 3226 Theatergebäude standen, es ist beinahe noch eine Viertel¬
2952 3167 3330 3227 aus einer kleinen
1731 3171 2943 3217 und so rasch, als verstünde sie mehr, als er gesagt hatte. Und
499 3195 791 3260 stunde Zeit.“
2956 3206 3324 3267 er bald wieder ü
1731 3210 2943 3262 wie zwei Liebende, deren Schritte die Leidenschaft beschleunigt,
564 3215 1724 3299 Sie hörte nicht auf ihn. Leuchtenden Auges lief sie ihm
1737 3254 2947 3313 Arm in Arm, eilten sie durch die abendlichen Straßen seinem
2946 3247 3338 3307 müsse, wo es kein
494 3282 1723 3325 voraus in den ersten Rang, kümmerte sich kaum um ihn, als
1727 3293 1952 3354 Hause zu.
2955 3289 3330 3348 und man auf kleit
493 3320 1731 3379 er ihr behilflich war, die Jacke abzulegen, und erst als sie
1783 3317 2943 3378 Als sie in seiner Wohnung angelangt waren und er im
2950 3333 3334 3389 niedern Steinmau
493 3359 1726 3425 nebeneinander auf ihren Plätzen in der dritten Reihe saßen,
2952 3378 3337 3435 fragte, ob es dor
1726 3376 2954 3432 Arbeitszimmer Licht gemacht hatte, blickte Katharina rings
489 3405 1126 3467 traf ihn ein dankbarer Blick.
2959 3417 3334 3473 sich vor ihnen schü
1727 3413 2953 3472 um sich und betrachtete alle Bilder und Bücher mit neugierigen
550 3434 1734 3516 Dr. Gräsler suchte in dem mäßig besetzten Zuschauerraum
2956 3452 3336 3526 schon wieder dorth
1729 3460 2953 3514 Augen. Gefällt es Ihnen bei mir?“ fragte er. Sie nickte.
2774 3497 2942 3557 — „Drei¬
1738 3502 2750 3552 „Es ist aber doch ein ganz altes Haus, nicht wahr?“
2949 3501 3324 3559 fragte er wie im
504 3493 1725 3556 nach bekannten Gesichtern. Hier und da bemerkte er eines,
503 3545 1722 3604 dessen er sich zu erinnern vermochte. Ihn selbst, der im
2238 3543 3339 3600 „Und wie neu da herin alles aus- den rasch genossen
1725 3540 2199 3601 hundert Jahre gewiß.
502 3582 1285 3653 Dämmer saß, erkannte gewiß niemand.
1905 3581 3339 3656 Gern erbot er sich, ihr die übrigen Räume zu zeigen, Scherz eine Ahnum
1732 3584 1884 3647 sieht.“
