3484 4256
265 134 1195 225 29. Doktor Graesler
1258 141 1663 225 Badearzt
1798 142 2217 252 box 4/9
468 169 1684 251 Sender Brasszen, Laukarzt
179 859 424 953 hg. Wien
689 898 851 997 WFRE
486 960 2959 1055 seine in solchen Augenblicken sehr reine und sehr strenge und des Trostes in einem. Es ist ein Buch, für das man
482 1038 2962 1107 Kunst weiß durch Glanz und Gewalt, durch Leidenschaftl danken muß, da es, Großem gewidmet, des Kleinsten im
485 1067 2948 1135 und Sehnsucht des Geistes Glorie strahlen zu lassen. Stets Kosmos der Gefühle nicht vergißt, da es mit einer Hand
168 1089 435 1195 erreich.
495 1107 2961 1176 sind die dramatischen Höhepunkte solche eines seelischen! Majestät und Demut, Leidenschaft und Sinn umfängt. Da
1709 1169 2789 1250 es geschrieben ist aus dem Geist und aus der Güte.
495 1170 1711 1246 Geschehens. Stets tritt der Gedanke herrschend zwischen
168 1174 497 1273 ische Dichtung
498 1220 1330 1289 zügellose und aufflammende Gebärden.
344 1244 500 1306 Artur
601 1244 1723 1328 In neun Bildern ist solche Gewalt vorgeschichtlichen
1815 1253 2958 1347 Der „neue Schnitzler“ ist ein Buch der Ironie. Aber
174 1261 485 1371 Badearzt“,
499 1293 2951 1382 Begebens aufgetürmt. Jedes davon hat seinen genauen Bau der Ironie eines Dichters, in dem der Elegiker, der Spötter
486 1365 1716 1419 in Tempo und Ereignis, hat seinen Aufstieg, seine Flut und
1701 1383 2951 1446 lund der Phantast ziemlich gleichen Spielraum haben und
176 1386 1719 1469 von Stephansseine Ebbe. Jedes ist ein kleines hartgeschlossenes Drama für
1709 1427 2952 1494 auch ziemlich gleich temperiert sind. Es ist wohl nicht nur
167 1440 2960 1527 en. Nicht nurssich, dröhnend von einer Leidenschaft und einer Schmerzlich=rein menschliche und spezifisch männliche Reife, die hier in
166 1511 1723 1582 der Reife, des keit, die man dem inneren Plan des Werkes nach logisch nennen
1709 1521 2952 1593 des Erkennens gütigem Blick zugleich des Verzeihens Milde
193 1559 1725 1621 s im Künstler, muß, die aber aufbrennen wie ungewollte und unbewußte
179 1559 2961 1662 zusammeifügt Gluten menschlichez. Ierens und menschlicher Qual der Unge= und Weisheit aufglänzen läßt, so daß flüchtige und tändelnde
1709 1622 2953 1675 Schatten leichtfertigen und gewöhnlichen Lebens das tiefe
190 1656 1729 1722 rversucht undlwißheit. Ein eigentlich episches Problem wird dramatisch
1704 1663 2961 1730 und satte Dunkel erhalten, das die Reflexe großer Dinge
172 1705 1726 1762 Dynamik und vollständig gelöst, und obwohl hier so oft das Volk Held ist
162 1711 2953 1805 uf: die Wucht und die Masse Trägerin des Affekts wie er auch räumlich die und großer Erschütterungen werfen. Ja, daß in so neben¬
1705 1762 2948 1826 sächlicher Materie alltäglichsten Mikrokosmus, dort wo
174 1799 2957 1880 Dramatik, die Bühne füllt, bleibt die Präzision des Vorganges gewahrt, dieser moderne Alltag sein stumpfestes und sein künstlichstes
175 1854 2951 1910 jähe Linien=Jeder Vorfall verzweigt sich verblüffend naturalistisch und Gesicht zeigt, die Form gewaltiger Tragik wird, und daß
177 1896 2960 1948 in und wiederlbleibt doch typisch, bleibt Beispiel und Symbol. So wird diese Ereignisse, die gewiß einmal nett sind, wie eben das
164 1952 2953 2004 kalogs und die dieser Naturalismus einer Volkspsychologie in Zeiten ent=Leben auch in des leibhaftigen Philisters Tage feine Einzel¬
159 1990 1726 2051 #is, Mythe und [fesselten Fühlens und Leidens sehr bald als ein gesteigerter,
1717 2002 2957 2075 heiten streut, und einmal sehr traurig, wie eben auch der
183 2049 2956 2105 r erinnerungs=als einer der Idee klar, und der vielen pathetisch angestrafften (homo vulgaris seine Stunden der reinen Träne hat wie
183 2095 2956 2170 Anckdote und Worte Schnellkraft zielt deutlich weit, weit hinaus über den Spiegelbilder, menschlichsten Erduldens, menschlichster
200 2130 1721 2197 iund farbiges Bogen, in dem Jerusalems Geschick gefügt ist. Jerusalems,
1716 2134 2959 2210 Täuschung erscheinen, wie eine comoedia humana mit
166 2183 1722 2260 fihnenqualitäten der ewigen Stadt, wie eben so manche „ewige“ Stadt unter
1713 2183 2966 2263 verzerrten Szenen, aber starkem und wuchtigem Zusammen¬
179 2232 1290 2305 fernsten Sinn. ldem Eisentritt der Weltgeschichte sonk.
1702 2238 2959 2308 klang. Mit reifendem Alter wächst freilich dem Denker das
173 2276 515 2347 8 Stoffes, der
598 2288 2963 2359 Es ist ein kühnes Drama, und der überaus subtile Begreifen und das Erfühlen all der sogenannten spielerischen
171 2332 1725 2387 kkeiten geformt Könner, als den man Stephan Zweig kennt, hätte es nicht
1715 2347 2962 2399 und lockeren Gebärden des Daseins als eines ebenfalls
157 2379 1728 2435 Art des Werkes gewagt. Nur der Dichter von großem menschlichen Format
1719 2396 2959 2462 gesetzmäßigen und ausdruckstreuen Ablaufs bedingter
167 2421 1720 2473 dieses Hinaus=ldurfte es und konnte es so vollbringen, daß in dem brausen¬
1706 2425 2963 2512 Unternotwendigkeiten. Aber nur dem Künstler erschließt sich
189 2478 2964 2563 das sich freilich den Wildstrom seiner Sprache die Woldkörner des Edel= die Fähigkeit, so leuchtendes Licht über Verhältnisse und
241 2527 2954 2608 folgerichtigarbeiters der Form nur wie von der Gnade hingeschleudert, Gedanken hinzuhreiten, die gemacht scheinen, gerade vom
203 2570 1725 2622 Drama nicht spielerisch und ohne Absicht hingestreut, aufblinken. Wie ja
1716 2578 2960 2644 Künstler absichtlich vergessen und als unorganisch im
199 2619 1714 2683 den Auftrieb auch des Dramas Rede an Stellen getragenen Erlebens
1726 2631 2962 2697 ästhetischen Weltbild abgelehnt zu werden. Nen ist dies
168 2657 1721 2720 tterfüße Schön= oder Erwägens in rhythmische Fülle überfließt und immer
1719 2676 2969 2753 aber gerode der wahre Typus des fast stets noch miß¬
165 2715 1729 2782 g Biblisch und dann solche Wandlung kaum dem mit fortgerissenen Gefühl
1715 2728 2969 2802 verstandenen Naturalismus. Der nicht abbilden, sondern
162 2737 1726 2809 iesen wahrhaftl auffällt, als ein Notwendines und Gewordenes. Kühn aber
1712 2770 2966 2836 umbilden, nicht zeigen, sondern gestalten will. Das
164 2809 2965 2865 ählt wird, ohne ist dies Werk nicht nur in der Form, die an edler Reinheit dichterische Fluidum freilich bleibt ein Unfaßbares, aller
185 2857 1721 2920 Werdens und der Linie würdig sein muß jener hohen Quelle, sondern im
1721 2876 2954 2932 Definition verschlossen. Und doch nur seine Magie allein
200 2914 2962 2983 allem Anruf Geiste seiner Wahrheit. Denn es schreckt vor keiner psycho=trennt den konsequentesten Naturalismus des Dichters von
171 2949 1724 3019 üht, so umreißtklogischen Enthüllung hochgestimmten Gefühls zurück und es
1716 2966 2970 3029 der Photographie die oft so täuschend nahe an der Kunst
175 2994 1718 3058 getaucht in diel zeigt die Fluchbeladenheit des menschlichen Unwissens
1719 2999 2154 3096 vorbeigeführt wird.
179 3033 1729 3096 rechten Tragik. hinter so manchem brokatenen Vorhang geschwellter stolzer
1813 3076 2959 3158 Es ist schon recht lange her, daß die Porten sozusagen
163 3093 1737 3166 gibt oder ahnen Rhetorik. Zugleich aber ist es des Dichters reichstes Werl
185 3140 2964 3194 auch in des geworden. Denn in ulle Richtungen des Weltenschicksals von Standes wegen gezwungen waren, sich einen edlen und
195 3197 2950 3245 keuscher Lieb=lweist es nichts von dem allgemeinen Müssen und Dulden gezierter Gefühle vollen Helden zu wählen. Nicht so lange.
198 3222 2956 3301 neden Wende=tiefdurchschütterter Epochen ist ihm fremd und es st. zt mach daß sie es sich allmählich erkämpften, diesen Helden statt
161 3286 2982 3367 scheu aus, und und wissend in der Zeit. Es ist ein Buch der Verzweiflungsedel auch bloß interessant schnitzen zu dürsen. Artur
