3436 4224
1260 180 1678 256 Badearzt
257 181 1183 255 29. Doktor Graesler
1753 183 2209 280 box 4/8
470 224 1681 280 Sansen raaslen Baasaizt
638 912 1079 1075 Nr. 131.
3230 1002 3357 1092 Dri
1612 910 3074 1113 Berliner Tageblatt.
496 1050 1252 1140 Dienstag, den 13. März 1917.
2343 1089 2682 1167 S I
2704 1091 2946 1171 S
1716 1128 2946 1198 aus mehr als zehn Mann, von denen acht jetzt verhaftet werden
485 1135 1724 1209 g30 Dem Wbunischr alnbornc= Dah die Kinder nicht mit landwirtschaft¬
2978 1085 3350 1236 Tesihesse
1700 1193 2945 1270 konnten, und zwar der Schankwirt Wiedner aus der Eichen¬
487 1196 1717 1268 lichen Arbeiten überlastet werden mögen. Der Magistratsantrag
3157 1216 3348 1290 17 Der
1711 1231 2941 1294 dorfstraße 17, die Stallschweizer und Kuhmelker Franz Pietka,
477 1237 1133 1298 wurde hierauf angenommen.
1720 1272 2941 1337 Otto Straßenburger, Wilhelm Nehls und Rudolf
2978 1267 3363 1340 Gegen 17 Persone##
517 1298 1717 1375 Der städtische Arbeitsnachweis. Der seit 34 Jahren wirkende
1707 1312 2946 1374 [Lörtscher, der Fuhrherr Johann Wenger aus der Adalbert¬
2933 1308 3351 1387 kammer des Landgeri
479 1347 1711 1416 Zentralverein für Arbeitsnachweis hielt gestern seine
1724 1356 2944 1414 straße 29, der Händler Johann Horowitz aus der Invaliden¬
2938 1366 3363 1425 den Bäckermeister Jul
489 1386 1719 1465 Schlußsitzung ab, in der der Zentralarbeitsnachweis vom Stadtrat
1714 1403 2953 1473 straße 16 und der Stallschweizer und Melker Steiger, der auf
2938 1403 3354 1466 Anzahl von Bäckerm
475 1439 1714 1503 Fischbeck für den Magistrat Berlin endgültig übernommen wurde.
1714 1434 2931 1497 dem städtischen Gute Buch beschäftigt war. An der Spitze der Ge¬
2947 1458 3350 1512 zieht sich auf Mehld
483 1489 1710 1548 Der städtische Arbeitsnachweis wird am 1. April seine Tätigkeit be¬
1723 1485 2953 1552 sellschaft stand Wiedner; er gab für alle Unternehmungen die er¬
2933 1496 3357 1555 in großem Umfange.
474 1531 1722 1588 ginnen. Bis dahin wird die Arbeitsvermittlung in der bisherigen
1722 1525 2949 1585 forderlichen Weisungen; zu ihm brachten die Einbrecher auch die
2940 1531 3336 1596 Revisionsabteilung d
469 1572 1723 1612 Weise in der Gormannstraße fortgesetzt. Stadtverordneter Adolf
1713 1571 2946 1620 Beute. Die Diebe hatten es besonders auf Fleischwaren ab¬
2934 1577 3349 1642 strats war es bei per
471 1606 1713 1671 Ritter nahm Veranlassung, den Vorsitzenden Landesrat Dr. Freund
1717 1613 2940 1674 gesehen. Auf ihren nächtlichen Beutezügen plünderten sie wieder¬
2938 1621 3362 1689 gefallen, daß sie Meh
482 1645 1718 1697 für seine langjährige uneigennützige erfolgreiche Leitung der umfang¬
1722 1635 2949 1721 holt ganze Räucherkammern auf den Gütern aus und erbeuteten
2946 1661 3327 1716 wär, verarbeiteten.
469 1689 1711 1744 reichen Geschäfte des Vereins Dank und Anerkennung auszusprechen.
1719 1691 2955 1756 Fleisch und Fleischwaren in großer Menge. Nehls, Pietka und
2938 1687 3353 1755 meister Mehl von M
483 1718 1709 1804 Der Verein wurde am 1. April 1883 von Kaufleuten und Fabrikanten,
1712 1737 3359 1816 Steiger führten einen Einbruch in Buch aus. Die Fahrt dorthin] Beförderung anvertr#
1728 1867 2943 1928 einen Brief aus Lanzarote zu erwarten habe hinsichtlich
2942 1866 3208 1937 Zeiten, doch
1720 1900 2946 1961 gewisser Bedingungen, die zu stellen er bemüßigt gewesen
2935 1918 3184 1969 schein vom
468 1842 1714 1998 Doktor Gräsler, Badearzt
1811 1951 2647 2018 — und würden ihm die nicht gewährt,
2774 1959 2935 2013 er ent¬
2933 1954 3094 2015 Plötzlic
1711 1990 2935 2053 schlossen, den kommenden Winter zu Studienzwecken an ver¬
2934 2002 3003 2070 „
984 1990 1217 2081 Erzählung
1723 2036 2944 2093 schiedenen deutschen Universitäten zu verbringen. O, er wäre
2931 2045 3012 2098 „
499 2050 835 2143 126 Fortsetzung.]
1036 2064 1159 2134 von
1291 2053 1690 2143 [Nachdruck verboten.)
1715 2075 2945 2152 auch in seiner Vaterstadt keineswegs müßig gewesen, nicht
2938 2089 2990 2142 g
1717 2122 2938 2172 nur, daß er das Krankenhaus fleißig besucht, er habe sogar
2930 2130 3006 2186 m
853 2121 1333 2207 Arthur Schnitzler.
1709 2156 2936 2220 Privatpraxis ausgeübt. Ganz zufällig natürlich. Ein Kind
539 2184 1701 2257 Da nun alle schwiegen und ihm das besonders
1711 2209 2992 2258 war es gewesen, ein reizendes kleines Mädchen von sieben st
472 2227 1711 2314 peinlich war, begann er lebhaft: „Vor allem muß ich morgen
1715 2252 2991 2302 Jahren, das Töchterchen einer Witwe, die in seinem Hause v
473 2291 1712 2347 den Doktor Frank aufsuchen. Denn denken Sie, meine Damen,
1710 2290 2933 2344 wohnte. Er konnte sich dem nicht entziehen. Es war ein
2926 2299 3007 2356 ge
474 2324 1710 2387 er hat mir auf meine letzten Briefe nicht einmal geant¬
1708 2327 2941 2385 nicht unbedenklicher Fall gewesen... Scharlach. Aber das
482 2370 1715 2447 wortet. Aber ich hofse noch immer, daß wir uns einigen
1718 2378 2948 2432 Kind war nun außer aller Gefahr. Sonst hätte er kaum
2931 2380 2995 2434 he
476 2414 679 2470 werden.“
761 2404 1705 2469 „Zu spät“ warf Sabine kühl ein und Gräsler
1708 2415 2931 2474 abreisen können. Während er so redete, versuchte er das Bild
483 2454 1713 2517 fühlte gleich, daß sich dies nicht allein auf das versäumte Ge¬
1712 2460 2936 2515 der Frau Sommer in seiner Erinnerung hervorzurufen; aber
2927 2459 3018 2514 er
483 2498 1710 2557 schäft bezog. „Doktor Frank.“ erklärte Sabine dann, „hat sich
1717 2503 3021 2555 immer erschien statt ihrer die Dame mit dem Puppengesicht! Na#
474 2546 1710 2601 entschlossen, die Anstalt selbst weiter zu führen. Seit ein paar
2928 2540 3031 2599 Er
1718 2546 2944 2610 aus dem illustrierten Familienblatt, die sein Träume auf der
472 2586 1710 2632 Tagen wird schon fleißig renoviert. Ihr Freund, der Bau¬
1715 2584 2942 2653 Schiffsreise erfüllt hatte. Offenbar bestanl eine gewisse Aehn¬
2926 2582 3053 2637 alter
479 2632 1715 2688 meister Adelmann, hat die Arbeiten übernommen.“ — „Mein
1709 2624 3058 2673 lichkeit; — ja natürlich, war sie ihm nicht gleich aufgefallen? nicht
3240 2631 3324 2723 berd
481 2674 1717 2733 Freund ist er nicht,“ sagte Gräsler, „sonst hätte er mich wohl
2931 2667 3177 2730 wohl. Gerc
1719 2670 2934 2738 Sabine hatte seinen letzten Mitteilungen anscheinend mit
3248 2715 3357 2773 ernt.
466 2712 1708 2764 irgendwie verständigt.“ Und er schüttelte den Kopf, schwer
2929 2708 3201 2764 es einsehen
1709 2694 2936 2768 wachsendem Anteil doch wie er vielleicht nur aus seinem
480 2756 1703 2821 und langsam, als hätte er an dem Baumeister eine bittere
2935 2753 3325 2817 himmlische Brief
1711 2749 2931 2815 bangen Gewissen heraus fürchtete, mit geringem Glauben
2927 2789 3351 2848 gewesen. .. So übe
474 2799 1704 2849 Enttäuschung erlebt. „Unter diesen Umständen,“ bemerkte
1715 2798 2932 2850 zugehört, und beinahe unvermittelt begann sie von ihren
479 2841 1709 2895 Sabine höflich, „werden Sie wohl wieder nach dem Süden
1707 2823 3351 2896 beiden Freundinnen zu erzählen, deren Gräsler sich wohl und er wußte, daß er
2932 2872 3360 2940 weil zwischen seinen
465 2887 1703 2940 gehen?“ — „Natürlich, erwiderte Gräsler rasch. „Nach meiner
1715 2880 2939 2942 erinnern dürfte, und von denen die jüngere sich mit einem
471 2921 1710 2976 guten Insel Lanzarote. Ja. Ueberhaupt dieses Klima hier!
1714 2921 3355 2974 verspäteten Kurgast aus Berlin verlobt hätte. Zur Hochzeit schüttet war. Und
479 2960 1706 3021 Wer weiß ob ich solch einem mitteleuropäischenWinter noch
1717 2965 3346 3032 wollte man hinreisen, und bei dieser Gelegenheit, wie die erstickten Ausruf end
2924 3005 3345 3064 mir“ — hörte er sie
479 3003 1711 3067 gewachsen wäre.“ Es fiel ihm ein, daß er bei der mangel¬
1704 3005 2934 3072 Mutter bemerkte, sich nach langer Zeit wieder einmal in den
471 3041 1710 3099 haften Schiffsverbindung vor Mitte November auf der Insel
1712 3033 3338 3095 Großstadttrubel stürzen. Von neuem und ungeduldiger, be¬ Ihnen nichts zu ver
2935 3077 3338 3151 wenn Sie nicht gesp
474 3090 1713 3153 nicht eintreffen und daß er bis dahin, da er sich weder ange¬
1707 3090 2940 3145 schwörend beinahe, richtete Gräslers Blick an Sabine die
2931 3126 3356 3189 hätte ich Sie gebeten
474 3136 1700 3195 kündigt noch entschuldigt hatte, seinen Platz schon ausgefüllt
1708 3138 2926 3193 Frage: Wie ist's nun eigentlich mit uns Beiden? Aber ihre
2931 3168 3355 3232 nun so hart, daß Gre
481 3172 1704 3225 finden könnte. Nun, grücklicherweise war er ja nicht darauf
1713 3165 2924 3237 Augen blieben undurchdringlich, und wenn sie auch im Laufe
2936 3212 3354 3270 War es nicht beleidi
466 3216 1714 3268 angewiesen. Wenn es ihm beliebte, könnte er sich ein halbes
1709 3219 2932 3267 des Ahends freundlicher, ja milder geworden schien, er fühlte,
2933 3255 3354 3312 Beleidigte Liebel
474 3260 1719 3318 Jayr und länger Ferien gönnen; ia, wenn er sich nur ein
1718 3260 2929 3315 daß er das Spiel endgültig verloren hatte. Doch wehrte sich
2925 3295 3331 3355 handen war, deren
481 3301 1710 3359 wenig einschränkte, dürfte er seine Praxis gänzlich aufgeben.
1705 3297 2926 3359 sein Stolz dagegen, eine solche, gleichsam stumme Verab¬
2925 3334 3355 3402 neuem Mut: „Sabin
472 3349 1717 3396 Aber der Gedanke machte ihn bang. Er war gar nicht im¬
1708 3340 2928 3402 schiedung, wie sie ihm zugedacht schien, hinzunehmen, und er
2925 3379 3343 3438 als dies eine — daß
472 3388 1711 3439 stande ohne Beruf zu leben. Er mußte arbeiten, Menschen
1716 3385 2931 3432 war entschlossen, Sabine vor seinem Fortgehen um eine
2929 3416 3359 3477 Sie im nächsten Fr#
477 3427 1715 3482 gesund machen, das Dasein eines edeln, tätigen Mannes
1707 3422 2934 3488 Unterredung zu bitten. Als er sich erhob und mit erkünstelter
2928 3465 3340 3536 unterbrach ihn: „Es
472 3464 662 3522 führen
679 3466 1711 3518 und am Ende war ihm das doch noch an dieses
1718 3469 2936 3513 Leichtigkeit auf die Möglichkeit eines weihnächtlichen Wieder¬
2935 3506 3291 3552 Doktor Gräsler.“
477 3516 1716 3574 wundersamen, reinen Wesens Seite bestimmt das ihn für sein
1704 3509 1932 3567 sehens i
1995 3514 2924 3566 Berlin anspielte, stand auch Sabine
2931 3527 3355 3611 spöttisches Lächeln au
475 3542 1720 3613 Zögern vielleicht nur ein wenig strafen, ihn vielleicht noch
1711 3555 2929 3610 vom Tisch auf, und ihre Absicht war unverkennbar,
2930 3589 3351 3666 „Ich wünsche Ihnen
477 3582 2257 3647 einmal prüfen wollte. Und so betonte er plötzlich, daß er bis= dem Gast das Geleite
2530 3591 2660 3654 Und
2347 3590 2516 3667 geben.
2762 3602 2931 3654 gingen
2486 3582 2545 3642 1
472 3645 2962 3722 her keinerlei bindende Abmachungen getroffen, daß er noch sie denn Seite an Seite, wie in jenen schöneren!
