3436 4256
283 190 502 280 29.
495 199 1214 263 Doktor Graesler
1823 186 2223 283 box 4/6
492 215 1701 295 zensenardesien, badearzt
841 546 1845 602 ####s sei bedauerlich, daß für solche Gemische Erbsenmehl
627 570 1842 633 und Bohnenmehl unnötig vergendet werde. — Der Gerichtshof
2098 578 2811 676 Der Spert des Sonntags.
617 622 1857 668 hob das erste Urteil auf und verurteilte den Angeklagten zum höchsten
623 663 1501 724 Strafmaß von 1500 Mark Geldstrafe.
1890 638 3078 723 Zum viertenmal hintereinander muß der Verband Branden¬
1846 698 3068 778 burgischer Ballspielvereine seine Verbandsspiele ausfallen lassen,
3170 650 3371 792 Für N
657 727 1842 795 Die Annahme von Stückgütern auf den Berliner Innenbahn¬
1845 757 3070 811 da sich die Spielplätze in zu schlechter Verfassung befinden. Die
3111 766 3382 835 Herr Baumsch
610 760 1843 828 höfen und Ringbahnstationen bis nach 3 Uhr soll nach einer der
1852 790 3067 852 folgenden Kämpft kommen als Gesellschaftsspiele, soweit nicht
3062 806 3379 875 besonderer Freuh
617 821 1839 886 Handelskammer vorliegenden Mitteilung der Eisenbahnverwaltung
1849 823 3055 878 anders angegeben, auf den Plätzen der erstgenannten Vereine,
3071 860 3378 904 Mittel ist, und de
617 868 1255 924 zunächst noch beibehalten werden.
1849 864 3058 920 heutigen Sonntag, nachmittags um 3 Uhr, zum Austrag: Herthau¬
3065 897 3370 950 lich günstige Wir
664 899 1849 967 Berliner Variétéprogramme. Neben der bereits besprochenen
1841 913 3066 972 Berliner Ballspielklub, Preußen—Berolina, Union Oberschöne¬
3061 928 3347 985 anzuschlagen, al
609 954 1837 997 Burleske „Lillebils Höchzeitsreise“ bietet der Winter¬
1849 957 3056 1017 weide—Vorwärts, Germania—Berliner Sportverein (Unionplatz,
3061 962 3381 1024 Fällen von Rhc
611 988 1835 1034 garten eine ganze Reihe hervorragender Variéténummern. In
3072 1004 3373 1060 Badekuren 2c. seh
1836 994 3055 1058 Mariendorf), Ostend—Brandenburg (Berolinaplatz), Normannia
612 1032 1840 1083 erster Linie sind die plastischen Modelle von Milos zu nennen.
3054 1030 3384 1100 im 73. Lebensja
1850 1046 3066 1098 Neukölln—Verein für Bewegungsspiele Pankow (Tempelhoser Feld),
613 1072 1837 1128 Der Künstler zeigt unter dem Titel „Akropolis“ prachtvolle
3061 1080 3374 1133 nach meinem W
1850 1074 3063 1141 Alemannia—Favorit, Sportklub Charlottenburg—Triton, Norden
620 1103 1832 1147 Gruppen nach Bildwerken von Stuck, Sinding und Praxiteles, ge¬
3061 1112 3384 1172 mußte ich hierzu
1842 1128 3064 1182 Nordwest—Weißensee 1900 und Rapide—Wacker Tegel (Borussia¬
612 1137 1754 1191 stellt von einer Reihe schöner Frauengestalten. Willy,
3060 1147 3380 1217 von den zahlreich
1847 1167 3062 1222 platz, Niederschönhausen). — Die Hockeyspiele des Brandenburger
1761 1181 1832 1224 sich
608 1175 1778 1229 stürzende Mann, ist ein sehr origineller Artist. Er baut
3063 1193 3361 1241 Rheumatismus,
1849 1219 3065 1263 Hockeyverbandes sind für heute abermals abgesagt. — Der
621 1216 1843 1266 aus Tischen und Tonnen eine fünsstusige Pyramide und stürzt sich
3069 1223 3374 1272 lenken und Glied
1850 1253 3068 1321 Jugendklub Neukölln veranstaltet nachmittags 3 Uhr in der Halle
614 1258 1838 1320 dann herab. Martin Kettner versetzt das Haus durch seine
3069 1266 3388 1327 Aerztlich erprobt
1342 1296 1536 1376 FNTTNNTEBANN
880 1300 1212 1376 TE
2116 1302 2239 1380 S
1843 1372 3052 1439 ein, wo er seit nun sechs Jahren im Sommer die ärztliche
3064 1376 3377 1438 hältnis zum H
1839 1416 3058 1484 Praxis auszuüben pflegte. Er wurde von der Hauswirtin,
3063 1427 3382 1481 dem Doktor ein
610 1378 1835 1510 Doktor Gräsler, Badearzt
1847 1469 3068 1515 einer ältlichen Kaufmannswitwe, mit herzlicher Teilnahme be¬
3060 1464 3392 1525 ersten Blick ber
1848 1508 3063 1558 grüßt und freute sich der bescheidenen Feldblumen mit denen
3061 1507 3387 1573 berichtete, daß
1113 1511 1348 1593 Erzählung
1853 1537 3084 1618 sie die Wohnung zu seinem Empfang geschmückt hatte. Das
3065 1553 3165 1604 sei.
3155 1555 3389 1609 „Nun schl#
1175 1571 1289 1629 vot.
1440 1568 1826 1641 [Nachdruck verboten.]
654 1554 971 1650 (1. Fortsetzung.]
1849 1592 3387 1642 kleine Zimmer, das im vorigen Jahr seine Schwester bewohnt zählte sie weiter
976 1608 1464 1688 Arthur Schnitzler.
1844 1638 3011 1688 hatte, betrat er nicht ohne Scheu, doch fand er sich nicht
3050 1638 3389 1700 vier Uhr nachm
1838 1670 3271 1731 tief ergriffen, als er eigentlich gefürchtet hatte. Im übrigen] Und da si
3317 1684 3373 1730 ich
668 1683 1840 1736 Von ihren Mädchenjahren war ihm wenig bekannt
1850 1704 2955 1763 ließ das Leben sich gleich im Anfang recht leidlich an.
3059 1719 3232 1782 mir erle
603 1719 1843 1774 geworden, da er als Schiffsarzt diese Epoche beinahe
1834 1760 2923 1817 Himmel war von gleichmäßig milder Klarheit, die Luft
3053 1758 3155 1817 lich
616 1768 1841 1836 durchaus auf Reisen verbracht hatte. Als sie endlich vor fünf¬
1831 1781 2874 1861 lingshaft lau, und manchmal, zum Beispiel beim
3078 1807 3155 1857 Aug
609 1807 1830 1872 zehn Jahren, kurz nach des Bruders Austritt aus dem Lloyd,
1842 1836 2935 1889 auf seinem kleinen Balkon, wo auf reinlich gedeckten
3069 1847 3158 1912 Ent
609 1853 1840 1902 das Vaterhaus in der kleinen Stadt, aus dem die Eltern rasch
1836 1880 2972 1939 die weiße blaugeblümte Kanne, aus der er sich nun frei
615 1895 1843 1951 hintereinander fortgestorben waren, verlassen und sich ihm zu¬
1846 1925 3068 1968 den Kaffee selbst in die Tasse eingießen ßte, in der Morgen¬
613 1926 1843 2003 gesellt hatte, um ihm als Haushälterin in seine verschiedenen
1848 1955 3061 2023 sonne glänzte, kam ein Gefühl von Gei, chkeit über ihn,
607 1981 1838 2042 Aufenthaltsorte zu folgen, war sie weit über dreißig Jahre
1840 2004 3065 2069 wie es ihm in Gesellschaft seiner Schwester, zum mindesten
3055 2012 3283 2075 gehalten.
607 2024 1838 2076 alt gewesen, doch ihre Gestalt hatte so jugendliche Anmut, ihre
1850 2051 2504 2110 in den letzten Jahren, nicht mehr
2547 2047 3060 2098 #rden war. Die andern
3055 2061 3283 2112 sagte er,
608 2066 1841 2118 Augen einen so rätselhaft dunklen Glanz bewahrt, daß es ihr
1834 2081 3372 2152 Mahlzeiten nahm er in dem stattlichen Sauptgasthof des Ortes sagen Sie mir
615 2111 1830 2160 an Huldigungen nicht fehlte und Emil manchmal nicht ohne
1833 2135 3073 2195 in Gesellschaft einiger ihm von früher her bekannten, achtungs¬
3061 2130 3393 2195 Kranke am En
610 2144 1844 2193 Grund besorgte, sie könnte ihm von irgendeinem Bewerber
1834 2171 3059 2241 werter Bürger, mit denen sich's zwanglos und manchmal recht
3131 2183 3392 2238 ihn ein, we
603 2182 1837 2238 in eine späte Ehe entführt werden. Als mit den Jahren auch
1833 2213 3067 2278 unterhaltsam plaudern ließ. Die Praxis aber setzte gleich
3051 2219 3389 2281 raung und bot
612 2234 1830 2297 die letzten Aussichten dieser Art schwanden, schien sie sich wohl
1831 2255 3047 2316 recht vielversprechend ein, ohne daß Fälle von besonderer
3051 2264 3389 2335 der offenen, in
601 2268 1841 2329 ohne Klage in ihr Los zu fügen, doch glaubte sich der Bruder
1836 2311 3067 2374 Schwere das ärztliche Verantwortungsgefühl allzusehr belastet
600 2306 1837 2366 nun manchen stummen Blicks aus ihren Augen zu erninnern,
1844 2342 2010 2407 hätten.
3056 2346 3194 2403 bisher
604 2359 1831 2420 der mit leisem Vorwuef auf ihn gerichtet war, als hätte auch
1901 2372 3064 2450 So ging der Frühsommer ohne bemerkenswerte Ereignisse
3052 2392 3197 2451 Zweife
606 2404 1846 2450 er die Glücklosigkeit ihres Daseins irgendwie mit zu verant¬
3060 2413 3395 2498 beln könnte als
1834 2426 3062 2484 dahin, als an einem Juliabend, nach einem ziemlich arbeits¬
613 2442 1829 2494 worten gehabt. So mochte das Bewußtsein eines verlorenen
1840 2466 3381 2526 reichen Tage, Dr. Gräsler durch einen Boten, der sich eiligst! Immerhin war
598 2479 1838 2533 Lebens mit den Jahren sich immer entschiedener in ihr geltend
1846 2516 3061 2559 wieder entfernte, in das Forsthaus gerufen wurde, das eine
3049 2512 3391 2581 die junge Dame
611 2521 1842 2583 gemacht haben, je weniger sie sich ausgesprochen, und sie hatte
1838 2556 3060 2621 gute Wagenstunde von dem Städtchen entfernt lag. Der
3055 2560 3378 2613 Art überrascht,
603 2574 1833 2621 endlich der nagenden Pein einer solchen Erkenntnis ein rasches
1841 2599 3051 2663 Doktor war hiervon wenig erfreut, wie er überhaupt für orts¬
3054 2595 3385 2660 Unbedenklichkeit,
609 2607 1827 2662 Ende vorgezogen. Den ahnungslosen Bruder hatte sie hier¬
1834 2639 3056 2699 ansässige Kranke deren Behandlung weder viel Ruhm, noch
3048 2641 3392 2699 war, mitteilte u
612 2652 1830 2711 durch freilich in die Notwendigkeit versetzt, sich in einer Lebens¬
1839 2680 3046 2743 viel Gewinn zu bringen pflegte, keinerlei Vorliebe hegte. Doch
3049 2681 3381 2746 des Zuhörens,
614 2695 1829 2751 periode, die neuen Gewöhnungen im allgemeinen abhold zu
1829 2729 3051 2784 als er, eine gute Tigare rauchend in der milden Abendluft
3048 2717 3365 2784 über mit der
617 2731 1829 2787 sein pflegt, um Angelegenheiten des Haushaltes und der Wirt¬
1832 2762 3054 2823 die liebliche Straße zwischen hübschen Landhäusern, dann
3048 2748 3383 2827 selbst mochte sei
611 2773 1836 2821 schaft zu kümmern, was ihm bisher durch Friederikens Für¬
1843 2807 3052 2866 zwischen gelben Feldern im kühlen Hügelschatten und endlich
3050 2805 3385 2862 undzwanzig Jah
613 2820 1831 2872 sorge erspart geblieben war, und in den letzten Tagen der
1841 2844 3059 2892 durch den hohen Buchenwald talaufwärts fuhr, ward ihm
3048 2856 3386 2913 ruhigen Augen
607 2859 1825 2911 Schiffsreise, unbeschadet aller Trauer, zog ein kühles, aber
1836 2891 3049 2952 behaglicher zumute, und als er gar des Forsthauses ansichtig
3045 2894 3373 2952 Reife verlichen.
604 2888 1825 2957 irgendwie tröstliches Gefühl der Entfremdung gegenüber der
1834 2933 3047 2993 wurde, dessen anmutvolle Lage ihm von Spaziergängen ver¬
3053 2936 3384 2998 sie einen unverz
614 2948 1826 3013 Dahingeschiedenen in sein Herz, die ihn ohne Abschied und
1825 2969 3059 3033 gangener Jahre her in guter Erinnerung stand, bedauerte er
3043 2971 3393 3036 fach, aber durch
604 3002 1656 3055 völlig unvorbereitet auf Erden allein gelassen hatte.
1835 3018 3047 3069 beinahe, daß die Fahrt so schnell vorüber war. Er ließ den
3045 3016 3395 3073 zierlich vergolde
1839 3055 3045 3111 Wagen am Straßenrand halten und ging den schmalen
3055 3059 3375 3121 meisten auffiel,
672 3079 3050 3149 Nach einem kurzen Aufenthalt in Berlin, wo er sich bei Wiesenweg zwischen jungen Tannen dem Hause zu, das mit
3043 3101 3387 3162 höchst eleganten
1831 3136 3053 3204 blinkenden Fenstern, ein ungeheures Geweih über der schmalen
615 3122 1834 3190 einer Anzahl klinischer Professoren für die beginnende Kurzeit
3046 3129 3399 3218 genau zur Farbe
615 3184 3055 3230 in Erinnerung brachte, traf Doktor Gräsler an einem schönen Eingangstür, die Abendsonne auf dem rötlichen Dach, ihm
601 3210 3084 3282 Maitag in dem kleinen, hügelwaldumgebenen Badestädtchen1 freundlich entgegengrüßte. Ueber die Holzstufen der im Ver¬
1630 3869 2008 3961 Fescaar
