3436 4256
1231 157 1643 235 Badearzt
457 157 1007 234 Doktor Graes
232 156 449 267 29.
444 172 1641 279 #  eene ennen de. . a Ie  en Aenen K unch. 2. 5
575 424 1313 539 Sgec Sg
551 576 983 679 #. O. 10 1.
303 699 1468 773 + Der S. Fischer Verlag, Beilin, bringt wieder
304 756 1454 828 einmal etwas von unserem beliebtefien und erfolg¬
312 818 1193 896 beichsten Wiener Schriftsteller Authur S
315 856 1450 934 „Dr. Gräsler, Badearzt,“ ein anspruchsloses
311 918 1464 971 Buch von unendlicher Schönheit und Zartheit. Drei
312 972 1445 1036 Liebesabenteuer eines alternden Mannes werden ge¬
318 1008 1457 1068 schildert. Zuerst die Liebe eines hochgeistigen, tief¬
316 1060 1458 1117 mpfindenden Mädchens, das in ihm vor allem den
1205 1100 1475 1168 it nach der
330 1109 1048 1185 Arzt und den Freund sieht, er abe
1222 1157 1458 1218 er Sinne,
327 1165 968 1238 liebe des Fleisches, nach der
1247 1202 1453 1266 ührenden
330 1213 864 1279 ind auch diese wird ih
1330 1254 1452 1317 hens,
336 1263 762 1333 ingebungsvollen Li
1326 1301 1471 1369 frägt,
334 1316 621 1382 ie nicht nach
1327 1356 1470 1416 ihm
348 1366 520 1435 ondern
1356 1402 1469 1463 ngt.
347 1415 502 1474 as Ei
1360 1452 1469 1511 ber
334 1458 498 1528 jene L
1389 1499 1456 1552 nb
350 1509 490 1570 je die
340 1563 497 1620 le doe
1388 1598 1459 1657 n.
342 1610 485 1673 ie ga
1388 1648 1451 1707 en
371 1663 530 1721 chenhon
1388 1694 1468 1753 Dr.
388 1709 554 1773 esellscha
1350 1733 1476 1807 ende
408 1756 752 1819 äsler an eine
1332 1786 1468 1855 Stel¬
420 1793 799 1868 twe, die ihn zur
1320 1826 1476 1901 euern,
418 1847 816 1919 g heiratet und dabe
1309 1890 1475 1953 Aber
412 1900 842 1957 ihren Sinnen entgeg
1254 1939 1477 2006 wir Bück¬
387 1947 984 2012 e ist eine Dame der Gesellsch
1109 1988 1478 2070 üssen und die als
344 1996 1098 2081 linge machen unh der wir die Hände
1203 2037 1491 2101 Man
338 2048 703 2137 vollweitia alls
590 2486 1119 2601 W. GIO
604 2650 1630 2738 „Doktor Gräsler, Badearzt“ von Arthur
981 2727 1636 2782 Fischer, Verlag, Berlin.) Ge¬
904 2727 948 2802 *
593 2720 769 2797 S
538 2736 1633 2823 herter. u #den N1 4.—, Vielleicht ist die¬
549 2827 1639 2881 ser Roman das menschliche Werk Arthur
561 2867 1636 2930 Schnitzlers. Wie eine Beichte ist dieses Buch,
562 2907 1637 2965 voll intensivsten Empfindens, voll reifer Weis¬
556 2950 1637 3006 heit, voll dichterischerAnschauung und zugleich
560 3008 1635 3067 von einer anendlich reizvollen Anmut. Der
561 3043 1636 3112 Dichter erzählt uns darin die Geschichte des
560 3086 1629 3156 Dr. Gräsler, eines Badearztes, der mit seilien
560 3139 1634 3210 achtundvierzig Jahren zu der plötzlichen Er¬
556 3190 1643 3255 kenntnis eines nahenden Alters kommt und
556 3237 1644 3301 nun, nach einer Reihe ruhiger und schuldloser
550 3288 1642 3333 Jahre, sich in einen Spätrausch von Abenteuer
556 3332 1637 3400 und Liebe stürzt. Drei Frauengestalten sind es,
561 3371 1639 3437 die in neues Erleben ihn verstricken, in das
548 3421 1645 3496 komplizierte und so weit verästelte Erleben des
564 3475 1638 3535 reifen Mannes. Von Untreue zu Untreue geführt,
564 3512 1650 3573 wird er an allen Dreien schuldig, bis ihn eine
567 3567 1637 3624 von ihnen durch tragischen Tod erlöst. Nie¬
560 3599 1639 3678 mals noch ist Arthur Schnitzler so aus sich her.
559 3651 1650 3731 ausgegangen wie in diesem Buch, das man im
560 3696 1653 3758 wahren Sinn des Wortes ein herbstliches Buch,
550 3733 1665 3842 ein Buch der späteren Resignation nennen kann,
1782 150 2174 252 box 4/9
1848 1466 2812 1578 ee Sm
2491 1530 2632 1625 —
1944 1540 2186 1634 ZaSEPI9NT
2592 1594 2922 1699 Mal
2288 1697 2618 1784 Bücher.
1705 1778 3169 1868 Doktor Gräsler, Badearzt. Erzählung von Arthur Schnitzler.
1751 1846 2892 1905 S. Fischer, Verlag, Berlin. Geh. 3 Mk., geb. 4 Mk.—
1804 1899 3162 1955 Was uns Schnitzler in seiner letzten Erzählung bringt, ist mo¬
1714 1960 3165 2010 tivisch nicht neu, seitdem Karin Michaelis die Sexualität der Ueber¬
1717 1993 3161 2065 gangsjahre zum Probem erhoben, richtiger gesagt, deren Tragik
1719 2042 3175 2103 uns vergegenwärtigt#at. In Schnitzlers Erzählung handelt es sich
1717 2095 3167 2156 um die krisenhaften Jahre des Mannes, und da muß gesagt werden,
1715 2136 3172 2195 daß auch diese Variante des vielfach bearbeiteten Grundmotivs
1715 2194 3172 2244 durchaus nicht neu ist; so hat Wassermann in seiner schwächlichen
1722 2240 3163 2307 Erzählung „Der Mann von vierzig Jahren“ dieses Problem belle¬
1712 2283 3177 2333 tristisch erörtert, weiters Thomas Mann in seiner marmorn-schönen
1723 2331 3162 2400 Meisternovelie „Der Tod in Venedig“ und Sil-Vara im Dreiakter
1717 2380 3171 2464 „Gefährliche Jahre“. Aus diesem schon ziemlich abgegriffenen
1709 2429 3170 2481 Stoff hat Schnitzler eine Erzählung herauskomponiert, die alle
1725 2475 3173 2539 Merkmale seiner tiefernsten, dichterisch und technisch nun völlig
1721 2545 3171 2594 gereiften Kunst an sich trägt. Ohne zu dozieren oder einen Stand¬
1724 2575 3176 2647 punkt zu vertreten, läßt er die Wechselwirkung von Körperlichem
1717 2629 3171 2690 und Seelischem lediglich duren den Gang der Ereignisse zu uns
1718 2677 3177 2736 sprechen und zeigt uns die heftigen Erschütterungen, die dem
1729 2731 3170 2791 nahenden Alter vorangehen, alles in schlichtester Form und edler
1715 2770 3160 2826 Plastik, überhaucht von der resignierten Melancholie frühherbst¬
1728 2823 3171 2878 licher Tage. So ist es ein Lebens- und Bekenntnisbuch geworden,
1729 2872 3174 2944 ein Werk voll Weisheit und verstehender Güte, eine Gabe für
1720 2919 3192 2999 Menzehen, die begreifen gelernt haben, daß Leben und Sterben, Lust
1733 2968 3168 3035 und Sehmerz ein sich gegenseitig Bedingendes sind, und daß
1725 3013 3173 3082 Wise ist du verzichten, wenn die Natur mit mahnendem Fingerzzu
1741 3072 2687 3155 den Pforten des ewig Rätselvollen hinweist.
2792 3084 3139 3185 s. o. Falgbr.
