3436 4256
286 368 856 464 Drei neue Erzählungen.
365 436 1134 535 Drei Werke aus dem Verlage S. Fischer
276 471 1133 602 in Berlin. Sie fliehen alle aus dem Kriege
378 550 1121 643 Otto Hödel: Flatternde Fahnen. Tagebuchblätter
287 577 1105 692 aus der Zeit des größten Krieges. Graz 1917. Hippolyt
290 628 422 679 Böhm.
327 655 1114 765 ** Robert Müller: Europäische Wege. S. Fischer, 1917.
1308 48 2005 139 Sesensed dereene
1154 98 1995 194 vager Jugendschwärmerei in wüste Sinnlich¬
1151 131 1995 237 keit, im Spiele zerrinnt ihm das große Ver¬
1157 177 2005 284 mögen, er muß zur Pistole greifen; Anna
1151 229 1991 310 sucht das Haus, an dem sie mit allen Fa¬
1151 268 2000 362 sern ihres Herzens hängt, zu halten, ihre
1144 309 1991 410 Heirat mit einem Adeligen aber zwingt sie,
1140 356 1996 450 um dessen Stammschloß zu retten, das
1143 400 1989 481 furchtbare Opfer zu bringen, es preiszu¬
1136 447 1989 537 geben, aber gerade, wie sie sich blutenden
1130 481 1993 574 Herzens von ihrer geliebten Vergangenheit
1137 524 1977 629 losreißt, stirbt ihr der Gatte, Mit ihren bei¬
1131 575 1981 671 den Söhnen zieht sie als Herrin in das alte
1132 617 1981 716 Rittergut, aus dem vielleicht ein neues,
1135 660 1988 761 glückliches Geschlecht hervorgehen wird.
1134 705 1957 811 Tiefe, unsentimentale Melancholie, wie aus
1965 706 2156 790 lundschau.
2038 843 2888 925 geschiedene, die ihn aus seinen ihm lieben
1187 850 2025 935 Zigeunerweisen, zieht durch das ganze echt
2034 917 2890 976 Gewohnheiten durch ihre schreckliche Tat
1178 915 2036 972 tragische Werk, das ein Klagelied um die
2031 968 2890 1013 gebracht. Da naht ihm ein spätes Glück in
1188 964 2024 1019 Vergänglichkeit der Menschen und Dinge
2039 1005 2887 1064 Gestalt eines jungen Mädchens, das er zu¬
1192 1000 2023 1064 anstimmt. Noch greifen manche Verzahnun¬
2046 1041 2890 1100 fällig in dem Orte, wo er nach der Bade¬
1181 1051 2031 1100 gen zwischen Geschichte und Erfindung nicht
1179 1091 2027 1156 recht ineinander, Sprünge werden notwen¬
2040 1079 2886 1158 saison im Süden den Winter verbringt,
2038 1134 2873 1184 kennen lernt. Es braucht nur einen Ent¬
1192 1139 2031 1187 dig, die nicht überbrückt erscheinen, die
1177 1178 2037 1233 Jugendgeschichte der Kinder nimmt einen
2043 1175 2878 1238 schluß, zumal wo sie sich ihm, der feige und
2045 1222 2872 1269 kleinlich immer zögert, mißtraut und be¬
1179 1212 2024 1279 unverhältnismäßig breiten Raum ein. Aber
2045 1265 2890 1322 denkt, in einem langen Briefe, der an und
1187 1262 2039 1327 bewundernswert ist die abgemessene Ruhe
2044 1306 2880 1369 für sich wieder ein Kabinettstück epistolarer
1190 1317 2030 1364 der Darstellung, die durchleuchtende Wärme
2034 1352 2882 1422 Kunst ist, anbietet: „Ich habe nichts da¬
1180 1362 2026 1415 feiner Empfindung, die konsequente Beob¬
2044 1398 2878 1453 gegen, gar nichts, falls Sie mich etwa
1179 1398 2022 1462 achtung dieser Menschen, die nebeneinander
2043 1436 2889 1504 fragen sollten, ob ich Ihre Frau werden
1187 1441 2032 1486 hergehen, ohne sich zu kennen, weil sie eine
2048 1483 2885 1540 möchte“, setzt sie tapfer ein. Aber er er¬
1180 1488 2034 1536 Maske tragen, die sie nicht lüften. Das
2043 1524 2884 1590 schrickt über ihre Bestimmtheit, über die
1181 1525 2033 1580 Buch entbehrt jeden nationalen Charakters,
2044 1580 2882 1625 scharfe Charakteristik, die sie von seiner
1193 1573 2037 1634 es könnte ebensogut ein deutsches Werk sein,
2033 1613 2881 1679 ganzen Persönlichkeit mit ihren Fehlern
1182 1619 2030 1679 wie es sich auch an den besten deutschen Er¬
2037 1662 2891 1715 entwirft; obwohl er fühlt, daß es vielleicht
1181 1658 2025 1720 zählern der Gegenwart geschult hat. Jeden¬
2042 1705 2889 1763 das Richtige wäre, zuzugreifen mit beiden
1190 1703 2028 1775 falls die Probe eines durchaus nicht alltäg¬
1190 1745 1509 1802 lichen Talents.
2041 1745 2891 1817 Händen, hat er zu viel Angst vor den Un¬
1275 1764 2028 1853 Arthur Schnitzler ist nicht mit in den
2034 1795 2884 1850 bequemlichkeiten, die ihm die notwendige
2050 1833 2889 1900 Achtsamkeit vor diesen klugen Augen auf¬
1180 1837 2019 1897 Krieg-gezogen#ehanichtplötzlich wie
2049 1878 2886 1950 erlegen würde, er ergreift lieber die Flucht
1184 1881 2026 1945 viele seiner literarischen Kollegen ein „Bar¬
2045 1926 2888 1972 in seine Vaterstadt und macht noch eine
1193 1917 2028 1985 dengebrüll“ wie Goethe sagt, angestimmt
1185 1976 2031 2029 oder mit nie geschauten Bildern aus dem
2039 1962 2889 2018 letzte Sinnesliebe mit einem kleinen Mädel
1192 2007 2027 2078 Feld= und Kampfleben, mit dröhnenden
2044 2007 2880 2078 durch, das ihm ihren Körper ohne weiteren
1192 2053 2038 2118 deutschen Phrasen auf den Beifall der
2045 2054 2889 2119 Rückhalt schenkt. Schon ist er daran, aus
2043 2109 2880 2156 Trotz, dem hochmütigen kritischen Wesen da
1183 2100 2035 2159 Masse spekuliert. Wer einmal fünfzig Jahre
2041 2134 2891 2206 zu zeigen, daß er kein Pedant oder Phi¬
1182 2144 2026 2206 geworden, läßt sich nicht mehr umformen und
1197 2186 2032 2256 wenn er sich in die Tracht heranwachsender
2033 2186 2885 2258 lister sei — der Vorwurf, der ihn gerade
2040 2237 2890 2292 wegen seiner Wahrheit am meisten verletzt
1191 2229 2024 2286 Jugend wirft, erscheint er gar manchem
1190 2282 2027 2330 wohl mehr lächerlich als bewundernswert.
2046 2274 2877 2331 hat — und das liebe Ding zu heiraten, da
1186 2323 2024 2372 Wer wird vom Palmbaum Orangen ver¬
2044 2319 2879 2384 stirbt sie an Scharlach, den er ihr vom Bette
1187 2364 2032 2425 langen? Ich begreife diese seine vornehme
2031 2367 2888 2424 eines kranken Kindes hinweg zugetragen,
1189 2415 2034 2462 Haltung, die ihn als Schriftsteller wie als
2047 2420 2891 2477 gerade, nachdem ihm die versuchte Rückkehr
1182 2463 2025 2508 Menschen immer ausgezeichnet hat, voll¬
2036 2456 2888 2500 zur ersten Geliebten völlig mißglückt ist.
1187 2499 2031 2555 kommen, wenn auch vielleicht ein leises Be¬
2032 2489 2894 2549 So hat er beide verloren und wird leicht
2045 2543 2876 2600 eine Beute der Mutter seiner kleinen Pa¬
1183 2542 2026 2598 dauern, daß er seinen Stoffkreis so wenig
2033 2587 2888 2634 tientin, an deren Seite er als Ehemann und
2044 2626 2892 2691 Stiefoater wieder zu seiner Praxis auf der
1179 2630 2032 2676 vor diesem neuen Kunstwerke — denn dieses
2044 2675 2890 2739 Südseeinsel zurückkehrt. Es ist ein recht er¬
1197 2674 2018 2739 Prädikat verdient der „Doktor Gräsler“
1192 2713 2023 2779 im vollsten Ausmaße — einstellen mag.
2031 2719 2883 2776 bärmlicher, haltloser Mensch, den Schnitzler
1182 2763 2020 2827 Immer stärker wird in dem Dichter die
2032 2767 2887 2825 hier zwischen drei Frauen, deren eine die
1182 2803 2026 2869 Annäherung an den alternden Goethe, und
2032 2797 2890 2858 geistige, die andere die sinnliche, die dritte
2032 2852 2888 2898 eine Art ausgleichende, lauwarme Liebe re¬
1190 2847 2038 2910 was in seinem letzten Buche „Frau Beate
1182 2891 2026 2948 und ihr Sohn“ manchmal allzu absichtlich
2040 2891 2879 2950 präsentiert, hindurchführt. Mans mag da
2043 2938 2881 2997 wohl manchmal an Wilhelm Meister und
1179 2939 2025 2982 und gesucht berührte, die Nachahmung
2031 2981 2890 3036 Therese, Philine, Makarie denken. Ohne
1181 2984 2021 3046 Goetheschen Altersstils, ist hier zu voller,
2035 3022 2887 3073 jede persönliche Anteilnahme hat Schnitzler
1179 3020 2029 3077 reiner Harmonie geworden. Ich habe lange
2039 3069 2894 3123 diese Figur meisterlich zergliedert, es ist ein
1193 3068 2039 3122 kein so wundervolles, in jedem Satzteile
2038 3115 2882 3172 mitleidloses Buch, bei dem es den Leser
1178 3103 2039 3176 durchgegliedertes Deutsch gelesen wie in
1191 3156 2024 3211 diesem Buche, das ein Zeugnis von sprach¬
2032 3155 2878 3220 zuweilen fröstelt. Diese Anatomierung ist
2041 3202 2889 3263 ihm Selbstzweck und er will gar nicht
1191 3196 2030 3265 licher Meisterschaft ohnegleichen bildet. Es
2046 3243 2877 3297 Sympathien für seinen so fragwürdigen Hel¬
1191 3240 2029 3311 stellt sich schon inhaltlich an die Seite des
1191 3290 2022 3352 „Mann von fünfzig Jahren". Ein recht
2040 3292 2880 3334 den erwecken. Wer Wärme für ihn von
2039 3331 2889 3396 seinem Darsteller fordert, begehrt etwas, was
1177 3333 2031 3381 philiströser alter Junggeselle verliert durch
1181 3381 2023 3436 einen rätselhaften Selbstmord seine ihm das
2043 3376 2895 3431 gar nicht in des Dichters künstlerischen In¬
1179 3420 2027 3479 Haus besorgende Schwester und sieht sich
2040 3413 2899 3484 tentionen lag. Das mag wohl mancher be¬
1188 3466 2896 3530 plötzlich allein, voll Groll gegen die Hin= dauern — aber von der Kunst, mit der
1394 3516 1681 3638 0
1242 3613 1725 3714 CG
1429 3732 1566 3896 7
1540 3725 1908 3903 0
