3484 4224
-8 2129 48 2179 1
271 133 779 225 29. Doktor
1133 141 1185 216 21
858 141 1102 215 raes1
1268 133 1626 216 Badearz
1813 137 2217 230 box 4/9
497 155 1687 259 GAF Leuuat
2333 1066 2509 1143 S  S
2721 1084 2771 1150 —
174 1130 1928 1183 ser Umstand wie auch die kon¬ Ingenieurswitwe ähnlich, mit der der ganz junge Doktor
1940 1137 3131 1200 darauf zu warten, daß sich Ihnen jemand so recht von
171 1173 768 1228 esitzer des Sanatoriums, mit
771 1168 1939 1242 Gräsler einmal auf der Rückfahrt von Rio de Janeiro
1936 1171 2319 1244 Herzen anschließt.
2352 1184 3115 1251 Mit anderen Worten: Dem Doktor
779 1211 1939 1285 ein flüchtiges Abenteuer gehabt hat. Ist das genug:
173 1214 764 1285 ht, auf seine Depeschen nicht
1931 1226 3106 1290 Gräsler fehlt eine tiefere Beziehung zu den Menschen und
770 1260 1932 1320 Offenbar. Denn wenngleich der Zufall bei ihrer Ver¬
165 1261 769 1330 ggend auf die Rückreise des
1940 1276 3115 1338 auch zu sich selbst. Darum taumelt er von einer Liebschaft
167 1310 776 1380 Badeort. Nachdem er sich von
774 1316 1927 1380 bindung eine namhafte Rolle spielt, so ist doch Frau
1942 1318 3105 1384 in die andere und glaubt, sich dabei die Freiheit der Ent¬
767 1358 1937 1412 Sommer augenscheinlich auch sein „Typ“, wie die alten
168 1355 770 1430 emacht, steht er vierzehn Tage
1943 1359 3118 1435 schließung wahren zu können. Er möchte mit dem Leben
769 1413 1937 1474 Damen von Lanzarote sagen werden, wenn sie, auf
178 1413 767 1475 r Sabine und wird kühl auf¬
1945 1420 3112 1474 „packeln, wie die Kartenspieler sagen; aber das Leben
169 1454 761 1519 lunge Mädchen ist verletzt, un¬
779 1451 1934 1502 einer Bank in der Sonne sizend, den Fall des jung¬
1941 1465 3108 1522 ist stärker und schlägt ihm das Spiel aus der Hand. Doktor
173 1499 764 1570 bräsler, der sich seinerseits ge¬
762 1494 1930 1563 verheirateten, wenn auch nicht mehr jungen Doktor Gräsler
1946 1509 3117 1575 Gräsler verliert schließlich die Partie nach jeder Richtung
179 1542 763 1613 flötzlich wieder, Katharina zu
769 1546 1936 1610 erörtern werden. Und sie werden mit dieser landläufigen
1950 1551 3113 1620 hin, denn zugleich mit Sabinens Liebe geht er auch des
171 1590 770 1666 erundzwanzig Stunden vorher
776 1596 1844 1655 Erklärung den Nagel ungefähr auf den Kopf treffen.
1950 1604 3097 1653 Sanatoriums verlustig, das der Besitzer im letzten Augen¬
176 1639 763 1695 Schicksal Sabine heiße. So
845 1636 1937 1702 Der Wert von Schnitzlers neuer Erzählung ist der
1938 1648 3116 1694 blicke selbst behält, während der unentschlossene Bewerber
771 1686 1928 1738 einer ungemein fein und subtil durchgeführten Charakter¬
164 1696 768 1751 dt zurück, um Katharina, von
1949 1695 3104 1751 sein Lebtag bleiben wird, was er nicht durch Zufall ge¬
181 1738 760 1788 t verabschiedet hat, wieder wie
775 1732 1935 1798 studie. Wir lernen einen Mann zwischen zwei Altern
1935 1744 3103 1798 worden ist: Badearzt in Lanzarote. In der Art, wie hier
171 1781 762 1847 schäft, in dem sie angestellt ist,
764 1786 1921 1850 kennen, der, auf dem Punkte angelangt, wo die Jugend
1946 1788 3103 1846 ein Schicksal aus einem. Charakter entwickelt wird und die
184 1824 761 1895 Welt beweisen, daß er kein
760 1825 1930 1897 Abschied zu nehmen droht, sein ganzes Liebesleben in
1944 1842 3117 1911 tieferen Zusammenhänge entschleiert werden, die eins mit
173 1880 757 1933 beis mißlingt. Die Geliebte ist
761 1878 1923 1934 merkwürdig zusammengedrängter Form noch einmal durch¬
1942 1882 3113 1952 dem anderen verknüpfen, wirkt Schnitzlers neue Erzählung
171 1922 762 1988 nd da er sie, eigensinnig auf
1936 1926 2294 2003 wahrhaft sittlich.
760 1916 1937 1982 läuft, nicht anders, als man etwa in seiner Todesstunde
179 1966 758 2034 Hause ihrer Eltern aufsucht,
767 1974 1934 2030 noch einmal sein ganzes Dasein überblickt. Dieses Liebes¬
2028 1949 3107 2031 Sie wird freilich auch Lesern begegnen, die finden
178 2022 761 2082 a hat den Scharlach, den er
1947 2011 3105 2093 werden, daß der Doktor Gräsler kein so bedeutender Mensch
765 2019 1927 2069 leben aber steht im Zusammenhange mit dem Charakter
182 2057 768 2142 nbedingt sicher, selbst auf sie
757 2064 1925 2138 des eigentümlichen Menschen, in den wir da hineinblicken,
1939 2069 3111 2128 ist, um so weitläufig erklärt zu werden, und daß seinen
769 2121 1926 2179 wie es anderseits auch seinen Weg als Arzt bestimmt. Doktor
1941 2117 3104 2175 Liebesgeschichten keine allzu große Wichtigkeit in unserer
763 2167 1931 2225 Gräsler ist ein Oberflächlicher in der Liebe, einer, der eben
1938 2164 3103 2219 aufgeregten Gegenwart zukommt. Aber von beiden Vor¬
199 2151 758 2223 der neuen Schnitzlerschen
764 2205 1939 2270 nur so von außen um die Liebe herumreist wie um die
1933 2204 3101 2261 würsen wird man Schnitzter freisprechen müssen. Der Bade¬
194 2210 765 2279 den Ausdruck Paul Heyses
1950 2255 3095 2323 arzt Doktor Gräsler mag ein unbedeutender Mensch sein,
778 2256 1938 2307 fremden Erdteile, die er in seiner Jugend berührt, aber kaum
177 2250 761 2319 e.“ Von hier angefangen
763 2306 1923 2367 betreten hat, und der folgerichtig irgendwo ans Land geht,
1941 2300 3098 2373 sein Fall wird bedeutend, weil ihn ein Dichter dichterisch
186 2298 768 2375 die gemächlich anhebt, sehr
767 2352 1927 2400 wo er gar nicht landen wollte. Darum, weil er unstet und
1933 2367 3106 2415 erklärt. Und was die Liebe anbetrifft, so spielt sie, wie
169 2346 763 2411 Ende zu. Katharina stirbt,
770 2392 1935 2470 schwerpunktlos ist, leidet er auch an einem gewissen „Mangel
1940 2395 3107 2449 mannigfache Erfahrungen lehren, ihre Rolle im Leben
162 2401 771 2462 en von Gewissensqualen ge¬
774 2444 1932 2495 an Selbstvertrauen, wie Sabine in dem Briefe, den sie ihm
1935 2439 3108 2495 weiter. Schnitzler kann sich immerhin darauf berufen, daß
179 2442 768 2513 kein Monat um, und schon
1929 2494 3099 2553 das menschliche Herz, mit dem er es als Dichter allein zu
781 2487 1931 2552 schreibt, und der, für sich allein betrachtet, ein kleines dichte¬
162 2486 767 2546 dem Süden, nach Lanzarote.
1931 2539 3111 2600 tun hat, sich in den drei ersten Jahren dieses Krieges nicht
770 2540 1938 2614 risches Meisterstück ist, sehr richtig bemerkt. „Und ich
162 2542 762 2607 ssie schmunzelnd; er hat also
769 2595 1926 2646 glaube,“ fügt sie hinzu: „es kommt daher, daß Sie noch
1930 2585 3108 2646 geändert hat, Es wird sich auch in den nächsten drei Jahren
167 2594 756 2665 behalten? Jedenfalls anders,
171 2634 2224 2695 ebrigens sieht Frau Sommer, nirgends Wurzel gefaßt und weil Sie sich doch eigentlichnicht ändera.
2286 2650 3083 2763 Raoul Auernheimen..
173 2675 1965 2764 deutet wird, einer jungen Ihr ganzes Leben noch gar nicht Zeit genommen haben,!
