3484 4256
829 150 1063 234 raes
1262 155 1667 233 Badearzt
266 158 772 250 29. Doktor
477 177 1667 262 . Antentertentenen e enechenen I. S I. H. en ene enenenenenten ke 1
576 422 1403 579 warn Mänbunger Nachrichten
912 528 1225 628 Hamburg.
1358 738 1703 822 Nachbruck verboten.
703 736 1425 916 S deutsche Erzähler.
797 905 1468 996 Von fritz Ph. Baader, Hamburg.
1074 980 1161 1035 II.*
634 1024 1729 1112 „Der Fall Deruga“, Roman von Ricarda Huch.
715 1078 1164 1147 Ullstein u. Co., Berlin.
630 1118 857 1189 „Dokt#r
856 1126 1408 1194 Gräsler, Badearzt“
1405 1127 1726 1215 Erzählung von
730 1169 1541 1240 Arthur Schnitzler. S. Fischer. Berlin.
624 1206 1735 1290 „Himmelfahrt", Roman von Hermann Bahr.
710 1261 1072 1334 S. Fischer, Berlin.
603 1320 1731 1402 Kicarda Huchs jüngstes Buch mag manchen Verehrer
508 1364 1739 1446 ihrer Kunst zunächst etwas befremden. Ein Kriminalroman.
514 1416 1730 1497 Das Forum des modernen Gerichtssaales füllt sich mit den
510 1475 1725 1526 Hyänen der Neugier. Schon der Titel „Der Fall
507 1528 1739 1580 Deruga“ erweckt die Vorstellung des üblichen Apparates
518 1557 1723 1628 von Spannung und Entsagung, in Bewegung gesetzt auf eine
511 1613 1727 1670 herkömmliche Art, und man hat das Gefühl, als suche ein
504 1651 1724 1716 Dichter mit den Machern zu einem Wettkampf anzutreten, an
502 1704 1743 1759 dessen richtiger handwerklicher Meisterschaft es ihm gebreche.
513 1737 1725 1793 Der „Fall“ selbst, seine Erfindung, die Verhüllung des Rät¬
511 1791 1723 1837 sels, die Mittel der endlichen Lösung bewegen sich durchaus
507 1824 1732 1896 im Gewöhnlichen. Dabei widerstreitet die Sorglosigkeis,
514 1877 1732 1938 mit der die natürliche Möglichkeit solch einer Gerichtsverhand¬
513 1926 1725 1970 lung gehandhabt wird, in einer Reihe von Einzelheiten dem
502 1960 1726 2034 auch Laienverständnis bekannten Brauch, von zahlreichen
500 2015 1727 2062 juristischen Bedenken, die sich geltend machen ließen, nicht zu
512 2059 1724 2113 reden. Man wird dann freilich bald gewahr, wie sich auch hier
514 2100 1726 2166 ein Geist, dem es überall auf die Enthüllung des menschlichen
502 2147 1726 2208 Herzens, und mit besonderer Vorliebe des irrenden, ankommt,
510 2191 1725 2253 nur eine neue Variante des psychologischen Spieles aneig¬
516 2232 1732 2289 nete, weil sich so ein Geheimnis, das dem Wesen seines
508 2282 1721 2331 Trägers nach ohne Zwang sich nie enthüllen sollte, in seiner
499 2331 1723 2389 Menschlichkeit und Rätselhaftigkeit zwangloser offenbaren
509 2371 1721 2434 mochte. Immerhin gilt es, diesem Werk gerecht zu werden, von
506 2414 1721 2470 vornherein Klarheit darüber, daß es auch im Leben eines Künst¬
501 2463 1722 2508 lers, der sich selber mit den höchsten Maßen mißt, gewisser¬
497 2507 1721 2566 maßen gelegentliche Nebenstraßen der Erholung geben muß,
515 2545 1730 2596 die ein behaglicheres Schlendern gestatten. Wer das Schaffen
504 2595 1725 2646 Ricarda Huchs in seiner zeitlichen Folge nachprüft, wird
505 2639 1726 2705 immer wieder nach einigen Hauptwerken der großen epischen
507 2666 1719 2740 Kunst auf leichtere, darum in ihrer Art nicht minder zu
509 2720 1720 2777 wertende Gebilde stoßen. Romantische Märchen, humorvolle
504 2780 1723 2843 Schwänke, ein psychologisch reizvoller Kriminalfall. (Man
505 2820 1715 2865 denke an die Briefnovelle „Der letzte Sommer“.) Geistige
505 2848 1715 2925 Luftveränderung. Wer schärfer in dieses Werk hineinhorcht,
500 2912 1718 2971 wird den Stempel der Huchschen Wesenheit nicht verleugnen
514 2956 1726 3016 können, trotz der kleinen technischen Überraschung und Irre¬
514 2996 1716 3045 führung durch die plötzliche Vorliebe für die direkte Rede, die
505 3042 1716 3100 ihrer zurückhaltenden und ihre Gestalten stets erst durch das
509 3092 1712 3143 Wesen des Erzählers leitenden Art eigentlich fremd ist. Aber
501 3137 1706 3186 auch so kommt die gewählte Form dem Bestreben entgegen,
510 3177 1725 3240 das einmittelbare Erlebnis in seiner gewissermaßen schatten¬
503 3229 1715 3287 losen Härte dem Beschauer zu entrücken und den romantischen
499 3266 1720 3317 Schimmer der Verklärung in der Erinnerung ihrer kühlen und
499 3312 1712 3373 doch innigen Anteilnahme dienstbar zu machen. Angeklagt
509 3359 1725 3395 des Mordes an seiner Frau, von der er ein halbes Menschen¬
506 3407 1707 3459 alter getrennt lebte steht Dr. Deruga vor den Geschworenen.
503 3449 1722 3485 Motive der Habsucht nach einem beträchtlichen Vermögen,
511 3483 1724 3529 dessen Erbe der Begabte, doch allzeit Lässige durch den Todes¬
513 3528 1711 3595 fall wurde, trägt die Gegenpartei, eine Baronin Truschkowitz,
507 3578 1709 3640 Kusine der Getöteten, in den Kreis des Möglichen, ohne die
498 3617 1716 3682 eigene Gier nach dem Anspruch zu verbergen. Banalität des
505 3667 1716 3718 Handelns und Empfindens mischt sich in die mähliche Ent¬
498 3704 1716 3760 hüllung einer menschlich reinen Tat; denn sie geschah aus Mit¬
496 3753 1726 3805 leid mit einer Totkranken, auf den Wunsch einer immer noch
499 3801 1715 3853 Geliebten, die von der Qual letzter schmerzlicher Erfüllung
502 3837 1721 3909 Erlösung heischte. Je tiefer die Huch in die Geheimnisse
492 3881 1712 3950 dieser gegensätzlichen Zweimenschlichkeit, des geistvoll=kind¬
495 3947 1708 3995 lichen und südlich=leidenschaftlichen Italieners und der nordi¬
500 3990 1713 4036 schen Frau vordringt, die ihrer Natur nach eine Liebe fliehen
507 4024 1715 4074 muß, von der sie sich doch ihr Leben lang nicht befreien kann,
501 4070 1712 4130 um so reicher entfaltet sich auch wieder der Zauber ihrer
509 4113 1723 4166 Kunst, die Verworrenheit menschlicher Gefühle auch auf ihren
1809 150 2200 243 box 4/9
1755 705 2968 783 in irgend etwas nachgelassen, es sei denn, daß die
1761 769 2956 838 ewige Wiederholung an sich eine Abschwächung bedeute.
1759 802 1918 861 Aber
1944 813 2961 876 s will uns scheinen, als habe sich doch
1766 851 2962 912 hinsichtlich des Falles Schnitzler in unserer Auf¬
1759 905 2963 967 nahmefähigkeit eine gründliche Wandlung vollzogen, eine
1758 939 2961 996 Reaktion vielleicht mehr ethischer als ästhetischer Art. Dieser
1759 996 2959 1047 ganze Interessenkreis wurde uns unendlich klein und fern,
1769 1035 2953 1093 diese Weltauffassung allein unter dem Gesichtswinkel erotischer
1762 1072 2956 1149 Spielereien ist so außerhalb der Dinge, die wir heute wichtig
1759 1128 2963 1180 und wertvoll empfinden. Wir wenden uns schier unwillig aus
1759 1159 2955 1208 einem Dunstkreis, der vielleicht auch uns eine Zeitlang um¬
1760 1207 2959 1273 fangen hielt, und wir haben das Gefühl, einen weiten Weg
1760 1261 2955 1337 geschritten zu sein, während der Freund vergangener Tage
1765 1299 1974 1369 verharrte.
1841 1356 2958 1410 „Der Mensch hat viele Häute abzuwerfen, bis er seiner
1759 1414 2943 1463 selbst und der weltlichen Dinge nur einigermaßen sicher wird.“
1758 1459 2950 1520 Er würde vielleicht, so er den Satz heute noch einmal schriebe,
1762 1495 2956 1562 hinzufügen: und der himmlischen. Denn die weltlichen Dinge
1763 1545 2957 1607 genügen ihm nun nicht mehr, seit er, Hermann Bahr, der
1753 1585 2960 1651 ewig Wandelbare, der „niemals derselbe und . . . immer der¬
1756 1638 2951 1699 selbe“, zum Staunen und zur Berühigung mancher früheren
1761 1679 2947 1730 Freunde seine letzte Sensation fand: die Rückkehr zum Katho¬
1748 1713 2956 1793 lizismus. Man hat dieser letzten Station des Bahrschen
1758 1769 2952 1827 Erdenwandels, die sich in dem Roman „Himmelfahrt“
1756 1818 2955 1872 und dem Schauspiel „Die Stimme“ manifestierte, mißtraut,
1752 1860 2954 1917 und es war nicht ohne Reiz zu sehen, wie man gerade in den
1763 1896 2956 1963 Kreisen, die eigentlich über dieses späte Bekenntnis am meisten
1767 1944 2957 2003 sich hätten freuen müssen, den Reuigen nur mit der Miene des
1763 1989 2959 2048 Zweifels aufnahm. Nun, mittlerweile ist dem künstlerischen
1754 2032 2967 2092 Bekenntnis in nicht mißzuverstehender Weise manche wissen¬
1753 2081 2972 2160 schaftlich belegte Manifestation gefolgt; ja, man erzählt sich
1759 2124 2957 2172 von einem Hermann Bahr, der in weißer Kutte und mit
1746 2167 2969 2213 einem Strick um den Leib durch Salzburg wandle. Man
1751 2211 2959 2260 wird sich mit der Tatsache abfinden müssen. Ist sie denn so
1746 2259 2960 2321 verwunderlich? Bahrs ganze Laufbahn ist ein Raketenzug
1754 2305 2971 2369 der Sensationen. Der tiefste Kern seines Wesens ist dieses
1753 2350 2968 2417 Vorschmeckertum neuester Bedürfnisse. Stets war es eine
1749 2405 2972 2462 Bahrsche Eigenheit, das, was er für richtig und für den
1748 2433 2963 2499 Augenbüick notwendig erkannt hatte, nicht nur zu predigen,
1754 2484 2956 2531 vielmehr es gleich selbst zu tun, so gut oder schlecht es eben
1761 2531 2963 2580 gehen wollte. Die ungeheure Empfindsamkeit seines seelischen
1747 2583 2959 2635 Apparates hat nie versagt, wo Keimkräftiges in seinen ersten
1748 2613 2957 2680 Regungen sich zeigte. Er wurde zu einem internationalen
1746 2657 2974 2723 Menschen, aber er war auch in erster Linie ein österreichischer
1759 2709 2962 2772 Mensch, was ja gerade eine gewisse Neigung zum Gemischt¬
1754 2747 2957 2817 Nationalen voraussetzt. Der österreichische Mensch aber be¬
1745 2809 2957 2864 deutet den katholischen, mag er nun dogmatisch festgelegt oder
1744 2844 2959 2904 nur ein empfindsam schweifender Künstlermensch sein. Das
1748 2892 2959 2951 Weiche, Schwärmerische, Ekstatische, das in äußeren Formen
1756 2934 2960 2982 sich Gefallende, diese Begabung der Einfühlung in fremde Art,
1741 2987 2964 3038 die den Österreicher allen Schwierigkeiten zum Trotz zu einem
1743 3027 2958 3082 geschickten Kolonisator seiner vielgestaltigen Landschaften
1746 3069 2953 3122 macht, war immer in Bahr wie in einem besonderen Typus
1735 3104 2954 3154 vereinigt. Die leichte Fremdheit, der er stets bei nordischen
1745 3160 2959 3211 und damit protestantischen Menschen begegnet sein mag, hat
1755 3204 2957 3255 hierin ihre Ursache. Wer Mozartsche Musik liebt wie er, das
1745 3243 2954 3303 arabeske Barock der alten Stadt Salzburg sich wesens¬
1744 3293 2954 3346 verwandt empfand, ist einem Wesentlichen der katholischen
1745 3339 2958 3402 Welr verfallen, und von diesem Gefühl zum dogmatischen
1748 3377 2956 3417 Bekenntnis ist ein geringerer Schritt als dem Außenstehen¬
1747 3418 2955 3467 den erscheinen will. Und darüber wird keiner, der Augen hat,
1750 3468 2947 3528 im Zweifel sein, daß der Zug zum Katholischen in süd¬
1737 3504 2951 3555 deutschen Landen unter dem Einfluß des Weltkrieges, der so
1742 3551 2965 3623 manchen rationalistischen Geistesbau ins Wanken brachte, mit
1743 3606 2485 3679 neuer Lebhaftigkeit zu verspüren ist.
1815 3639 2956 3714 Der Roman ist eine weitere Folge in dem Zyklus, der
1747 3706 2951 3758 Heimatromane, deren ein Dutzend zu schreiben und darin alle
1746 3753 2956 3800 österreichischen Menschheitsprobleme darzustellen sich Bahr in
1740 3798 2958 3841 guter Stunde vorgenommen hatte. Er ist ein Roman des
1742 3846 2947 3886 österreichischen Hochadels, der österreichischen Landschaft, oder
1735 3885 2950 3937 vielmehr der salzburgischen, die der Autor ja besonders liebt.
1746 3936 2950 3994 Sympathisch ganz außerhalb der künstlerischen Bedeutung er¬
1748 3977 2954 4025 scheint der Umstand, daß bei aller tendenziösen Zuspitzung doch
1742 4018 2947 4073 die Freiheit des Bahrschen Geistes und sein Verständnis für
1745 4064 2950 4116 jegliche Art das Gleichgewicht der kämpfenden Welten nicht
1738 4112 2953 4159 von vornherein zu Ungunsten der einen Partei verrückt hat.
