3392 4192
1001 147 1121 215 ler
1221 140 1600 218 Badearzt
208 138 942 235 29. Doktor Grae
1768 136 2149 229 box 4/9
441 183 1619 260 an  K   en e ene d an. Gl un d un un un S eene en un n nn I. C —
1205 802 1343 901 194
1725 818 2088 908 Alfred Nathansky.
1210 905 2615 990 Vaters zu feinerer, dem Weiblichen zugewandter Sinnlichkeit destilliert ist, der
1200 982 2614 1035 Geisthaindl, in dem die Naturfreude des Alten zu pantheistisch angehauchtem
1204 1047 2616 1112 Gottsuchertum geworden ist, und der Kampfhaindl, den die grundsätzliche
1211 1096 2615 1163 Unzufriedenheit des Oesterreichers zum politischen Streiter, freilich aber, wie
1211 1164 2616 1218 wir schon alle Individualisten sind, zum General ohne Truppen gemacht
1218 1207 2610 1255 hat. Zum Kämpfer auf innerpolitischem Gebiet natürlich. Denn wann
1206 1260 2610 1314 hätte der richtige Oesterreicher einen Sinn für Außenpolitik gehabt? Das
1210 1315 2614 1371 ist die Sache des Ministers für Aeußeres, der dafür bezahlt wird, wir aber
1209 1366 2609 1443 zerfleischen uns lieber in wert= und zwecklosen inneren Kämpfen, deren
1213 1429 2618 1490 geringfügige ideelle Ziele der Außenstehende kaum unter dem Mikroskop
1217 1487 2610 1541 wahrnimmt, die uns aber unser bestes Mark kosten, als daß wir nach
1207 1529 2612 1599 außen eine einige Front bildeten, und daran hat auch der Krieg nichts ge¬
1208 1583 2610 1651 ändert. Das macht, wir lieben nur unser persönliches Steckenpferd und
1207 1634 2611 1688 darüber hinaus höchstens unsere Sprach= und Parteigenossen — und das
1211 1689 2614 1742 ist in dem vielsprachigen und sozial, kulturell wie religiös zerklüfteten Oesterreich
1207 1743 2614 1810 immer noch extremer Individualismus — gewiß aber nicht den Racker von
1209 1810 2620 1866 Staat, zu dem sich niemand bekennt als die gerade im Amt befindliche Re¬
1211 1862 2618 1921 gierung, die dazu verpflichtet ist, und auch die nur mit der wohltemperierten
1210 1918 2623 1975 Lauheit, die man hierlands dem eigentlichen Beruf entgegenzubringen pflegt.
1210 1964 2628 2027 Denn bei uns schreiben Ministerpräsidenten Theaterstücke, Finanzmänner
1208 2022 2617 2090 Romane, Schauspieler bildhauern, Fabrikanten spielen Theater, mit Talent,
1208 2071 2615 2145 gewiß, aber jenseits des Hauptberufs, als Dilettanten. Darum sitzen auch
1214 2121 2618 2188 so viele Dichter warm in unseren Ministerien — ich verweise nur auf
1205 2186 2611 2239 Max Burckhard, Max Morold, Richard Schaukal und Tadeusz Rittner aus
1217 2239 2623 2300 jüngster Zeit — und man kann ohne weiteres, wie es wiederholt geschehen
1214 2287 2623 2342 ist, einen Ministerialbeamten zum Burgtheaterdirektor machen, darum ist auch,
1216 2338 2609 2403 wie man gerade an Bartsch sehen kann, straffe Konzentration und Kompositio:
1214 2398 2619 2462 nicht die Sache unserer Dichter; Gedanken und Gefühle überwuchern die
1206 2447 2613 2513 Handlung, das zweite noch mehr als das erste, das Zerfließende unseres
1214 2503 2616 2573 Wesens spricht sich in unserer Politik wie in unserer Kunst, in unserem
1218 2569 2620 2627 Geschäftsleben wie in unserer Journalistik aus. Unsere Frauen sind da
1218 2610 2627 2667 anders, auf ihr Gebiet beschränkter, aber eben darum lebenstüchtiger. Frau
1217 2664 2619 2732 Haindl senior und die Gattin des Lebehaindl gehen in Küche und Haus¬
1226 2721 2617 2793 halt auf, die Tochter Marilene altert in unbeachteter, aber klagloser Geschäftig¬
1220 2777 2622 2837 keit, ohne einen Blick für die tausend Ueberflüssigkeiten zu haben, die die
1219 2826 2623 2883 Welt der Männer bilden. Und die zweite Schwiegertochter, das reizende
1221 2878 2623 2956 Geschöpf für die Sinne, das allenthalben in unseren Landen gedeiht, wie
1222 2938 2626 2998 weit ist die warmherzige, lebfrische Frau von der kaltschnäuzigen Weltdame
1219 2997 2621 3055 anderer Großstädte entfernt! Um eine solche Egeria können sich, wie es in
1216 3039 2627 3106 den „Zwölf aus der Steiermark"*), dem bekanntesten Buch von Bartsch,
1223 3106 2623 3173 geschieht, gleich ein Dutzend ehrlich strebender Glücksucher anbetend gruppieren.
1215 3151 2633 3217 ohne daß man sie darum als Weiberknechte verachten darf. Die lockere
1298 3261 1882 3349 *) 1908, Leipzig, L. Staackmann.
