3484 4256
1245 142 1654 227 Badearzt
832 139 1194 230 raesler
1801 143 2189 245 box 4/9
249 150 771 261 29. Doktor
458 171 1667 273 GS CATEE
780 910 1236 1008 Fazer Tagesp#nt
503 946 1226 1078 6-50118 Graz, Steierman
1619 1049 3285 1131 e Ban Ar W   A E
491 1064 571 1146 1
2642 1126 3345 1184 Von ganz anderer Art wie die beide
1515 1129 2567 1184 Ein Buch, das schon deshalb wunderbar klar gebaut
612 1139 1388 1242 Neue österreichische Erzähler.
2572 1168 3333 1236 ten Bücher ist Franz Nabls neueste
1525 1168 2583 1252 erscheint, weil es die ungleich strengeren musikalischen
2563 1214 3321 1291 Grab des Lebendigen“. Der
485 1200 1440 1295 Kritisch betrachtet von Dr. Otto Hödel.
1517 1226 2569 1288 Kompositionsgesetze zur Norm der dichterischen Kom¬
2567 1263 3331 1341 sich mit seinem Roman „Odhof“ mit
1514 1275 2560 1338 position gemacht hat. Es ist dies in der Literatur
783 1270 1229 1352 I. Friedensromane.
2574 1320 3329 1387 in die erste Reihe österreichischer Erzähl
1521 1326 2563 1396 gewiß ein erster Versuch, originell und fesselnd, deshalb
460 1299 1524 1387 Doktor Gracsler, Badearzt, Erzählung von
467 1364 1510 1421 Arthur Schnitzler (S. Fischer, Berlin.) — Sonn¬
2567 1363 3346 1440 nennt seine jüngste Schöpfung „eine #
1521 1375 2561 1427 natürlich zur Nachahmung kaum zu empfehlen. Die
460 1398 1512 1455 wend des Glücks, die Symphonie eines Lebens, Roman
2573 1408 3339 1484 kleinbürgerlichen Leben“. Dies ist ein
1512 1424 2573 1487 vier Abschnitte des Werkes heißen entsprechend den vier
457 1450 1520 1495 von Zdenko von Kraft (Bong u. Cie., Berlin). — Das
2576 1463 3333 1529 künstlerischen Feingefühls, denn die A##
1515 1468 2569 1528 Sätzen einer Symphonie Allegro (Buch der Kindheit),
450 1487 645 1539 Grab
731 1493 1516 1535 Lebendigen, Studie aus dem klein¬
2564 1519 3334 1577 mit der Nabl an seinen Stoff herang
1517 1519 2571 1586 Adagio (Buch des Leides), Scherzo (Buch der Reise)
452 1529 1519 1602 bürgerlichen Leben von Franz Nabl (Egon Fleischel u. Co.,
908 1554 1073 1636 Berlin).
2570 1572 3336 1620 durchaus eigen und hat mit den landl
1514 1574 2572 1635 und Final (Buch der Weisheit). Die Gestalten des
2571 1615 3332 1692 dichterischer Erzählungskunst fast nichts
543 1600 1525 1689 Der alte Satz, daß der Waffenlärm die Musen
1521 1620 2566 1687 Buches sind vier Musiker in verschiedenen Lebensberufen,
2578 1665 3341 1745 Buch ist alles eher denn eine Unterhalt
1513 1666 2565 1747 die sich zu gemeinsamen Quartettabenden zusammen¬
452 1666 1510 1726 schweigen heiße, hat seine Gültigkeit verloren. Je an¬
2568 1721 3323 1779 seine einzelnen Abschnitte gleichen in
1520 1727 2565 1787 finden; ihre Schicksale, die ihrer Kinder und Enkel,
454 1713 1521 1784 haltender und grausiger der Weltkrieg tobt, desto kräftiger
2565 1766 3332 1846 lichen Folgerichtigkeit eher einem strafrich
1518 1772 2567 1836 wachsen ineinander wie die Themen einer Symphonie,
462 1763 1510 1826 und üppiger gedeiht die Blume Poesie. Eine stattliche
2569 1817 3342 1876 bündel, als einem Romankapitel. De
1522 1825 2567 1884 erfahren ihre Modulation, Umkehrung, Umrankung und
457 1821 1514 1870 Reihe österreichischer Erzähler ist jüngst wieder mit Neu¬
2566 1859 3338 1935 seine Personen nicht handeln, er erzähl
1519 1872 2546 1936 sie verschwinden, wenn sie ihre Pflicht erfüllt haben —
453 1869 1517 1949 erscheinungen friedlichen und kriegerischen Inhaltes auf
2566 1911 3333 1990 besser ausgedrückt — berichtet von ihr
1517 1911 2572 1981 der Tod löscht allen den Schlag des Herzens. Dieses
461 1915 1516 1982 den Plan getreien. Artur Schnitzler schenkt seinen
2564 1965 3347 2040 und legt deren Motive und damit den
1513 1951 2580 2033 Sterben an Herzschlag bei allen Handelnden, mag wie
454 1970 1515 2024 Freunden mit seinem letzten Werke Doktor
2574 2012 3337 2074 Handelnden mit jener überzeugend schau
1521 2018 2573 2072 manch andere Duplizität des Geschehens dichterisch etwas
460 2019 1512 2090 Gracsler, Bad earzt, eine Erzählung, die einer¬
2561 2070 3343 2130 klar, die wir an Schnitzlers Buch ver
1514 2061 2563 2120 drückend empfunden werden, musikalisch jedoch sind Wie¬
459 2075 1522 2130 seits die charakteristischen Merkmale seines Schaffens,
2568 2112 3332 2187 Krafts Buch sogar als störend emp
1522 2120 2556 2180 derholungen von Themen gestatter. Der Hauptheld,
456 2124 1511 2178 die weiche Erotik und den melancholischen Unterton,
2568 2153 3338 2236 Das Grab des Lebendigen ist die Fam
1517 2169 2562 2236 dessen Hauptthema eine gesunde Lebensphilosophie ist,
456 2174 1520 2239 die greifbar plastische Milieuschilderung und zarte
2564 2219 3346 2281 verstorbenen Beamten, in der die ältestel
1516 2213 2565 2280 die ihn mit Gott, Mensch und Natur gut verkehren
455 2220 1519 2287 Stimmungsmalerei nicht vermissen läßt, anderseits
2570 2257 3332 2336 häßliche Tochter die Herrschaft über M
1522 2268 2567 2344 läßt, wird in diesem symphonischen Buche von der
459 2272 1517 2327 manchen Schnitzlerschen Feinheiten (der überzeugend
2574 2317 3332 2381 schwister erlangt und alle durch fortgese
1516 2319 2559 2383 Wiege bis zum Grabe geleitet, und wir leben dieses
455 2321 1516 2380 scharfen Pstchologie der Handelnden, der Einheitlichkeit
2572 2361 3342 2431 verletzende Sticheleien zwingt, jeden B#
1508 2355 2569 2437 Leben, das sich in der gottgesegneten Wachau zwischen
461 2373 1513 2433 und Folgerichtigkeit der dichterischen Komposition und
1517 2421 2569 2475 Dürrenstein und Krems abspielt, dank der prächtigen
2569 2406 3333 2493 Außenwelt zu vermeiden und nur sich
457 2422 1521 2496 nicht zuletzt der Tiefe des Problemes) fast völlig ent¬
2558 2452 3338 2539 Das treibende Motiv dieser Handlung
1523 2467 2569 2531 Schilderungskunst Krafts mit tiesem Mitgefühl selbst.
468 2465 1523 2540 behrt. Die ganze Erzählnig ist nach dem Ge¬
1517 2514 2563 2578 Das Buch ist eine Symphonie, eine österreichische Sym¬
2572 2507 3345 2584 etwa Neid und Mißgunst, sondern die
466 2503 1524 2594 setze der Rahmentechnik gearbeitet. Das mag manchem
2570 2559 3346 2637 werdende, dem Mädchen ganz unbewußte,
1522 2569 2558 2638 phonic, eine Bruckner=Symphonie, wie diese breit bis
459 2571 1514 2645 Leser das Gefühl der Befriedigung erwecken, aber ob
2574 2618 3332 2692 angehauchte Liebe zu dem eigenen Broder
1521 2619 2560 2678 zum Überschwang, farbig bis zum Makartblütenstrauß,
457 2613 1518 2687 damit eben ein künstlerisches Problem seine Lösung
1516 2663 2565 2742 heiter wie Österreichs blauer Himmel, aber gedämpft
2567 2662 3343 2729 lichen, verkrüppelten Menschen. Die Di
462 2675 1523 2745 gefunden habe, ist eine Frage, die man verneinen muß.
2567 2716 3331 2770 Themas und die notwendigerweise alle
1513 2721 2565 2788 im Schmerz, der nie zur heroischen Geste wird, von
535 2717 1513 2790 Derlei ungelöste Fragen gibt es in dem jüngsten
1526 2769 2562 2842 einer glänzenden Kontrapunktik philosophischer Gedanken
2572 2757 3345 2826 same Lösung des Provlems zeigen Nabl
462 2779 1511 2831 Roman Zdenko von Krafts nicht, Dieser Dichter hat
2570 2816 3340 2890 starkes Talent. Beeinträchtigend wirkt ei
1526 2815 2562 2881 (gottlos und doch fromm=gläubig), von süßer Lyrik
459 2821 1523 2891 mit seinem Erstlingswerk „Adagio consolante“ und
1525 2867 2568 2936 der Lebensmelodie erfüllt. Die Sprache Krafts ist eben¬
2570 2866 3285 2934 schweifigkeit in der Einzelmalerei, si
456 2866 1517 2923 seinem tiefen Bekenntnisbuch „Der Kreuzweg nach Bay¬
2572 2892 3342 2987 trotz der augenscheinlichen und =schödliche
1519 2914 2570 2981 falls Musik, und eben weil sie so schön ist, fällt der
457 2913 1512 2977 reuth“ bereits ein starkes Credo an die Musik gesprochen
2566 2964 3341 3030 nis des Verlegers, die die Lektüre zu kei
1526 2968 2574 3026 Gebrauch von zwecklosen Fremdwörtern gelegentlich
463 2967 1518 3036 und krönt es nun, nachdem er kürzlich einen nicht
1521 3012 3336 3100 doppelt störend auf, was angemerkt werden muß, ohne gestaltet, dennoch auf 576 stattliche eng
457 3029 1524 3090 gelungenen Ausflug ins Kriegsgebiet mit einem Helgo¬
456 3071 2911 3147 länderroman gemacht hat, mit der zweibändigen „Sym= in den Geruch eines läppischen Fremdwörterstechers von angewachsen ist.
462 3116 2480 3183 phonie eines Lebens“ Sonnwend des Glücks. der Art eines Eduard Engel kommen zu wollen.
459 3161 597 3232 ##n
776 3170 1061 3249 ##un ag. ###a
