3344 4320
226 286 1824 370 1. Die Frage an das Schicksal
602 1475 659 1524 —
655 1459 1667 1572 Ausschnitt ausnalen des gesammten
603 1518 697 1598 2
1076 1552 1124 1593 —
1082 1568 1214 1615 en en
910 1575 1275 1659 Ver
604 1589 847 1656 E vom:
1284 1641 1564 1724 H M 17
881 1673 1741 1801 SERLINER TAGBLATT
1072 1799 1143 1858 K
772 1878 1692 1986 Arthur Schnitzler=Abend
712 1967 1754 2039 im Theater in der Königgrätzerstraße.
672 2042 1848 2111 F. E. Wenn schon Sommerkunst sein soll, dann von der anmut¬
615 2104 1834 2150 reichen Art, wie dieser Abend sie brachte. Dann diese leichtgeklei¬
608 2140 1847 2191 deten Ideen, ein Nichts beinahe und dennoch Leben, müßiggänge¬
611 2182 1842 2221 risch und darum zuerst fremd in unserer harten Arbeitswelt, die
617 2216 1855 2277 aber so liebenswürdig getönt, so von Heiterkeit durchdrungen, so
610 2250 1858 2331 von Ironie gesättigt, so weltmännisch überlegen, so klug gesteigert
607 2311 734 2372 sind.
659 2335 1844 2413 Von den vier Einaktern, „Die Frage an das Schicksal“
617 2383 1844 2447 „Denksteine", „Abschiedssouper" und „Literatur“
615 2441 1844 2492 sind nur „Denksteine" in Berlin nicht gespielt worden. Es ist auch
610 2493 1847 2545 das schwächste der Stückchen, die alle um das Motiv Treue und Un¬
610 2513 1857 2582 treue und mehr um die Untreue als die Treue gaukeln. Hier hat
612 2572 1849 2612 selbst die Sprache des Dialogkünstlers Schnitzler einige Härten und
609 2614 1846 2667 Gemeinplätze. Die anderen drei sind uns wohlbekannt; ihre ersten
604 2652 1854 2698 Altersschäden sind kaum wahrnehmbar, im ganzen haben sie den
605 2703 1840 2751 Glanz reizvollster Kleinkunstwerke behalten. Und wenn man er¬
613 2736 1846 2785 mißt, wie Arthur Schnitzler sich von diesen Stücken, die zum Teil in
608 2785 1850 2839 seine Anfänge fallen, aufwärts entwickelt, sich geistig vertieft und
613 2830 1844 2878 technisch erweitert hat, so kann man nicht umhin, von neuem liebe¬
597 2851 1850 2920 voll jenes Theaterkulturkämpfers C. W. Gerst zu gedenken, der
596 2905 1853 2968 den Dichter den „gemeingefährlichsten der Volksvergifter“ ge¬
608 2952 835 3008 nannt hat.
658 2977 1853 3046 Vier Schauspieler tragen unter der Regie von Ernst
608 3036 1843 3082 Welisch den ganzen Abend: Eugen Burg, Alexander
599 3082 1840 3136 Ekert, Irene Triesch und Marie Orska. Burg.
604 3104 1823 3163 ein ausgezeichneter, nie versagender Lustspieldarsteller, ist
594 3157 1845 3213 dreimal Anatol, und einmal — in „Literatur“ — heißt er Clemens
603 3200 1840 3252 und ist damit in stärkerem Auftragen doch nur wieder Anatol. Er
603 3245 1850 3287 mag für den zärtlichen Jüngling ein wenig reif sein, aber auch
603 3284 1839 3333 sein Können hat die Gepflegtheit der Reife mit fein verteilten
605 3327 1838 3376 Wirkungen und der lässigen Würde, die man auch den Wiener Ton
601 3370 1850 3437 nennt. Herr Ekert gibt dreimal nur den Herrn, der den Haupt¬
602 3410 1839 3476 spielern das Stichwort zu bieten hat. Er macht das sehr schnitzle¬
610 3438 1846 3517 risch, mit ruhigem Lächeln und gemütlicher Spitzigkeit. In „Lite¬
596 3495 1841 3548 ratur“ ist er der struppige, geschwollene, kribbelige Poet: ein sehr
604 3537 1101 3608 amüsantes Menschenbild.
650 3597 1850 3660 Irene Triesch muß sich verstellen, wenn sie leichte
597 3626 1847 3695 Frauen spielen soll. Spätere Frauen Schnitzl#s, die aus einer
606 3676 1843 3725 satteren Psychologie erstehen als die bunten=Frimitiven Schmetter¬
604 3699 1855 3779 linge dieser Einakter, sind mehr für siegeschaffen. Sie hat, neben
1896 281 2346 369 box 34/5
1856 1845 3089 1906 ausgezeichneten Momenten, nicht die Courage, die den kleinen, aller¬
1851 1893 3092 1952 liebsten Kanaillen nottut. Aber Maria Orska, die hat davon,
1860 1939 3091 1991 was man braucht. Ihr Theatervollblut, durch Geschmack gedämpft,
1858 1984 3103 2033 durch große Lustigkeit ins Rollen gebracht, ist ganz und gar bei der
1852 2019 3089 2076 Sache. Sie gibt in der „Frage an das Schicksal“ die Tora und im
1850 2063 3100 2119 „Abschiedssouper“ jene unverwüstliche Annie, hie wir schon von so
1854 2092 3097 2160 vielen, von der Sorma, von der Niese und Jegar von Schauspiele¬
1859 2140 3096 2198 rinnen gesehen haben, die das Abschiedtfbuper von der Jugend
1870 2199 2436 2253 selber längst hinter sich hatten.
2411 2223 2602 2309 —
