3344 4320
343 106 1482 170 deni  en 1en ene en er e 1e . e
341 164 1529 217 die Geleitverse, die der junge Hofmannsthal ihnen einst als
342 196 1536 259 Loris gab, nicht ein Stück von unserem Leben, sind sie nicht
335 240 1542 291 Traum und leiser Rausch unserer frühen Nächte, jener
333 282 1541 346 Nächte, da Fliederduft durchs offene Fenster wehte und das
342 334 1533 387 Licht der Lampe warm und schmeichelnd über erste Verse
341 370 1527 436 glitt, die von ungeküßten Küssen. verwehten Klängen und
341 423 1531 478 süßschmerzlicher Entsagung schwärmten? Kleine Fetzen
330 468 1525 521 unseres Selbst, die wir — wie derselbe Loris damals wo¬
340 496 1531 556 anders sagte — für Puppenkleider gaben? Die Zeit war
341 552 1537 607 darüber hingegangen. Das Leben zerbrach die Komödie.
334 593 1546 655 und „unseres Fühlens Heut und Gestern“ wurde löchelnde
331 618 1532 694 und auch belächelte Vergangenheit. Aber wir trugen doch die
338 670 1545 736 Erinnerung in uns, eine zarte, innige Erinnerung,
332 731 1538 784 und behüteten sie ehrfürchtig wie einen kleinen Schatz,
327 755 1536 820 an dessen stillem Glanz, an dessen heimlichem Blinken
335 803 1540 858 wir uns von Zeit zu Zeit erfreuten. Nun sollte wieder Leben
329 843 1536 906 werden, was längst begraben, von der Bühne sollte zu uns
343 893 1531 951 herabklingen, ganz öffentlich, ganz laut, was als Flüster¬
336 936 1524 994 ruf nur noch manchmal in unser aufgeregtes Leben hinein¬
336 992 1539 1032 könte ... ja, warum nicht? Eine Atempause in der schweren
346 1028 1532 1072 Wirrsal dieser Zeiten, ein liebes Lächeln zwischen Qual und
339 1056 1536 1117 Not, eine Reminiszenz, vom Zufall schön hineingespiell in
332 1101 1527 1173 kurze Stunden zwischen Dämmerung und Nacht. Aller Er¬
335 1157 1539 1206 wartungen voll ging ich durch die abendliche Müdigkeit des
341 1205 1549 1245 duftgeschwellten Maitages zum Theater, mein Blut sang in
334 1234 1548 1286 weichen Walzertakten, Traum zuckte in mir und sprach von
1307 1275 1542 1333 und nun
329 1279 1246 1331 Veilchenduft und längst vergangenen Tagen
339 1327 1544 1386 doch die Enttäuschung! Man soll die Toten ruhen lassen ...
421 1363 1538 1422 Drei Szenen: „Die Frage an das Schicksal“, die „Denk¬
330 1418 1542 1471 steine" und das „Abschiedssouper“. Die Gestalt Anatols in
325 1466 1537 1514 allen drei — die Frauen wechseln. Cora — Emilie —
330 1502 1549 1550 Annie. Wiener Mädels, liebe Mädels. Aber Eugen Burg,
336 1535 1568 1601 ein gepflegter Herr, der sicher schon über die Dreißig hinweg
330 1593 1537 1643 ist und viel, o so viel erlebt hat, ist kein Anatol. Anatol, das
325 1633 1538 1682 ist ein junger Herr, schlank, rassig, müde, nicht vom Erleben
328 1669 1538 1727 sondern müde von Geburt, der Erwin Leopold Andriaus
335 1711 1548 1764 etwa, und vielleicht trug er das schwarze Haar in der Mitte
334 1753 1550 1812 gescheitelt, trug vielleicht auch ein Monokel. Nichts davon!
326 1814 1545 1847 Die frühreif=törichten Sentenzen Anatols klangen in
331 1839 1544 1894 seinem blasierten Munde mehr als unwahrscheinlich.
330 1895 1539 1951 Max, der Freund — er müßte wohl ähnlich sein. So, wie
332 1919 1545 1985 wir manchmal jungen Attachés begegnen... Alexander
337 1965 1540 2016 Ekert war ein dicklicher jovialer Herr, sehr gesund, sehr mit
328 2028 1539 2077 sich zufrieden, und wenn er nicht wienerisch gesprochen hätte.
333 2076 1536 2119 so hätte man wohl glauben mögen, daß er eher aus Berlin W.
333 2110 1541 2159 und von der Börse gewesen wäre. Wa war denn Paul O#to
333 2160 1544 2201 an diesem Abend? Und Cora, Emilie, Annie? Cora und
336 2199 1547 2245 Annie die Maria Orska. Nett und harmlos als erstere,
336 2238 1535 2287 wenn auch von Wien und Wiener Luft keine Spur; aber
327 2282 1542 2334 Annie hatte sich aus Wedekind peinlichst in Schnitzler hinein¬
332 2317 1539 2395 verirrt, und das Parfüm, das sie umwelte, stommte nicht
336 2377 1536 2418 von der Ringstraße, sondern gemahnte aufdringlich an
338 2410 1549 2458 K. d. W. und Tauentzienstraße. Das gefiel zwar dem
325 2452 1534 2504 Parterre wieder über alle Maßen, und das freole Spiel der
327 2503 1539 2547 Orska=Augen mag wieder — wie im „Erdgeist“ — tausend
332 2544 1541 2589 Begehrlichkeiten geweckt haben. Aber was der Lulu ziemit,
327 2583 1548 2634 frommt noch lange keiner Schnitzlerschen Annie, die für ein
333 2629 1538 2685 dürftiges Ideal Austern, Sekt und Sachertorte für innner
338 2664 1546 2735 opfert... Bleibt die Triesch. Eine glatte Peinlichkeit,
328 2717 1537 2769 unwahrscheinlich und quälend als Anatols Geliebte, die nach
334 2759 1549 2810 dem Dichter vor kurzer Zeit erst sechzehn Jahre war und on
338 2794 1535 2844 einem weichen, grünen Frühlingstag irgendwo im Wiener
341 2843 1546 2892 Walde einst zur Frau wurde, in Wirklichkeit aber diesen
340 2881 1545 2943 schönen Traum vor zwanzig Jahren geträumt haben mag:
328 2930 1551 2988 und unwahrscheinlich und quälend als Margarethe in der
335 2979 1541 3023 „Literatur“ wo sie nichts weiter war als eine hysterische
337 3007 1544 3084 Frau, die schreibt, wo andere leben, und Höhepunite des
340 3068 1545 3109 Spiels durch exaltiertes Schreien markiert. Nur die Sprache
326 3098 1552 3160 ließ hin und wieder an die Irene Triesch denken, die im
343 3155 1534 3211 „Traumspiel“ Indras Tochter war und an ihren Bibel
341 3187 1547 3244 abenden Tausende hinreißt. Wie um Himmels willen ist
338 3228 1546 3298 man nur auf den entsetzlichen Gedanken verfallen, sie
343 3282 901 3343 Schnitzler spielen zu lassen?
420 3315 1531 3371 Das Ganze zog schnell vorüber, ohne irgendwelchen Ein¬
335 3359 1538 3421 druck zu hinterlassen, verpuffte wie ein Feuerwerl. Traum
338 3410 1542 3462 durch die Dämmerung hätte es werden können — Theater
334 3453 1545 3504 wurde es. Ablösung für „Erdgeist“. Wo einmal Duft und
347 3502 1556 3551 Schmelz lächeln wollten, ließ die Regie Ernst Welischs,
346 3543 1530 3589 der Pietät allein schon hätte sagen müssen, daß man abge¬
344 3573 1552 3643 lebtes Fühlen richtiger auch in das Gewand dieser abge¬
335 3618 1543 3674 lebten Zeit gekleidet hätte, wodurch die Szenen wenigstens
359 3671 1548 3723 so etwas wie kulturhistorischen Reiz erhalten hätten, schnell
350 3717 1550 3764 krampfige Lustigkeit erklingen. Wir sahen Frivolitäten in
345 3744 1556 3809 modischer Aufmachung — die Orsta trug wieder das Neueste
356 3795 1551 3850 vom Neuen, und das üppige Mobiliar schien eben erst von
347 3838 1551 3888 Friedmann und Weber gekommen; aber von dem, was.
355 3873 1553 3945 einstmals unserer und vieler anderer Seelen leise Erschült##
366 3929 1394 3982 rung gewesen, spürten wir nichts. Ach gar nichts.
348 3984 1567 4030 wieder bleibt nur die Truhe der Erinnerung: sie ent#uscht
359 4019 1162 4085 nie. Auf Wiedersehen darum, Anatol!
960 4053 1517 4133 Ludwig/SteMaux.
1956 1417 2882 1533 Zeitung: National-Zeitung
1964 1555 2459 1656 Adresse: Berlin
2539 1638 2713 1725 A #
1948 1694 2180 1776 Datum:
2138 1771 2674 1872 Schnihler-Abend.
1945 1858 2900 1926 (Theater in der Königgrätzer Straße.)
1898 1922 3007 1983 Anatol geht durch den Weltkrieg wie ein Nachtwandler. Noch
1819 1975 3023 2024 immer anmüsant, doch merllich gealtert, zumal in der lässig=har.
1817 2011 3006 2071 manten Darstelliyig des Herrn Burg, der ihn, so wenig das
1815 2058 3014 2108 dem Dichter recht sein kann, notgedrungen ins moyen äge daré
1815 2082 3016 2157 versetzt. Ein Genioßer=Jüngling, bei dem man schon melierte
1822 2137 3016 2216 Schläfen vermütet, Noch, immer unterhält-er uns, als wären wir
1820 2192 3017 2243 dieselben geblieber, ön den unendlichen Wichtigkeiten seines
1823 2220 3020 2281 Lebeweltschmerzes. Noch immer streichelt er mit müßiggängeri¬
1833 2265 3022 2342 schem Behagen seine so liebevoll gezüchteten Gefühlchen und wagt
1818 2315 3022 2375 von den andern die große Leidenschaft zu fordern, damit sic die
1816 2372 3026 2412 schön geschlungene Null seiner Persönlichkeit mit heißer Glut um¬
1827 2404 3027 2460 fache. Wir freuen uns der niedlichen Foppereien, die dem in
1822 2445 3029 2501 seiner Einbildung so Erfahrenen aufgespart bleiben. Ob er „Die
1818 2486 3015 2551 Frage an das Schick al“ an das kindischeste Schicksal, das
1816 2537 3027 2590 je über eine Bühne getänzelt ist — nicht stellt (Frl. Orska machte
1826 2575 3027 2638 aus dem Wiener Mädel Cora ein dunkel=fremdäugiges,
1817 2629 3021 2679 pikomestes Medium) oder ob er die nur vor dem Juwelier kost¬
1812 2657 3015 2718 baren „Denksteine“ die Frau Triesch nicht zu retten ver¬
1817 2705 3014 2760 mochte, ebenso töricht wie brutal verschleudert. Aber wirklich
1815 2752 3019 2803 duldbar wird der Anakolismus nur, wenn er nicht nur einem
1814 2781 3024 2853 Lächeln, sondern einem herzhaften Lachen verfällt. „Das
1814 2841 3028 2899 Abschiedssouper“ ist ganz lebendig geblieben, und Maria
1821 2888 3028 2947 Orska erfüllte die lustige Szene mit einem prasselnden
1820 2920 3012 2983 Naketenfener elementarer Laune und drolligster Lebendigkeit.
1817 2973 3027 3031 Einen einigermaßen samgenden Abschluß brachte der kleine Spaß
1821 3016 3026 3080 „Literatur“ mit seinen witzigen Serpentinen durch den
1811 3060 3023 3110 papierenen Wald. Herr Burg gab dem distinguierten Trottel
1820 3111 3014 3161 Clemens herzgewinnende Natürlichkeit; Frau Triesch paro¬
1812 3142 3018 3207 dierte mit sicherem Geschmack den ziemlich dickgestrickten Blau¬
1811 3171 3028 3250 strumpf. und einen köstlich aufgeplusterten bajuvarischen Kaffee¬
1821 3236 3021 3304 hausliteraten stellte Herr Alexander Eckert hin, der in den
1819 3280 3023 3329 Anatolstückchen ein gar zu wohlgenährter Freund Max war. Eine
1818 3316 3021 3371 delikate Regie, die u. a. ein Chambre separé im zärtlich ver¬
1822 3350 3019 3437 spielten Stil der Wiener Werkstätten aufgebant hatte, sorgte für
1813 3406 2669 3496 ein wohltuendes Gleichmaß der Stimmung.
2444 3442 3003 3540 — Josef Adoif Bondts.
