3344 4320
1525 193 1624 251 KS
916 202 984 254 4 1
1039 191 1217 253 das
220 188 1045 285 1. Die Frage.
1186 190 1732 285 Schie.
791 931 1119 1029 g. 321.4977
442 1002 568 1048 vom:
716 1112 1523 1284 Gortagts Warto. Derlin
582 1265 1343 1416 Theater und Musik
526 1424 1432 1479 Theater in der Königgrätzer Straße
456 1477 1584 1542 Arthur Schnitzler=Abend: „Die Frage an das
381 1529 1597 1611 Schid
374 1572 1314 1649 ouper“. Spielleitung: Ernst Welisch.
458 1613 1577 1664 Nach Strindperg und Wedeknd jetzt zur Abwechslung Schnitz¬
379 1663 1576 1705 ler. Nach dem himmelstürmenden, selbstquälerischen Grühler und
375 1698 1585 1754 nach dem Zyniker der seine dekadente Skeptiker, der mit leiser
382 1732 1592 1810 Ironie des Lebens seltsam verschlungenes Sriel zeichnet. Es in
376 1795 1583 1862 lange her, daß die Angtol=Einalter, die wir gestern sahen, in Berlin
387 1837 1576 1884 gespielt sind, und noch länger ist es her, daß der fast un¬
380 1879 1584 1934 schnitzlerische, parobistische „Literatur“=Schwank über die Bühne
386 1924 1591 1981 ging. Wenn man dem letzten Stück, der Verulkung eines jetzt fast
383 1969 1590 2027 verklungenen Kaffeehaus=Literatentums diese parodistische Note bei
386 2012 1578 2060 der Aufführung #erstärkte, 6 tat man recht paran. Die iiterarische
371 2049 1578 2105 Brinnerung wurde damit gleichzeitig zu einem Halhstündchen unge¬
383 2103 1578 2156 Uüdter Heiterkeit. Aus dem unatol=Zyklus haue man „Die Frage
384 2141 1579 2198 in das Schicksal“, die „Denksteine“ und das prachtvalle „Abschiehs.
389 2181 1578 2245 duper“ ausgenählt. Sie verlangen viel sorgiamere Darstellung
389 2233 1576 2274 els die ziemlich harmlose „Literatur“. Es schwebt über ihnen ein
383 2247 1590 2338 eltsamer, freilich ungesunder und doch so reizvoller Duft eines
387 2298 1594 2383 müben, sehnsuchtsvollen Aesthetentums, der jeder darstellerischen
385 2360 854 2416 Vergröberung abbold ist.
464 2411 1592 2468 Diesen Ton hat die sonit feinsinnige Spielleitung Ernst
379 2446 1585 2497 Welischs nicht immer zu treffen und zu wahren gewußt. Schon
391 2492 1593 2555 daß man die drei Kleinigkeiten in einen allzu modernen, wenn auch
387 2547 1595 2603 von Svend Gades Künstlerauge gesehenen Rahmen spannte, statt
388 2578 1600 2637 ihm die kleine zeiliche Tistanz zu belassen, war ein Fehler. Auch
380 2631 1592 2687 die Spieler boten keinen echten Schnitzler. Eugen Buxg, der,
380 2685 1584 2735 wenn ich nicht sehr irre. vor Jahren einmal ein vorzüglicher Anaiol
382 2706 1595 2778 zewesen ist, het sich inzwischen leider auf einen ganz anderen
386 2753 1585 2803 Typ (siehe „Pertorene Tochter“!) eingeipielt. Er ist auch nicht der
392 2799 1600 2861 junge Angiol, der zarte, seine, schlauze, dekadente, wie ihn der
390 2842 1586 2888 Dichtee sich denkt. Und so gelang ihm nur restles die Karikatur
380 2882 1588 2949 des Sportarisokraten im jetten Stück. Aehnliches gilt von Alex¬
394 2929 1592 2997 ander Eiert. Auch sein Max, Anatols Gegenspieler, war viel
375 2981 1586 3038 zu gesund, zu dick, zu jovial; die Literaturtype Gilbert dagegen bat
391 3023 1596 3067 überaltigende Komit. Noch weyiger, so schmerzlich es zu sagen:
387 3068 1588 3122 ist, fanden sich die Damen Frau Triesch und Frl. Orsta
391 3103 1587 3169 in die Schnitziersche Tonart hinein. Die hypnotisierte Lorg der
385 3153 1591 3189 Orska mochte allenfalls befriedigen. Der wohl unsterblichen Annie
384 3188 1580 3244 des Abschiedssoupers fehlte aber nicht nur das Wienerische, sondern
372 3238 1585 3306 ser allem die urwüchsige Nuivität. Schnitzlers Annie ist das senti¬
384 3284 1582 3330 mentale Kind aus kleinsten Verhältnissen. Die Annie der Oröka;
393 3313 1589 3389 aber eine nicht allzu ertfernie Verwandte der Lulu. Frau
385 3359 1585 3423 Triesch, in dem Spiel von den boiden Exinnerungssteinen auch
394 3415 1607 3476 im Aeußeren wenig glücklich, war als Romanschreiberin Margret
378 3519 1593 3613 freilich recht interessant, wenn sie auch leider den ihr so gänzlich
387 3595 1585 3653 sehlenden Humor bisweilen durch groteste Uebertreibung zu er¬
372 3616 698 3701 setzen versuchte.
1216 3634 1587 3717 Dr. Kastyer.)
1894 175 2335 263 box 34/5
2256 360 2541 475 SE
2363 471 3070 581 Tägliche Bundschau, Barir
1936 494 2013 588 7
2048 477 2300 583 4041
1973 608 2898 724 Mus dem Kunstleben.
2007 742 2937 814 Theater in der Königgräßer Straße.
2186 792 2699 877 Artur=Schnitzlee=Abend.
1922 848 3046 923 Dieser Abend wak ein unholde Enttäuschung. Wenigstens
1843 888 3036 966 bis zur Pause. Denn der Schnitzlersche Einakter „Literatur",
1848 947 3034 1009 der nach der Pause sich den drei voraufgegangenen „Anatol“¬
1846 981 3055 1051 Szenen zusammenhanglos anreihte, konnte ja, hinlänglich
1842 1017 3052 1090 bekannt, keine werden. Denn wie er blutwenig von dem ent¬
1843 1065 3048 1148 hält, was den eigentlichen Reiz Schnitzlerscher Arbeiten aus¬
1847 1121 3063 1171 macht, das Leise nämlich, das Schwingende, den Wohllant
1851 1146 3052 1235 und den blassen Duft, ist er ein richtiger Reißer. Die
1861 1189 3059 1275 „Literatur“ hatte ebensogut — nun sagen wir einmal: Karl
1864 1233 3060 1317 Rößler schreiben können, und der gelentige Verfasser der
1871 1294 3063 1359 „Fünf Frankfurter“ hätte sich dabei nicht einmal besonders
1865 1320 3055 1400 anzustrengen brauchen. So tat er auch gestern seine Wir¬
1863 1359 3058 1446 kung, und da das ehrenwerte Publikum sich niemals besser
1870 1402 3060 1481 amüsiert, als wenn die Literatur ein bissel verspottet wird,
1872 1446 3070 1534 so amüsierte es sich denn auch bei dieser etwas wohlfeilen
1873 1514 2337 1578 Satire auf sie prächtig.
1943 1502 3061 1615 Aber „Anatol“! Was ist denn „Anatol“? Sind diese
1863 1571 3082 1650 Szenen, 1895 veröffentlicht, wundervoll geschmückt durch
1873 1623 3071 1704 die Geleitverse, die der junge Hofmannsthal ihnen einst als
1870 1666 3076 1743 Loris gab, nicht ein Stück von unserem Leben, sind sie nicht
1871 1701 3083 1780 Traum und leiser Rausch unserer frühen Nächte, jener
1880 1746 3078 1831 Nächte, da Fliederduft durchs offene Fenster wehte und das
1877 1788 3071 1881 Licht der Lampe warm und schmeichelnd über erste Verse
1877 1838 3075 1915 glitt, die von ungeküßten Küssen, verwehten Klängen und
1872 1872 3083 1967 füßschmerzlicher Entsagung schwärmten? Kleine Fetzen
1871 1923 3072 2009 unseres Selbst, die wir — wie derselbe Loris damals wo¬
1876 1964 3078 2045 anders sagte — für Puppenkleider gaben? Die Zeit war
1879 2013 3083 2097 darüber hingegangen. Das Leben zerbrach die Komödie,
1887 2045 3093 2141 und „unseres Fühlens Heut und Gestern“ wurde löchelnde
1883 2073 3095 2186 und auch belächelte Vergangenheit. Aber wir trugen doch die
1878 2140 3099 2223 Erinnerung in uns, eine zarte, innige Erinnerung,
1882 2183 3091 2273 und behüteten sie ehrfürchtig wie einen kleinen Schatz,
1882 2221 3088 2299 an dessen stillem Glanz, an dessen heimlichem Blinken
1884 2266 3091 2347 wir uns von Zeit zu Zeit erfreuten. Nun sollte wieder Leben
1886 2315 3088 2387 werden, was längst begraben, von der Bühne sollte zu uns
1894 2374 3101 2441 herabklingen, ganz öffentlich, ganz laut, was als Flüster¬
1890 2405 3091 2484 ruf nur noch manchmal in unser aufgeregtes Leben hinein¬
1902 2437 3103 2522 tönte ... ja, warum nicht? Eine Atempause in der schweren
1896 2489 3093 2561 Wirrsal dieser Zeiten, ein liebes Lächeln zwischen Qual und
1894 2526 3103 2609 Not, eine Reminiszenz, vom Zufall schön hineingespielt in
1889 2563 3090 2646 kurze Stunden zwischen Dämmerung und Nacht. Aller Er¬
1897 2612 3103 2693 wartungen voll ging ich durch die abendliche Müdigkeit des
1891 2656 3106 2735 duftgeschwellten Maitages zum Theater, mein Blut sang in
1896 2709 3101 2774 weichen Walzertakten, Traum zuckte in mir und sprach von
2887 2746 3112 2808 und nun
1903 2749 2887 2822 Veilchenduft und längst vergangenen Tagen ...
1898 2809 3113 2865 doch die Enttäuschung! Man soll die Toten ruhen lassen...
1982 2834 3098 2910 Drei Szenen: „Die Frage an das Schicksal“, die „Denk¬
1897 2864 3111 2965 steine“ und das „Abschiedssouner“. Die Gestalt Anatels in
1896 2923 3077 3006 allen drei — die Frauen wechseln. Cora — Emilie —
1903 2956 3104 3052 Annie. Wiener Mädels, liebe Mädels. Aber Eugen Burg,
1905 3023 3111 3096 ein gepflegter Herr, der sicher schon über die Dreißig hinweg
1900 3049 3109 3130 ist und viel, o so viel erlebt hat, ist kein Anatol. Anatol, das
1900 3068 3129 3175 ist ein junger Herr, schlank, rassig, müde, nicht vom Erleben?
1908 3133 3115 3235 sondern müde von Geburt, der Erwin Leopold Andriaus
1912 3180 3123 3265 etwa, und vielleicht trug er das schwarze Haar in der Mitte;
1910 3221 3117 3305 gescheitelt, trug vielleicht auch ein Monokel. Nichts davon!
1914 3264 3121 3347 Die frühreif=törichten Sentenzen Anatols klangen in
1916 3302 3120 3392 seinem blasierten Munde mehr als unwahrscheinlich.
1910 3350 3114 3437 Max, der Freund — er müßte wohl ähnlich sein. So, wie
1911 3389 3121 3476 wir manchmal jungen Attachés begegnen... Alexander
1907 3436 3127 3508 Ekert war ein dicklicher jovialer Herr, sehr gesund, sehr mit
1913 3493 3119 3556 sich zufrieden, und wenn er nicht wienerisch gesprochen hätte.
1916 3520 3127 3605 so hätte man wohl glauben mögen, daß er eher aus Berlin W.
1918 3566 3124 3646 und von der Börse gewesen wäre. Wo war denn Paul Ot#o
1912 3609 3120 3689 an diesem Abend? Und Coro, Emilie, Annie? Cora und
1917 3653 3126 3741 Annie die Maria Orska. Nett und harmlos als erstere,
1919 3694 3121 3774 wenn auch von Wien und Wiener Luft keine Spur; aber
1920 3733 3126 3834 Annie hatte sich aus Wedekind peinlichst in Schnitzler hinein¬
1917 3780 3128 3862 verirrt, und das Parfüm, das sie umwehte, stommte nicht
1923 3829 3115 3905 von der Ringstraße, sondern gemahnte aufdringlich an
2583 3870 3129 3929 Das gefiel zwar dem
1921 3887 2561 3951 K. d. W. und Tauentzienstraße.
1913 3909 3127 3994 Parterre wieder über alle Maßen, und das frevle Spiel der
1925 3968 3134 4037 Orska=Augen mag wieder — wie im „Erdgeist“ — tausend
1932 3999 3134 4079 Begehrlichkeiten geweckt haben. Aber was der Lulu ziemt,
1933 4032 3135 4123 frommt noch lange keiner Schnitzlerschen Annie, die für ein
1923 4082 3125 4170 dürftiges Ideal Austern, Sekt und Sachertorte für immer
2521 4123 3134 4185 sch. Eine glatte Peinlichkeit,
2337 4146 2462 4195 je Tr
