3344 4320
224 257 2356 348 1. Die Frage an das Schicksal box 34/5
275 1379 1086 1499 uung. Der Reichsbote
565 1484 961 1553 (Abend-Ausgabe)
285 1533 730 1617 esse: Berlin
275 1641 702 1731 um:
2213 1708 2415 1792 —
1293 1769 3156 1841 würde, und so tröstet er sich bei ihrem vorzeitigen hielt und in den „Denksteinen“ die Ueber¬
614 1799 1077 1889 Schnitzler=Abend
2226 1816 3158 1871 raschung und spätere Entrüstung im „Ab;
1294 1828 2231 1891 Erwachen durch seinen Kuß mit dem Wort:
2219 1862 3148 1920 schiedssouper“, die bis zur völligen Appetit¬
1303 1867 2224 1919 „Die Weiber lugen auch in der Hypnose, aber
491 1872 1196 1950 in der Königgrätzerstraße.
2224 1911 3156 1960 losigkeit fortschreitende Ernüchterung und in
1308 1906 2221 1961 sie sind glücklich dabei, und das ist die Haupt¬
2230 1950 3151 1997 „Literatur“, die zum Bruch treibende Ent¬
1308 1939 2216 1997 sache.“ Im zweiten Stück „Denksteine“
421 1940 1297 2004 Das Theater in der Königgrätzer Straße
2227 1962 3164 2033 täuschung und Verdrossenheit über den Unge¬
1298 1978 2233 2029 veranlaßt eben diesen Anatol die Entdeckung
366 1985 1288 2048 hielt es aus uns unbekannten Gründen für
1300 2021 2224 2079 zweier Edelsteine auf dem Schreibtisch einer
2239 2012 3163 2078 horsam der Geliebten trefflich herrausbrachte.
375 2032 1296 2075 nötig, die Saison noch mit einem Einakter-Reigen
1299 2053 2223 2106 andern Geliebten zu einem ähnlichen Liebes¬
2228 2048 3160 2114 In dem ersten und dritten Stück sah er sich
376 2065 1295 2122 gerade des Dichters abzuschließen, dessen blasierte
1310 2094 2226 2159 verhör. Mit der Auskunft die sie über den
2234 2082 3165 2154 dallei aufs wirksamste von Fräul. Orska
377 2101 1301 2164 Müdigleit wohl jetzt am allerwenigsten in die
1298 2135 2225 2193 Rubin gibt, ist er allenfalls zufrieden, als sie
2236 2145 3162 2196 unterstützt, die als Cora wie als Annie zwei
367 2143 1301 2210 Zeitstimmung hineinpaßt. Es holte den Anaiol¬
1304 2173 2222 2237 ihn aber über den Wert des schwarzen Dia¬
371 2178 1295 2246 Zy#us Arzhur Schnitzlers hewvorg und servierte
2232 2184 3167 2241 lebensprühende, höchst glaubhafte Typen der
1301 2220 2228 2266 manten aufklärt, da schleudert er diesen ver¬
373 2218 1305 2273 uns drei Einakter daraus, wie zu einem „Ab¬
2230 2225 3162 2285 Halbwelt mit sicheren Strichen umriß und
1296 2262 2226 2311 ächtlich in den Ofen und ihr selbst das Wort
397 2270 1303 2322 schiedssouper“ der ziemlich ergebnislosen,
2230 2266 3159 2313 auch in ihrer unfreiwillen Komik drastisch zur
383 2303 1296 2355 nunmehr beendeten Winterspielzeit, darunter
1310 2302 2223 2355 „Dirne!“ zu, denn er weiß jetzt, wessen Ge¬
2238 2307 3172 2366 Darstellung brachte. In den beiden anderen !!
378 2344 1304 2393 das gleichnamige Stück selbst, das ehedem
1297 2339 2237 2405 liebte sie noch nebenher sein muß, wenn sie
2241 2341 3157 2403 Einaktern ruhte die Wiedergabe der Lieb¬
381 2380 1310 2432 schon öfter im Spielplan anderer hiesiger
1306 2377 2233 2431 Juwelengeschenke annimmt, die eine Viertel¬
2236 2372 3163 2441 haberinnen in den bewährten Händen der
381 2411 1308 2465 Bühnen erschien, wie auch das letzte Werk
1304 2414 2234 2473 million repräsentieren. Diese beiden Einakter
2236 2421 3170 2490 Irene Triesch. Hier galt es etwas feinere
2232 2467 2280 2504 —
371 2455 1303 2505 des Abends, das Bohemestück „Literatur“.
1314 2470 2227 2517 waren uns allein neu und hier noch nicht be¬
2243 2466 3172 2517 Töne anzuschlagen trotz im übrigen gleicher
385 2487 1310 2547 Es gehörte einige Selbstüberwindung dazu, sich
1316 2503 2227 2562 gegnet. Sie sind echte Schnitzler=Arbeit der
2245 2506 3161 2559 Sittenverderbnis, und die Kunst der beliebten
385 2542 1304 2586 in den Dunstkreis der lebemännischen Erotik zu
1313 2536 2230 2598 oben gekennzeichneten Art und in ihrer Mache
2230 2547 3170 2602 Deuterin Hebbelscher und Ibsenscher Seelen¬
385 2566 1304 2620 versetzen, der uns aus diesen typischen Schilde¬
1310 2582 2232 2641 ganz auf feinste dialektische Zergliederung des
2232 2581 3170 2649 prozesse blieb auch auf diesem neuen Felde
383 2604 1310 2665 rungen des weichlichen, verliebten Jung=Wien
1305 2615 2234 2676 jeweiligen Motivs gestellt. Weiter aber auch
2234 2613 3174 2685 psychischer Analysen nicht hinter ihrer Aufgabe
381 2650 1308 2707 und seines Sinentodex schwül entgegenströmt.
1322 2657 2241 2713 nichts. Das dritte Stück, das „Abschieds¬
2237 2661 3171 2727 zurück. Alexander Ekert gab in drei
379 2697 1306 2748 Und wo es auch dieser nicht gelang, uns Inter¬
1321 2701 2232 2763 souper“, sozusagen die leckere Henkersmahls¬
2248 2712 3179 2759 Stücken diskret und weltmännisch den Haus¬
382 2726 1314 2782 esse für die „Liebeleien“ dieser Salondrohnen
1314 2738 2225 2805 mahlzeit einer Balleteuse mit Anatol, bedarf
2243 2750 3175 2808 freund Anatols, im vierten den prahlerischen,
384 2772 1305 2826 abzugewinnen, da fesselte wenigstens ein sein
1317 2790 2233 2839 nicht mehr der Inhaltsangabe, auch nicht die
2234 2780 3184 2857 unseinen Bohemien Gilbert, und vollendete
381 2810 1308 2862 abgeköntes, den inneren Schwingungen des
1318 2827 2237 2890 wohl ebenso oft hier gegebene dekadente Salon¬
2240 2829 3172 2884 mit ihrer Charakteristik das ausgezeichnete
375 2843 1302 2898 Leoensraffinements der Anatolgestalten bis in
1318 2860 2242 2922 plauderei „Literatur". In allen vier gab
2246 2854 3170 2924 Zusammenspiel, das tadellos in einander griff
390 2885 1306 2937 die letzte Verästelung ihres komptizierten Seelen¬
1314 2908 2230 2957 Herr Eugen Burg den Liebhaber Anatol.
2246 2898 3188 2970 und sich stark genug erwies, das Hauptinter¬
381 2927 1321 2982 lebens folgendes Spiel und entschädigte einiger¬
1317 2945 2234 2996 Am interessantesten wohl in dem Hangen und
2252 2939 3181 3025 esse von den faden Stücken hinweg auf sich zu
387 2962 1309 3015 maßen für den Hautgont der nur leicht von ihrem
2947 2980 3132 3041 Alf. A.
1320 2988 2236 3041 Bangen, ja auch wohl Langen nach der Ge¬
2242 2995 2530 3065 konzentrieren.
389 3004 1313 3080 gesellschaftlichen Firnis verhüllten sittlichen
1321 3025 2242 3079 wißheit über Coras Treue. Wie er hier sich
382 3056 1309 3099 Fäulnis. In der „Frage an das Schick¬
1322 3061 2252 3127 immer wieder bei seinem Freunde Max Rats
464 3089 1314 3137 !“ die den Abend eröffnete, handelte es sich
1313 3106 2245 3163 erholt, ehe er sich zur Schicksalsfrage ent¬
378 3117 1316 3184 um den Mißbrauch einer Hypnotisierung, die
1317 3136 2249 3203 schließt, um sie dann doch nicht an die Ge¬
381 3161 1312 3224 ein zweiselsüchtiger Liebhaber mit seiner Ge¬
1313 3193 2242 3241 liebte zu richten, das war ganz meisterlich und
378 3213 1315 3266 liebten vornimmt, um ihr in diesem Traum¬
1321 3222 2255 3277 bildete den Hauptreiz der seelischen Belebung
384 3242 1311 3291 zustand eine Art Liebesbeichte zu entlocken. Aber
1325 3264 2257 3326 seiner sonst vielleicht nicht ganz in der Gestalt
385 3285 1311 3344 der Schwächling wagt im letzten Moment doch
1316 3296 2251 3363 des überfeinerten wienerischen Lebemannes
385 3327 1311 3380 nicht die entscheidende Frage an Cora, weil ihn die
1319 3339 2259 3396 aufgebenden Leistung, die sich dann auch in
396 3364 1319 3415 etwaige Gewißheit über die Untreue der Befrag¬
388 3398 2269 3462 ien zu sehr aus allen seinen Himmeln wersen den andern Stücken etwa auf gleicher Linie
