3344 4320
1907 180 2351 267 box 34/5
1515 186 1819 292 ksal
291 187 1520 298 .Die Frage an das Schic
1693 348 1863 410 ——
1168 422 2123 524 Zeitung: Freisinnige Zeitung
1175 535 1646 641 Adresse: Berlin
1596 631 1940 730 AMaiIely
1179 677 1397 746 Datum:
1254 732 1992 827 Theater in der Königgrätzer Straße
1458 812 1803 872 Schnitzler-Abend.
1102 854 2218 899 Mit Bangen ging ich ins Königgrätzer Theater. Schnitzlers
1017 899 2216 951 Anatol=Szenen waren mir eine sehr liebe Erinnerung, ebenso der
1022 936 2225 990 übermütige satirische Einakter „Literater“ Werden diese Werkchen
1031 978 2219 1015 einer=graziösen Kleinkunst noch nach mehreren Jahren, besonders in
1022 1016 2222 1057 der schweren Kriegszeit, bestehen können? Wird die neue Aufführung
1009 1057 2224 1104 nicht jene liebe Erinnerung vernichten und wird es mir nicht ähn¬
1019 1096 2221 1140 lich ergehen, wie dem, der ein Mädchen, dessen Glanz und Holdheit
1014 1119 2223 1179 aus der Jugendzeit wärmend herüberschimmert, als alterndes,
1029 1164 2215 1204 hohles Weibchen wiedersieht? Schnitzler hat die schwere Probe be¬
1020 1203 2216 1256 standen, seine. Einakter wirkten so frisch wie früher. Der Einwand,
1022 1239 2214 1273 daß es sicht bei diesen Szegen nur um wohlhabende Nichtstuer
1023 1270 2213 1327 handelt, deren ganzes Leben und Sorgen sich um das Ewig¬
1015 1319 2210 1366 weibliche, das uns hinabtieht, dreht, war ja schon früher erhoben
1013 1360 2213 1404 worden. Dis leise Wehmut und vornehme Ironie, die durch diese
1013 1387 2213 1454 zarten Schöpfungen klingt, heben sie aus dem Nur=Erotischen, und
1011 1438 1736 1486 ihre künstlerische Fassung weckt Freude.
1083 1463 2218 1519 Die Aufführung war zum Teil vortrefflich. Eugen Burg
1013 1509 2209 1546 als Anatol wirkt etwas zu reif, doch in den Grundzügen ist er
1009 1545 2212 1598 wienerisch=liebenswert. Alexander Ekert, der als Oesterreicher
1002 1575 2212 1638 über den echten Dialekt verfügt, war als Anatols Freund Max
998 1619 2217 1659 bgeschickt, und in „Literatur“ als nervöser Dichter eine ins Schwarze
1012 1664 2212 1718 treffende Bohéme=Type. Maria Orska stand als oberflächliches
1006 1689 2138 1755 Weibchen diesmal am rechten Platze, im „Abschiedssouper“
1019 1734 2211 1777 Die Delikatessen, die in dem außerordentlich fein abgestimmten
1012 1765 2216 1830 Sacher=Raum aufgetragen werden, sind in der Kriegszeit für die
1001 1802 2213 1868 Zuschauer eine Tantalusqual — war sie voll sprudelnder Einfälle.
1004 1850 2211 1895 Irene Triesch konnte diese Leichtigkeit der Jugend nicht auf¬
1010 1885 2208 1927 bringen, war auch in den schwachen „Denksteinen“ unvorteilhaft
1013 1928 2202 1962 frisiert, in „Literatur“ zu schwer. Die von Ernst Welisch geleitete
1016 1953 1673 2033 Aufführung fand herzlichen Beifall.
2030 1967 2167 2038 Schk.
2339 2027 2490 2110 Jülgk.
529 2093 912 2164 das Sollen aus de
2331 2120 2537 2189 chimmer:
530 2148 912 2209 Indem die Pflicht
529 2199 910 2260 lichen Seele veranke
2609 2206 2824 2309 1
2333 2225 2423 2288 en,
520 2244 915 2305 Festigkeit, die in all
2336 2279 2472 2333 eren.
566 2293 920 2352 Die deutsche Auff
1038 2287 1398 2362 8. Ilai 1917
2008 2252 2300 2363 veläs
2548 2318 2709 2379 Caliban.
529 2343 958 2399 dere Bedeutung und
1867 2396 2493 2481 Der Beld ist wählerischer, zarter
834 2437 1316 2516 Schnitzler-Abend.
1872 2471 2164 2542 Beim Artur!!
648 2512 1507 2579 Theater in der Königgrätzer Straße.
2152 2515 2241 2571 IV.
1801 2560 2508 2627 Die Triesch gehört zu andren Zielen
1843 2619 2584 2682 Sie soll schon lieber Strindberg spielen.
681 2619 1372 2690 Aus friedlichen, verschollenen Zeiten
715 2681 1400 2731 Ragt wie ein dämmerndes Symbol
1808 2711 2464 2789 Herr Ekert wirkte köstlich=wacker,
687 2733 1240 2787 Die Eleganz der Innigkeiten
1840 2782 2473 2837 Ein immer gern gesehner Gast,
715 2777 1256 2842 Des sucherischen Anatol.
1806 2824 2464 2882 Jedoch er hatte was vom Fiaker,
685 2841 1382 2904 Man wollte damals nicht zergliedern,
1847 2866 2561 2936 Das nicht zu dieser Stimmung paßt.
711 2890 1315 2956 Der holde Leichtsinn tat so gut;
1882 2919 2558 2980 In Arturs Welt, vom Stil betaut,
680 2942 1394 2998 Man tauchte mit geschlossenen Lidern
1886 2962 2583 3018 Lacht man nicht so erfrischend laut.
725 2989 1248 3051 In jene witzig=süße Flut;
1816 3013 2601 3081 (Doch wird Herrn Ekert niemand grollen —
687 3036 1387 3099 Ist dann am Ufer still geschlendert —
1847 3069 2481 3126 Er gab hier einen wundervollen
733 3084 1421 3150 O Welt, wie hast du dir verändert!
1848 3111 2530 3180 Ausblick auf schiere Bürgerrollen.)
1048 3138 1135 3202 II.
2158 3168 2248 3227 VI.
695 3195 1323 3250 Doch trotz der Not umtoster Tage,
1815 3209 2492 3279 So bleibt noch von der Mimenschar
728 3237 1502 3305 Die nichts von Dämmerstimmung weiß,
1835 3264 2554 3337 Die Orska — die bezaubernd war.
684 3293 1384 3346 Wirkt wie mit lindem Zauberschlage
1813 3323 2391 3386 Zuerst die Haare dirnenzottig,
736 3340 1368 3410 Der alte schmerzlich=blasse Kreis;
1847 3385 2517 3432 Die Kleidung ungenügend schlicht —
774 3398 1533 3453 Der Innenraum birgt weniger Gutes —
1808 3426 2454 3479 Als „Cora“ war sie zu kokottig,
776 3445 1360 3493 Jedoch der liebe Umriß tut es.
1847 3471 2483 3531 Das „süße Mädel“ war sie nicht!
1025 3496 1130 3559 III.
1810 3525 2584 3590 Im zweiten Stück ging sie aufs Ganze,
697 3541 1371 3612 Die Leute sanden viel Ergötzung.
1846 3570 2483 3639 Als ausgetragne, dufte Pflanze.
737 3602 1428 3650 Man hörte sie vor Lachen schrei'n.
1818 3631 2593 3685 Sie trank, was trinkbar; aß, was eßbar,
695 3658 1300 3708 Es konnte freilich die Besetzung
1853 3676 2491 3736 Sie ulkte, wenn der Kellner kam.
721 3694 1516 3755 In manchen Punkten anders sein....
1809 3719 2485 3781 Dem Hörer bleibt es unvergeßbar,
691 3766 1469 3826 Herr Burg (als Künstler sonst ein Segen)
1853 3783 2593 3838 Wie sie als „Annie“ Abschied nahm..
734 3818 1391 3877 War hier zu deutlich, fast zu grob
1893 3823 2511 3884 Da schwanden düstre Horizonte;
688 3859 1267 3925 Nicht melancholisch überlegen.
1894 3867 2693 3932 Man lachte — bis man nicht mehr konnte.
2504 3909 2730 3962 Altrei Kerr.
740 3908 1431 3979 Ein Hausbesitzer statt ein Snob.
