3344 4352
2147 108 2276 188 1
174 145 574 206 nungsgeist, und dann
577 133 1172 207 Sahin une Snn Aei  —
2049 174 2794 236 Alkohol, Stallduft und Lysol ist eine son¬
2796 167 3353 231 Diggs, Fred, C. Limmerm
175 183 588 257 th. troß des Gekläffes
648 187 2050 266 Drei große, gewichtige Gründe, weshalb am 5. November jeder Ameritaner,
2055 217 2790 275 derbare Zusammenstellung, aber die mo¬
2797 224 3340 283 J. Cooneh und Joh W. W
173 239 586 295 Hofhunde festzustehen.
576 254 2059 319 der sein Land lieb hat, dem es daran gelegen ist, daß es mit dem wirthschaftlichen
2797 264 3360 323 nannt worden, um den Direkt
2058 267 2793 332 dernen Geruchsnerven sind für solche Mi¬
160 289 589 351 bedauern wir es aber
2776 300 3342 360 vertreten fund die Interessen
586 304 2066 366 Aufschwung auch politisch sich auf der Höhe halte, auf der es Jahrzehnte lang Vor¬
2060 316 2532 379 schung recht empfänglich.
2564 315 2776 384 H. R. H.
174 340 587 401 der blasse Neid diese
2790 324 3360 415 raren und Aktionate wahrzan
575 355 2074 413 bild für andere Völker gewesen, der sich nicht zufrieden giebt, mit Raisoniren allein
169 385 586 444 ft, die sich Berliner
586 391 2076 475 aus der Distanz zu reformiren, dem Pflichtruf folgen und von seinem souveränen
2833 384 3359 473 rust Co. of Ameri
2118 356 2725 506 Früh verdorben.
177 419 580 494 sehen lassen will, daß
2834 443 3351 505 Fünfzehn Männer und Bani
576 450 1351 523 Recht des Ballo## Gehrauch-machen=sollte:
157 477 590 537 utscher Journalist er¬
2795 481 3358 556 den heute Früh 7 Uhr in de
2055 509 3361 601 Abenteuerliche Fahrt eines jungen Ber¬ Bant, dem Zweiggeschäfte der
168 517 598 602 nen Beruf nicht ver¬
2206 557 2655 629 liner Liebespärchens.
2837 561 3354 638 America in der Reihe, un
2792 616 3358 669 öffnung der Bank ihr Geld
2080 609 2789 694 Eine abenteuerliche Fahrt eines Liebes¬
804 619 1034 708 5e.
2795 646 3358 718 Der Sturm hatte ihnen in der
179 641 601 722 dem Intervie## eines
2046 663 2794 728 pärchens beschäftigte die zweite Strafkam¬
927 657 1826 804 Seseage
2798 703 3358 754 nen Nacht arg zugesetzt, aber
472 704 597 774 habe
191 708 482 785 Blattes: „3
2061 718 2793 773 mer des Landgerichts I in einer Strafache
2789 728 3330 798 tapfer auf ihren Posten aus.
2061 762 2809 814 gegen den 18jährigen Mechaniterlehrling
481 759 609 827 Ich
219 754 483 832 ich gewoßt.
2835 760 3359 847 Im Laufe des gestrigen Ta
2055 793 2796 862 Edmund Braune, der wegen Entführung
174 795 604 881 geslicht in iiste Höhle
2803 809 3359 891 Trust Company, wie belan
849 819 1789 892 Copyright 190# by ihe New Torker Staats-Zeitung
2055 833 2735 895 einer Minderjährigen angeklagt war.
196 842 593 930 Korruptios eindrin¬
2798 863 3351 917 wurde, 81,083,000 an Deposite
2055 876 2804 934 In Berlin ist seit Jahrzehnten der Schnei¬
2799 897 3356 979 genommen und §605,000 ausbe
181 903 607 978 lernen aug allmälig
2063 917 2798 976 dermeister Ch. ansässig, der sich zu einem
2807 952 3350 1005 Samstag sollen die der Bank
170 956 593 1021 en Wassersk was die
2063 960 2798 1020 wohlhabenden Mann emporgearbeitet hat.
617 987 2058 1046 Gut, besser, am besten! Großartig!].... aber, aber der Wurm! Und trotzdem:
2801 979 3357 1066 gung stehenden Mittel um 82,0
167 990 587 1071 in sie ihre Aufgabe in
2071 1011 2796 1064 eSine einzige Sorge war seine 14jährige
2793 1038 3103 1106 gewachsen sein.
1329 1032 2065 1097 es sind die schlechtesten Früchte nicht, an
585 1027 1337 1091 Hervorragend! Unvergleichlich, unerreicht,
2059 1049 2797 1101 Tochter, deren überaus leichtsinniger Cha¬
160 1058 583 1124 ersteht, wesi sie den
2834 1050 3358 1138 Die Auszahlung geht übri
1315 1075 2057 1137 denen die Würmer nagen. Ganz im Ge¬
577 1075 1327 1157 beispiellos! Eminent, vorzüglich, gran¬
2053 1094 2798 1153 rakter ihm vinlen Kummer bereitete. Allen
166 1104 583 1178 r Mission z erinnern.
2794 1099 3357 1168 heuer langsam vor sich. Die B
1317 1128 2069 1187 gentheil, dieses kleine Lumpengesindel der
582 1130 719 1191 dios!
2069 1134 2801 1187 Ermahnungen und Strafen zum Trotz
2796 1144 3359 1216 ferieten den Frauen, welche in
611 1146 2065 1249 Nein, nein, nein — das muß andeis Schöpfung sucht sich jeweils das Beste
2068 1172 2797 1234 trieb sich das Mädchen bis in die späte
2802 1184 3358 1262 standen, 10 Prozent ihrer Dep
169 1176 592 1262 republitanishen Scha¬
572 1206 1323 1274 werden! Man glaubt uns sonst nicht
2056 1223 2795 1275 Nacht hinein auf dem Tanzboden umher.
1329 1213 1677 1288 aus, das Süßeste.
2801 1229 3357 1298 sie weigerten sich alle, dieses A
173 1250 587 1315 Parsons, sie Tochter
2065 1266 2806 1318 Als dem Vater die Sache zu arg wurde,
583 1264 1348 1332 mehr. Aber es ist schon wahr: New York
1353 1256 2066 1349 Was das nun wieder mit dem gestri¬
2804 1272 3335 1343 zunehmen und warten lieber. u
166 1297 583 1361 Papas, schmb mal ein
2062 1294 2794 1356 drohte er der Tochter, er werde sie in eine
585 1311 1330 1369 hat noch niemals ein besseres Deutsches
2798 1327 3267 1394 zes Guthaben zu ziehen.
1331 1316 2064 1397 gen Sensationserfolg unseres Deutschen
2064 1346 2799 1394 Zwangserziehungsanstalt bringen. Nun
169 1350 579 1413 fsehen errese und für
2834 1355 3345 1427 Es wird behauptet, daß de
573 1369 2070 1441 Theater gehabt, noch nie ein Ensemble Thealers zu khün hal?! Der Arthur
2077 1373 2802 1438 stahl die Vierzehnjährige ihrem Vater 500
173 1391 583 1469 e“ einirai. Der gehor
2803 1392 3353 1470 eines großen Kontos, wenn ei
568 1411 2064 1484 und einen Leiter, dem es mit seiner Kunst Schnitzler war der Dichter des Abends.
2071 1418 2799 1487 M. und brannte mit dem Angeklagten
162 1435 589 1505 ugenscheinsch in dem
2802 1456 3351 1508 eine sehr hohe Summe beheben
576 1455 1331 1524 so heilig ernst gewesen. Die Lobeshym¬
2072 1471 2794 1523 durch. Das jung Pärchen amüsirte sich
1319 1463 2065 1539 Er ist ein Meister im Kleinen: feine Sä¬
2796 1486 3349 1561 Zeit in Anspruch nimmt, wa
164 1487 590 1562 Mama jet seine Aifi¬
575 1506 1333 1557 nen sind bis in's Allerhöchste verdient,
2062 1507 2801 1566 zuerst einige Tage in Berlin und unter¬
1316 1519 2071 1598 chelchen, köstliche Nippes, prächtige Fili¬
2796 1533 3170 1606 zahlung verzögert.
172 1543 576 1611 glaubt nuß, die Theo¬
585 1554 1321 1612 und doch möcht' ich fast wünschen, Ta¬
2058 1551 2810 1610 nahm dann eine Spritzfahrt nach Süd¬
1318 1575 2069 1642 granarbeit und wilde Leidenschaften ....
2874 1566 3359 1654 Morse nimmt 8350,00
170 1583 577 1654 ihren prattsschen Werth
2061 1595 2816 1647 deutschland. Als das gestohlene Geld bis
577 1601 1326 1668 dels Grund zu finden, wenigstens ein ein¬
1324 1624 2063 1686 gerade genug Leidenschaften für eine drei¬
2060 1639 2815 1690 bis auf den letzten Pfennig durchgebracht
2827 1634 3358 1706 Chas. W. Morse, der früher
162 1643 591 1708 n. Die Ehescheidung
584 1645 1317 1714 zig Mal, damit man und die Begeiste¬
1318 1672 2063 1738 viertelstündigen Einakter. Es giebt Leute,
2069 1679 2798 1728 war, schlossen sich die beiden einer wan¬
2795 1679 3348 1739 National Bank von North A
174 1692 587 1761 nach den 5. Novem¬
569 1695 1321 1757 rung und Lobfreudigkeit ehrluh glaube.
1327 1718 2068 1777 die, von dieser Dreiviertelstunden=Leiden¬
2072 1717 2807 1771 dernden Schauspielergesellschaft an, mit
2805 1732 3358 1784 gestern auf sein Palais in der
572 1746 1334 1806 Jede neue That überragt, so des nur
2061 1765 2800 1824 der sie nach langen Irrfahrten in Leipzig
1317 1770 2075 1838 schaft geblendet, ihm Größeres, sogar
2807 1774 3356 1839 zweite Hypothek von 8350.000
2075 1805 2800 1867 anlangten. Die Vierzehnjährige wurde
576 1806 2070 1875 möglich ist, die vorangegangene. Und Großes zutrauen. Nicht doch, der Schnitz¬
2808 1804 3358 1879 men. Die erste Hypothe
167 1797 1336 1911 en also nit, nicht im gestern gar! ... Ja, was da mit der Gro¬
2071 1845 2809 1903 als „Schütze lis!“ in Tirolerkostüm in
2795 1844 3013 1909 5150,000.
1320 1870 2082 1924 ler ist der Mann der streng begrenzten
2063 1889 2808 1938 einer Schießbude beschäftigt, während der
183 1888 1322 1941 Die Harren Groß= teste „Der grüne Katadu“ geleistet wurde!
2837 1869 3344 1955 Dies hat große Ueberrasch
1318 1905 2074 1992 Kunst, jenseits vom Einakter und der No¬
155 1920 589 1994 n behauptn, der Ed
2068 1914 2810 1992 Angeklagte bei einem Dampflarussell als
2794 1924 3357 2005 sacht, da der Bankier ein Ver
580 1944 1328 2000 .... Meine hochzuverehrenden Herrschaf¬
1323 1964 1827 2030 velle ist über seine Kraft.
2065 1971 2800 2023 Heizer eine Anstellung fand. Schließlich
2795 1968 3273 2042 11 Millionen haben soll.
176 1979 1331 2051 bis talkißg throughiten, verzeihen Sie meine Offenheit: wenn
2068 2004 2813 2063 wurden beide verhaftet, da von dem Vater
1353 1999 2073 2084 Und dann, wie gesagt, dieser Wurm¬
2838 1996 3349 2076 Die Mitglieder des Clear
166 2028 1338 2096 ins landläcfige Deutsch das sehr geschätzte Deutschthum von New
2073 2055 2808 2118 des Mädchens Anzeige gegen den Ange¬
2800 2047 3340 2110 sind von einigen Beamten de
1325 2056 2073 2123 stich! Neue Kultur, Uebermenschenthum
178 2071 586 2139 heißen sc: Der Ed
579 2086 1334 2145 York nach solchen Leistungen nicht alles
2063 2097 2804 2152 klagten wegen Verführung einer Minder¬
2805 2101 3345 2153 Bank von America benachricht
1335 2117 2074 2174 und so nebenbei auch ein bischen Laster¬
179 2123 1321 2182 tlang noc den Mund Erdenkliche zur Förderung und zur
2067 2139 2799 2202 jährigen erstattet war. Wegen des Dieb¬
2801 2148 3357 2194 daß ihnen Morse vor einiger
1321 2169 2073 2236 haftigkeit. Diese Modernen, die Dichter
2074 2176 2731 2245 stahls erstattete Ch. keine Anzeige.
176 2175 1322 2243 hier im Isten, waren Sichern g seines Deutschen Theaters thut,
2787 2176 3347 2251 habe, es sei eine Transaktion
1309 2195 2074 2276 der Befreiungen und Erlösungen, der
2062 2224 3347 2275 Die Verhandlung entrollte ein trauriges welche ein Steigen der Ban
562 2225 1359 2284 bean erdienes einsach kein Deutsches!
1330 2264 2078 2314 Schmerzen und Verzweiflungen. Wie
2062 2268 2810 2316 Bitd von Verwährlosung. Der Angeliagte
2804 2274 3351 2321 8300 auf 3500 per Attie veranl
554 2272 1334 2335 Theater mehr. Gebt Derartiges in Eng¬
1333 2303 3346 2359 hüllen uns dabei in die Prachtgewänder behauptet, er habe nie gewußt, daß seine Es wurden ihnen 100 Aktien zu
170 2311 1332 2389 en Polizeitichter nicht lisch und es ist die theatralische Sensation
2061 2335 3356 2400 „Braut“ noch so jung sei; ihm habe sie rirt und ihre Noten in Zahlung
1309 2357 2074 2412 der Vergangenheit, aber es ist modernstes
166 2358 583 2433 olles und Es Gesetzes)
578 2372 1251 2430 des Tages — auf Monate hinaus.
2069 2392 2807 2441 immer erzählt, sie sei 18 Jahre alt. Das
2811 2391 3351 2443 men. Die Aktien sind aber nich
605 2409 2066 2476 Aufgewacht, geliebtes Publikum, auf= Leben und Leiden, was aus dieser Ver¬
176 2412 589 2480 so wird ##n es mit
2063 2432 2808 2485 Gericht hielt auch die belastenden Aussagen
2794 2421 3351 2500 kondern gefallen und ihre No
1321 2445 2066 2519 gangenheit weint und klagt und stöhnt.
220 2457 588 2526 it unarien Buben
576 2460 1334 2525 gewacht! Immer hereinspazirt, meine
2062 2468 2814 2529 des Mädchens für unglaubwürdig und er¬
2808 2472 3345 2532 zun fällig, deshalb wandten
1321 2504 2066 2566 In der Alltäglichkeit nehmen wir die
219 2506 577 2574 achsatz n Gesetze,
2073 2514 3358 2576 kannte gegen B. auf Freisprechung, da er Rath an das Clearing House.
584 2517 1332 2572 Herrschaften! Hier ist zu sehen: das Beste,
1320 2541 2036 2620 Dinge mit zynischem Gleichmuth auf!
2066 2557 2812 2606 bei dem Wesen und der Entwicklung des
200 2561 1335 2618 gerichte sahf, erlassen das Interessanteste, das Vortrefflichste!
2874 2567 3358 2644 Schritte zur Wiedereröf
2067 2583 2812 2657 Mädchens nicht habe annehmen können,
1345 2597 2075 2666 Dieses bunte Bild des Paris am Vor¬
152 2612 1356 2675 en: Ihr ##ßi bis 3 Hier ist zu sehen.... Larifari, das ist
2835 2615 3350 2677 Einige der geschlossenen Be
2065 2634 2566 2708 daß sie noch jugendlich sei.
161 2657 2067 2719 AAugen offen haiten oder natürlich nur Spaß, soll nur Euere Auf= abend des Bastillefalles! Dieses „fin
2795 2670 3359 2731 then mit ihren Depositoren Pl
172 2690 410 2779 Job sucht
574 2704 2090 2757 merksamkeit erregen. Ganz ernsthaft: de siecle“, das am Ende eines jeden
2802 2710 3212 2773 der Wiedereröffnung.
2123 2694 2757 2779 Die Antwort des Millionärs.
2827 2738 3357 2815 Zahlreich erschienen heute di
567 2747 2093 2826 wer eine glänzende, eine gewaltige, ja Jahrhunderts sich wiederholt. Am Abend
2093 2763 2808 2822 Ein amüsanier Briefwechsel zwischen
2810 2791 3359 2852 ren der 12. Ward Bank, um
170 2798 2066 2860 mit der amikanischen überwältigende Probe deutscher Schau= des 14. Juli 1789 — und die Menschen
2070 2793 2802 2857 zwei in ganz England bekannten Persön¬
2801 2838 3338 2898 liche Versicherung zu geben, e
1336 2847 2068 2911 sind am 29. Oktober 1907 noch ganz ge¬
2064 2848 2805 2916 lichkeiten bildet in Londoner gesellschaft¬
182 2851 1037 2906 daß im ate New spielkunst genießen will —
1016 2855 1328 2917 — nicht um Haa¬
2807 2880 3357 2940 sen Theil ihrer Depositen v
2074 2885 2809 2944 lichen Kreisen das Tagesgespräch. Ein
1326 2895 2071 2959 nau dieselben mit ihren stürmischen Lei¬
202 2901 602 2964 Parteien Furch ihre
582 2901 1337 2967 resbreite geringer als die tadellose „Ge¬
2800 2924 3347 2970 lang nicht zu ziehen, damit di
2070 2939 2808 2991 Millionär und Börsenkönig empfand eines
1323 2946 2065 3008 denschaften, ihren Lüsten und ihrem Lie¬
153 2938 593 3024 ich verpflicht bei der
1064 2946 1331 3011 der sehe sich
583 2944 1022 3017 spenster“=Aufführung
2808 2965 3348 3025 Geschäft bald wieder aufneh
2069 2964 2801 3031 schönen Tages das Bedürfnis, am lite¬
1328 2989 2063 3063 ben. Der Wurmstich! Bei Ibsen heißt es
161 2997 594 3061 Bestechungsa#der nicht
583 3000 1331 3062 „Der grüne Kakadu“ an. Alle Hochach¬
2796 3004 3336 3064 Die Beamten hoffen, am
2060 3003 2812 3077 rarischen Firmament als Stern zu glän¬
1319 3036 1628 3108 „vermoulu“!
2801 3044 3358 3114 Bank wieder öffnen zu können
160 3037 1331 3102 n Staat fürdden Kan=tung vor Heinrich Marlows Regie¬
2056 3057 2807 3119 zen; da er ein Mann von raschen Ent¬
167 3092 1325 3155 hecbuch ist Arsey also that. Alle Hochachtung vor Bau¬
2983 3085 3357 3163 Börsenbarometer.
1360 3090 2811 3162 Wie das wirk!! Wie der Dichter mit schlüssen ist, setzte er sich sofort hin und
2071 3147 2815 3200 richtete an einen bekannten Autor nachste¬
571 3129 1336 3194 ffelds Ausstattungspracht. Und die
1325 3118 2073 3205 Raffinement das Pulver körnchenweise zu¬
2838 3138 3356 3215 Infolge weiterer forcirter V
2077 3189 2799 3241 hende Epistel: „Sehr geehrter Herr! Ich
574 3189 1339 3261 höchste Hochachtung vor dem Genie der
2805 3176 3352 3255 auf der Aktienbörse die Kurfe
1336 3194 2068 3259 sammenträgt und neben der brennenden
2074 3227 2803 3275 möchte mich gern an der Schöpfung eines
2810 3239 3347 3298 meinen wieder um 3 bis 2 P
168 3215 1310 3309 eine brenne## Bombe Hedwig Reicher! Jawohl, Genie —
1318 3235 2063 3309 Lunte häuft. Ein Luftzug und die Flam¬
2066 3273 2801 3322 dramatischen Werkes betheiligen und mei¬
2809 3275 3334 3336 len. Die Verkaufsaufträge
164 3267 1326 3343 beuden Leibes in den ein Wort, mit dem ich zeige, wie der Hab¬
1323 3289 2811 3370 me faßt und der ganze Bau der Geselle nen Namen mit dem Ihrigen verbünden.
2809 3315 3352 3391 umfangreich, aber der Mange
162 3319 555 3391 lichen Willia#burg
606 3339 1192 3404 Sichtige mit seinen Silberlingen.
1332 3340 2067 3414 schaft fliegt heida, heida, gen Himmel oder
2060 3353 2799 3406 Möchten Sie nicht eine Komödie schreiben,
2797 3364 3221 3428 lust drückte die Preise.
163 3373 606 3445 !! Könnten kberartige
622 3389 2808 3454 Ja, was ich doch gleich sagen wollte: zur Hölle. Es ist nur „Theater“. Rich= für welche ich als Mitarbeiter ein paar
2808 3389 3358 3488 Bryau über die gegenwärtig
166 3432 2801 3487 ch fast, ungestraft be= .. .. und stellen auf den Tisch silberne und#tig, aber das Theatralische ist doch nur Zeilen zuschießen könnte? Ich würde alle
3109 3462 3266 3530 lage.
159 3476 589 3543 wenn die Polizei nicht
592 3466 2817 3540 goldene Schalen. In den silbernen Scha= der Körper; dieser Körper hat jedoch eine Kosten tragen, um einen Theil vom
2835 3491 3359 3574 Chicago, 30. Oktober
2059 3504 2824 3582 Ruhme abzukriegen.“ Der Autor sandte
154 3524 587 3589 üdte und den Gesellen
584 3530 2073 3587 len liegen braune und lichtgelbe Aepfel. Seele: die Lebenswahrheit, die Natürlich¬
2069 3550 2808 3612 als Antwort folgendes Briefchen: „Ge¬
2810 3550 3350 3615 Jennings Bryan sieht guten
169 3575 595 3647 nd freies Feld für ihre
1331 3582 2070 3643 keit .... in den Masken von Anno 1789
592 3582 1330 3644 In den goldenen Schalen liegen grüne
2808 3593 3348 3660 weiteren Entwicklung der Sch
2058 3604 2810 3664 ehrter Herr! Ich bedauere, Ihren beschei¬
167 3620 489 3695 Erpressung ließe?
580 3627 1341 3697 und dunkelrothe Aepfel. Reife, einladende
1328 3631 2074 3691 stecken Menschen von heute. Und darum
2071 3631 2803 3701 denen Wunsch nicht erfüllen zu können.
2798 3637 3348 3706 im Geldmarkte entgegen. Er
589 3676 1334 3730 Früchte; ausgesucht schönes Tafelobst.
1322 3678 2806 3740 die unheimliche Wirkung, der geradezu Mein Grundsatz war immer, daß man ein
2804 3688 3347 3740 allgemeiner finanzieller Rückga
159 3694 596 3783 iten Untersuchung der
578 3721 1332 3776 Und dann nimmt man ein Messer, zer¬
1323 3712 2797 3775 revolutionäre Taumel, in den wir uns Pferd und einen Esel nicht zusammen¬
2795 3724 3357 3782 zu befürchten, so lange wir anh
159 3759 596 3828 pany wird der Honor¬
1335 3768 1868 3833 widerstandslos reißen lassen.
2076 3770 2802 3828 spannen soll.“ Darauf antwortete der
2801 3764 3354 3833 Ernten haben, denn man kan
592 3772 1336 3824 theilt die Frucht — und der grüne, der
2069 3796 2807 3874 ehrgeizige Millionär: „Mein Herr! Ihren
2809 3795 3346 3861 nicht bankerott machen, wen
175 3818 591 3870 t am Ende auch erzäh¬
581 3808 1336 3877 braune, der lichtgelbe und der dunkelrothe
1364 3799 2074 3879 Wie das wirkt! Trotzdem das alles so
2073 3840 2799 3899 unverschämten Brief habe ich erhalten.
2800 3835 3360 3915 Ernteerträge zu guten Preiser
176 3859 599 3930 u seiner Tafelrunde,
594 3868 1329 3926 Apfel sind wurmstichig. Ja, meine Lie¬
1337 3866 2063 3922 entzückend pervers ist; das Milieu, die
2064 3895 2806 3940 Mit welchem Rechte wagen Sie mich als
2801 3887 3358 3946 kann. Die jetzigen Schwierig
595 3897 1340 3976 ben, dieser Wurmstich! Das Tafelobst
159 3891 592 3964 en, den Harfnern und
1327 3915 2069 3980 Handlung, die Zeit und die Menschen,
2057 3923 2809 3997 Pferd zu behandeln?“ Es braucht wohl
2799 3936 3358 3991 zum großen Theil den amtlic
156 3950 599 4029 ten Ehrenmitglieds der
583 3953 2076 4013 wird im er mehr verfeinert, es sieht im= namentlich die Menschen. Der Wurm¬
2057 3977 3351 4026 nicht erst gesagt zu werden, auf welcher suchungen zuzuschreiben, welch
170 4012 265 4085 rte.
566 4013 2521 4089 mner „gemalter“ aus, immer appetitlicher stich . . .. angefressen bis in's Innerste. Seite die Lacher waren.
2796 4020 3358 4094 beutung nicht wirklich vorhande
