3344 4352
1037 86 1754 145 en Ai aerern  und A telen 2.. —
329 109 1035 147 Fwei Tinge am dentlichsten in der Er¬
1781 103 2307 143 Uhrt worden, und Zwar
1040 143 1750 185 rächende Wahrheit in's Gesicht schleu¬
314 141 1036 187 innerung haften: Wir haben wieder
1761 145 2472 189 „Richter v. Zalamea“ 5 Aufführungen,
1047 168 1753 212 dern. Er will ihm zuletzt noch die Treu¬
310 168 1032 223 Schauspieler mit hellen klingenden
1765 179 2469 224 „Coulissenzauber“ 5, „Johannisfeuer“
1043 205 1756 247 losigkeit seines Weibes verrathen, die
320 208 1026 262 Stimmen, die im Stande sind, das wil¬
1761 213 2479 267 4, „Gespenster“ 3, „Große Gemeinde“
321 240 1751 290 deste, realistischste Stimmgetobe auf der die Nichtigkeit ihrer erfolgumrauschten
1773 229 2482 305 7, „Haubenlerche“ 4, „Berühmte Frau“
1049 279 1753 330 Gemahls durchschaut und ihre Liebe
316 282 543 337 Bühne zu
545 283 1040 333 übertönen, die führende
1773 288 2490 331 1, „Maria Magdalena“ 3, „Letzte Mas¬
1048 320 1756 374 zwei Jahre lang dem Jugendfreund ge¬
318 323 1035 365 Stimme selbst im Herensabbath der Ele¬
1769 323 2485 378 ken“, „Der grüne Kakadu“ und „Lite¬
1039 358 1756 408 schenkt habe, der immer „Jemand“ war,
327 358 1029 403 mente weiterzuführen: Marlow, Winds,
1763 364 2276 409 ratur“ je 2 Aufführungen.
1050 388 1757 428 wenn er im Leben auch „Malheur“ ge¬
310 403 1032 449 Weigrt — auch andere, aber die führen¬
1790 393 2490 445 Außerdem wurde ein Cabaret Abend
1048 424 1754 485 habt hat. Diesen Plan der Rache heckt
309 431 1031 482 den Rollen lagen in ihren Händen. Was
1765 431 2493 478 veranstaltet. Es darf also behauptet
1045 461 1747 516 der Sterbende im nächtlich=öden Kran¬
315 466 1030 522 das für in Ohr bedeutet, das sonst in
1768 475 2484 526 werden, daß sowohl der Zahl, als der
1047 496 1753 556 kenzimmer aus. Er betei „n Gott, daß
317 504 1034 551 deutschen Theatern mit belegten, heise¬
1768 511 2481 566 Art der Novitäten nach, das Versprechen!
1045 537 1755 593 er ihm nur „noch so lange“ das schwin¬
316 547 1030 590 ten oder rauhen Stimmen sich zufrieden
1767 542 2495 605 der Direktion ein Repertoire Theater zu
1041 573 1747 627 dende Leben erhält und er bereitet sich
308 584 1024 626 geben mußte! Und No. 2: Massenspiel
1763 585 2483 622 führen, eingelöst worden ist. Auch ist in
1047 608 1747 654 mit einem Komödianten, der als
309 606 1035 667 a la Meininger mit Sturmgetobe hinter
1755 620 2477 675 diesen Aufführungen das ernste und das
1040 638 1748 692 ahnungsloser Todeskandidat mit ihm
305 656 1024 698 der Bühne während des ganzen Aktes,
1766 655 2484 709 heitere Genre in allen seinen Spielarten
1046 672 1757 726 das Zimmer theilt, durch eine „Probe“
1764 698 2112 756 vertreten gewesen.
313 692 1023 744 etwas, was wir am Irving Place Thea¬
1035 712 1758 770 auf die letzte Szene seines Lebens vor.
303 728 1020 770 #ter in Jahren nicht geboten erhalten hat¬
1098 746 1755 796 Endlich kommt Weihgast an's Kran¬
310 766 1016 820 ten. Dazu diese historisch richtige Aus¬
1790 746 2492 824 Anläßlich der Eröffnung des Deui¬
1035 787 1759 835 kenbett. Und Rademacher drückt ihm die
311 798 1031 848 stattung, bei welcher auch nicht eine Klei¬
1772 785 2487 863 schen Theaters, hat der Direktor
1038 829 1754 869 Hand und — schweigt. Die Perspektive
315 841 1031 880 nigkeit störte. Das Eine und das An¬
1770 841 2483 895 desselben, Dr. Maurice Baum¬
1042 863 1753 902 des Todes erweitert den Ausblick seiner
301 869 1021 927 dere mag unrichtig gewesen sein, aber
1758 874 2488 925 feld, an Kaiser Wilhelm II., als den
1037 900 1748 940 Seele: „Was gehen uns die Menschen
311 912 1028 963 es hat doch nicht gestort, wie es früher
1772 919 2482 967 obersten Schutzherrn der deutsch=ameri¬
1024 922 1745 990 an, die morgen noch leben müssen!"
312 948 767 1002 so oft zu stören pflegte.
1758 948 2485 1003 kanischen Freundschaft, Namens des
1046 973 1748 1012 und sein Auge bricht, nachdem ihm die
347 963 1030 1044 Das gilt auch für das dritte Stück des
1769 986 2485 1038 Künstler=Personals ein Huldigungstele¬
1036 1003 1740 1054 letzte Erkenntniß von der Nichtigkeit
304 1024 1026 1067 Abends, „Literatur", in welchem die
1753 1023 2487 1067 gramm abgesandt. Auf Veranlassung des
1040 1042 1674 1086 alles Zeitlichen aufgegangen war.
307 1058 1027 1105 Regie auch nicht einen früheren Schnitzer
2404 1063 2496 1114 ist
1761 1063 2403 1104 Reichskanzlers Fürst von Bülow,
1062 1075 1744 1131 Der trübe Akt wurde in der Auffüh¬
309 1094 1022 1143 machte: Leider wird eine Finesse Eugen
1765 1089 2489 1150 nunmehr dem Direktor für diese Huldi¬
1044 1117 1746 1162 rung durch die Künste der Regie Dr.
302 1136 1028 1193 Burgs für die große Menge verloren ge¬
1768 1140 2490 1187 gung der Dank des deutschen Kaisers
1032 1150 1749 1205 Baumfeld's und die Meisterschaft der
305 1177 1021 1221 gangen sein. Er spielte den modernen
1757 1164 2480 1219 ausgesprochen worden, der bekanntlich an
1045 1184 1742 1241 Darstellung der Herren Sauer¬
310 1211 1027 1255 Schriftsteller Amandus Gilbert in der
1769 1213 2475 1255 der Entwicklung des Deutschen Theaters
1032 1213 1390 1283 mann, Burg,
1399 1225 1746 1281 Weigert und
304 1238 1019 1300 sein persiflirten Figur M. G. Conrads,
1766 1245 2482 1317 in New York das regste Interesse nimmt.
1030 1259 1750 1311 Marlow zwar zu einem künstlerisch
307 1283 1009 1329 des Verfassers von „Was die Isar ge¬
1044 1297 1755 1347 hochinteressanten Bühnenversuch; das
303 1322 1018 1373 rauscht", des Herausgebers der seiner¬
1785 1311 2502 1383 Das Philipp=Berg'sche Yorkville
1029 1346 1740 1390 eigentliche dramatische Element fehlte
295 1353 1021 1421 zeit so berühmten „Gesellschaft". Vom
1756 1364 2417 1411 Volkstheater sollte am 11.
1047 1375 1740 1438 jedoch und konnte durch die raffinirte
294 1397 1014 1442 blonden struppigen Haar und Henri
1745 1387 2489 1456 Mts. seine Pforten öffnen. In letzter
1032 1413 1666 1466 Theatermache nicht ersetzt werden.
301 1442 1025 1485 Quatre angefangen bis zum dickschwarz¬
1764 1442 2494 1506 Stunde wurde aber ein Strich durch die
1067 1441 1739 1497 „Der grüne Kakadu“ bot an dramati¬
298 1473 1022 1523 umränderten Kneifer, vom fliegenden
1765 1475 2499 1526 Rechnung gemacht, die in dem Falle lei¬
1027 1480 1744 1532 scher Aufregung Alles, was im Vorher¬
304 1499 1017 1558 Radmantel bis zur flatternden Kravatte,
1758 1516 2494 1566 der ohne den Wirth, das heißt, ohne
1041 1525 1747 1573 gehenden vermißt wurde. Das Spiel
304 1548 1022 1591 von der galligen Laune bis zum falschen
1766 1551 2480 1612 die Kreditoren der Theaterbesitzer ge¬
1040 1554 1742 1608 des Ineinanderrinnens von Schein und
301 1578 1016 1634 modernen Pathos... es würde zu weit
1752 1585 2481 1644 macht worden ist. Das Yorkville Thea¬
1038 1595 1746 1643 Wirklichkeit ist in dieser Groteske mit
306 1623 1011 1678 führen, alle Details aufzuführen, war
1753 1624 2480 1678 ter gehört bekanntlich der Theaterfirma
1036 1632 1741 1685 überraschender technischer Vollendung
300 1663 1021 1708 es Michael Georg Conrad, ich hoffe mit
1757 1662 2481 1711 Hurtig & Seamon. Diese Firma wollte
1039 1672 1737 1715 zur Auslösung der stärksten Effekte ver¬
297 1689 1012 1754 Absicht, weil ich dann Eugen Burg um¬
1763 1698 2477 1754 das Haus an die Philipp = Berg Amu¬
1031 1695 1739 1745 arbeitet. Der Vorabend der französi¬
296 1733 1023 1776 somehr bewundern darf. Und nun zur
1755 1737 2477 1783 sement Co. verpachten und forderte da¬
1041 1743 1740 1783 schen Revolution und die erdichtete
298 1771 1023 1828 nüchternen Betrachtung des Schnitzler¬
1768 1772 2473 1811 für einen Garantiebetrag von 830,000.
1033 1771 1741 1821 Eifersuchtstragödie des Schauspielers
295 1806 587 1874 abends selbst.
1761 1812 2490 1856 Die verlangte Garantie wäre von den
1021 1805 1736 1864 Henri wenden sich auf einen Schlag zur
1762 1847 2496 1897 Finanzmännern der Pächter ohne Fehl
1015 1851 1746 1903 blutigen Wirklichkeit: die Bastille ist er¬
342 1856 1014 1939 Arthur Schnitzler, der Wiener Schrift¬
1751 1884 2492 1935 gestellt worden und nichts schien der
1023 1888 1738 1934 stürmt, das Spiel, dem lüsterne Ari¬
1752 1916 2485 1970 Möglichkeit der bald geplanten Eröff¬
302 1901 1022 1966 steller, wurde dem hiesigen Publikum
1037 1923 1739 1972 stokraten in der Prospere'schen Kneipe
1753 1943 2491 2012 nung eines deutschen Volkstheaters im
294 1952 1022 2011 mit drei Einaktern vorgestellt. Es ist
1026 1957 1738 2013 gelauscht haben, verblaßt im Feuer¬
1749 1988 2484 2040 Wege zu stehen. Wie M. C. Levine, der
294 1995 1014 2032 kein leeres Wort und keine „wohlwel¬
1034 1997 1745 2045 schein der auflodernden Schrecken der
1754 2024 2478 2082 Anwalt der pachtlustigen Unternehmer
297 2028 1012 2083 lende" Redensart, wenn wir behaupten,
1038 2039 1742 2086 großen Revolution und die schöne Mar¬
1762 2070 2485 2109 erklärte, wurde der Plan auch nicht von
290 2059 1016 2125 daß ein Theater einem Dichter selten so
1037 2072 1737 2120 quise jauchzt in sadistischer Verzückung
1751 2103 2487 2148 seiten seiner Klienten vereitelt. Es
284 2097 1009 2162 gerecht wurde, wie dies in unserem
1032 2111 1740 2151 an dem blutüberströmten Leichnam des
1758 2141 2467 2187 handelte sich um ein Präklusionsverfah¬
1029 2149 1731 2190 Herzogs von Cavignac, der dem gezück¬
300 2138 1011 2198 Theater mit Schnitzler der Fall war.
1753 2171 2481 2237 ren mit Bezug auf eine 8120,000 Hypo¬
292 2185 1020 2235 Schnitzler ist seinem innersten Wesen
1031 2179 1740 2245 ten Dolch rasender Eifersucht zum
1739 2212 2470 2265 thek, die auf dem Gebäude ruht. Nach¬
1021 2212 1252 2271 Opfer fiel.
295 2223 1016 2273 nach Novellist. Wo er sich an große Ent¬
1745 2237 2483 2303 dem ein solches Verfahren eingeleitet
285 2257 1020 2314 würfe herangemacht hat, blieb er in Epi¬
1053 2241 1739 2304 Dieses Spiel mit Leidenschaften ist
1753 2283 2487 2336 worden ist, hätten Philipp & Berg
292 2289 1015 2343 soden stecken, in denen seine Kraft liegt.
1028 2293 1736 2342 wohl das packendste Drama, das die
1758 2319 2472 2364 ohne eine von Hurtig & Seamon ge¬
293 2327 1019 2379 Aber Schnitzler ist zugleich der Meister
1032 2329 1736 2384 moderne Literatur aufzuweisen hat.
1746 2359 2464 2404 leistete Gegengarantie der Gefahr ge¬
289 2368 1009 2411 dramatischer Bilderkunst, die sich in den
1031 2365 1741 2411 Herr Marlow hat die volle Wirksam¬
1753 2399 2486 2452 wärtig sein müssen, das Haus nach
1023 2406 1746 2453 keit des Stückes durch eine Regie, die
287 2402 1003 2449 Rahmen einzelner Atke zusammendrän¬
1744 2429 2478 2478 Abschluß der Präkkusion, also etwa in
1026 2439 1732 2486 schlechthin meisterhaft gewesen ist, wo¬
295 2443 1015 2486 gen läßt. In diesen Einaktern kennzeich¬
1029 2477 1740 2527 möglich noch gesteigert. Der Kunst, mit
288 2475 1011 2527 net sich die ganze künstkrische Physiogno¬
1745 2505 2485 2542 die geforderte Gegengarantie nicht ge¬
1020 2513 1740 2558 der er das Spiel leitete, erwies er
292 2517 1005 2570 mie dieses interessanten Modernen der
1749 2543 2473 2595 leistet wurde, haben sich die Verhand¬
1028 2548 1737 2596 selbst sich und alle im Ensemble auch
289 2550 1011 2601 letztmodischen Wiener Schule. Indem
1750 2571 2477 2636 lungen endgiltig zerschlagen. Wie es
1026 2579 1739 2634 als Darsteller völlig würdig. Herr
281 2587 1010 2630 Dr. Baumfeld die Kunst seiner Büh¬
1752 2612 2483 2680 heißt, sollen die Herren Philipp & Berg
1022 2614 1737 2666 Weigert wußte den Henri mit allen
284 2629 1013 2677 nenleiter und Darsteller, sowie die
1744 2656 2464 2695 jetzt ein anderes Heim für ihr geplan¬
1028 2659 1730 2702 Mitteln einer erst pathetischen, dann
295 2671 1015 2714 Pracht seines glänzenden Ausstattungs¬
1752 2686 2472 2742 tes deutsches Volkstheater suchen. Man
1023 2698 1745 2738 tief ergreifend lebenswahren Kunst zu
287 2695 1009 2748 talentes der Muse Arthur Schnitzler's
1426 2733 2467 2780 Saue:mann spricht von einem Haus in der Nähe
1251 2727 1382 2777 Herr
1019 2731 1209 2782 gestalten.
281 2746 1020 2784 widmete, erzielte er nicht nur einen
1742 2757 2480 2816 der unteren Stadt. Auch von einem
1015 2765 1744 2819 spielte einen Demagogen mit köstli¬
283 2780 1007 2832 durchschlagenden Theatererfolg, der Al¬
1741 2798 2472 2840 Theater im Bronx wußte man zu er¬
1019 2807 1733 2850 chem Humor. Herr Collot spielte den
286 2809 1002 2869 les bisher Erreichte (selbst die „Ge¬
1742 2832 2482 2881 zählen. An Geld und gutem Willen
1019 2839 1739 2887 Wirth Prospere mit viel Verständniß
288 2848 1008 2903 spenster"=Vorstellung nicht ausgenom¬
1752 2874 2477 2919 soll's bei Philipp & Berg gewiß nicht
1020 2878 1733 2921 und Herr Mauth gab einen Strolchen
291 2883 1004 2941 men) übertrifft; er ist uns auch wirklich
1752 2910 2467 2956 fehlen und so mag die Hoffnung auf
1028 2919 1741 2961 mit krassem Realismus. Als Marquise
283 2928 1012 2977 „literarisch“ gekommen, ohne deshalb
1755 2941 2477 2990 ein zweites deutsches Theater trotz des
1030 2948 1741 3002 gab Frl. Reicher die interessanteste
289 2962 1003 3011 unerfreulich oder langweilig zu sein.
2383 2982 2461 3026 er¬
1742 2978 2382 3030 Mißerfolges der um's „Yorkville“
1017 2982 1727 3038 und wirksamste Gestaltung, die wir bis¬
293 3003 1006 3050 Dieser Thatsache ist der glänzende Er¬
1742 3006 2476 3067 folgten Bemühungen doch noch in Er¬
1021 3026 1743 3080 her ihrer vielseitigen Kunst ver¬
290 3036 1008 3087 folg des jüngsten Premièren=Abends
1744 3057 2047 3119 füllung gehen.
1023 3058 1180 3111 danken.
286 3074 1011 3116 wohl vor Allem zuzuschreiben gewesen.
1050 3079 1741 3146 „Literatur", ein Lustspiel, das durch
276 3110 1013 3153 Schnitzler kann mit unserem Theater
1773 3106 2477 3182 Wie ein Kabelgramm aus Berlin vom
1025 3132 1740 3186 feine Satyre und packendem Humor
284 3148 1005 3200 nach der Einführung, die ihm hier
1752 3166 2464 3218 31. Oktober meldete, ist Georg En¬
1029 3178 1733 3219 entzückte, gab Herrn Burg Gelegen¬
287 3173 831 3236 wurde, gewiß zufrieden sein.
830 3185 1011 3232 Und Dr.
1751 3205 2456 3247 gels, einer der bekanntesten Schau¬
1024 3213 1729 3252 heit, in der Rolle eines verschmähten
285 3218 998 3270 Baumfeld braucht die Wahl nicht zu
1745 3240 2462 3288 spielern deutscher Zunge, dort plötzlich
1021 3249 1735 3298 Liebhabers eine Kabinetfigur zur
283 3261 1006 3312 reuen. Der Erfolg war ein allseitiger
1751 3280 2473 3328 gestorben. Der Abberufene feierte vor
1010 3278 1734 3331 possenhaften Drolligkeit zu schaffen.
1743 3315 2474 3367 zwei Jahren seinen 60. Geburtstag. Bei
1009 3317 1730 3373 Herr Weigert spielte einen be¬
1744 3349 2463 3392 dieser Gelegenheit war er der Gegen¬
1015 3353 1730 3404 schränkten Baron mit feiner Zurückhal¬
1737 3389 2459 3439 stand herzlicher Ovationen. Engels hat
1007 3390 1720 3444 tung und natürlicher Ungezwungenheit.
319 3359 980 3467 Das Reine Nahrungsmittel - Geset:
1745 3420 2457 3473 seine Laufbahn aus kleinsten Verhält¬
999 3431 1725 3498 Frl. Hofer war als Margarethe die
1740 3458 2473 3510 nissen begonnen. Seine Glanzperiode
320 3448 985 3527 ist seit dem 1. Jan. in Kraft. Der
1011 3467 1724 3514 Dame, um die und deren „Roman“ sich
1744 3502 2468 3558 erlebte er im Berliner Wallner Theater
1018 3498 1720 3552 das lustige Stück dreht, in leichtem
1743 3535 2469 3586 und später als Mitglied des Deutschen
1009 3538 1722 3596 Plauderton ohne komplizirtere Ambi¬
283 3513 982 3618 New Vork Bottling Co.
1728 3574 2465 3630 Theaters unter L'Arronge. Der aus¬
1001 3581 1165 3640 tionen.
380 3596 918 3650 (Ludin-Rayner-Bolen & Byrne)
1728 3601 2457 3657 gezeichnete Komiker war ein besonderer
1734 3647 2454 3690 Liebling des alten Kaisers Wilhelm I.,
369 3643 936 3713 Binger Ale und kohlensaure
1046 3630 1723 3706 Aus der Kanzlei des Deutschen Thea¬
1721 3681 2454 3727 der ihn wiederholt nach Ems beschied,
1042 3689 1374 3738 ers erfahren wir:
1743 3717 2470 3766 um seinen packenden Humor in seinen
1023 3711 1713 3765 Die nächste Novität des Deutschen
427 3736 881 3816 sind stets rein.
1732 3752 2456 3804 Lieblingsrollen zu bewundern. Engels'
1275 3761 1715 3812 wird der dreiaktige
1011 3757 1276 3818 Theaters
2279 3787 2460 3853 Berliner
1739 3796 2279 3837 eigentliches Gebiet war die
1011 3797 1718 3839 Schwank „Die Erziehung zum Don
322 3803 972 3853 Alusschließlich aus Rohrzucker hergestellt.
2284 3832 2470 3883 ernsteren
1734 3831 2268 3875 Posse, doch er stieg auch zu
1005 3834 1714 3900 Juan“ von Ernst Klein sein. Dieses
325 3849 979 3885 Ohne Präservirmittel irgend welcher Art.
2263 3862 2470 3929 u. A. die
1738 3867 2265 3909 Aufgaben empor. Er kreirte
1015 3873 1718 3916 Stück hat in Europa auf einer großen
333 3886 984 3943 Frei von Antlin=Farben oder Saccharin.
1741 3902 2467 3947 Titelrolle in Hauptmann's „College
1011 3909 1713 3963 Reihe deutscher und österreichischer Büh¬
1732 3947 2446 3986 Crampton“. In dieser Rolle, im „Herr
1006 3946 1718 3995 nen einen sehr starken Heiterkeitserfolg
704 3943 991 4015 Fit to Drink“
303 3953 490 4033 Ang
1010 3978 2466 4047 errungen. Es wird ihm besonders nach= Senator“ und anderen Lieblingsrollen
471 3949 1000 4047 ind that s. —
2480 105 2759 156 n
2800 100 3196 151 S
2474 149 3196 193 Lieder erhöht das Interesse an dem
2679 373 3136 536 Greenhul
2634 570 2885 653 and
2658 640 3138 811 Company
2623 910 3105 1016 Storm Coats
2628 1163 2960 1289 Princess
2651 1273 2879 1368 Coats
2622 1468 2944 1571 Anzüge
2621 1553 3095 1665 für Mädchen
2621 1651 2800 1747 und
2619 1724 3139 1851 kleine Frauen
2618 2012 2920 2142 Feines
2629 2126 2995 2236 Nainsook
2659 2226 3026 2328 Unterzeug
2612 2581 3068 2696 Bade-Roben
2610 2745 2787 2844 Die
2624 2838 3124 2938 vortrefflichen
2624 2930 2941 3029 Meurice
2621 3006 3076 3127 Handschuhe
2612 3428 3059 3541 Ersparnisse
2612 3528 2727 3628 in
2615 3612 2874 3717 Seiden
2907 3812 3262 3904 Sechste 2
