3344 4352
209 83 553 129 utti il desiderio
558 94 1002 160 dubbie. E non a lorto.
238 115 550 166 delitto non ri¬
1533 91 2247 175 * Pordon Camour
937 142 1069 205 4%
230 152 558 215 5 vold Mon Fie¬
1466 153 2324 215 Domani avra mnogo, alle ore 17, ln scconda
222 174 589 250 troppo! Per Ia
575 194 2333 249 Ed eccoei al drannna. Ho preinesse clle elconferenza del eiclo di Pulazzo Madamn. Er¬
213 241 2338 288 nte dna giorna-Metro. Giudiente. Siamo in ospedale: deregnest Tissct, ecchtereneier du Theätre National
243 274 2337 335 Fünzionari edtun giornalista, Carlo Rademacher, ha er-Tde Podéch“. poriern eul Purdon Wamour duns
1492 310 1884 364 Theätre Fraiçdise.
219 297 1453 369 eequella squa-Vmai contati i momenti di viin, e un pove¬
1514 316 2317 384 biglietti della conferenza saranno- messi, in
230 355 1453 397 #ostutti i tastilraccio di attore comtico sta per essens spe.
1479 380 2321 422 c## uel giorno stesso della conferenza,
227 389 1442 441 mente conosein-Idito, senza saperlo. fra otto giorni, de que
1468 416 2321 459 lalle ore 10 alle 12 e dalle 15 alle 17, presso
230 428 1432 494 casa) i cavalie-Imendo. C’é un'infermiern, ei son dite Hot¬
1490 456 2317 516 Segretariato delle conferenze (Palazzo Ma¬
240 465 566 523 della win, füro¬
557 470 1447 513 tori. dalla eui figura lo Schnitzler. Tautore
1454 486 1607 538 dania).
235 509 1447 559 rogatio me nee-stenta di espriniere, con aleuni tratti satiri¬
221 548 562 602 16 6 potnin cil¬
565 542 1447 606 ci. lo scetticismo  lindifferenga. Carlo Ru¬
937 573 1457 634 di mnorire, prega viva¬
231 579 892 625 ###n. ### gli in-Idemacher, ele
1536 554 2244 650 Un'espösizione a Parigi
251 618 1442 658 contatio dellefmnente und dei dettori, perche vada a chid¬
241 657 1440 707 della scoperta hinase in ste amtce. Alessandro Weingust,
1437 645 2321 734 pel museo segantiniano a S. Moritz.
550 697 1442 734 Tu. cul vuol fare und importunte comutien¬
228 689 564 744 prove. Escluso
1894 712 2314 775 Parigl. 15, ore 24.
232 730 1445 775 por la notoriazione, II dottore dapprima non vuol Resc
1486 742 2325 814 Prenessn dal Comitato parigino della
229 759 1447 816 ##r la vittima, iljdiscendere alla preghiera del moribonde.
223 805 1443 854 Shito che o perima poi se ne va alla ricerea del signon Weilt¬
1439 802 2323 866 Daahte Aligineri, ed organizzata dulla galle¬
1448 845 2238 890 ria darte modernn italiand, oggi s.
217 847 1447 893 gità o per ven-Igast, II giernalista rimane cosi solo con
232 882 1447 938 Fesse dei nemiei Tuttore: a poco a poco gli si confidu: gli
1446 876 2338 942 perta in via Richelied ui'esposizione pro
220 923 1445 973 1otizia; anzi ri-Frivela ie umarezze della sua vita, per cin¬
1431 918 2349 977 #useo Segamtini, da erigersi a Saint Moritz
227 963 1444 1012 eu godeva delleiqnantaquattranni in lotta con Tavversila.
1447 969 2326 1019 neil’Engadima. Lo scopo di questo musen 6
230 1002 556 1061 uoi Conoscenti.
555 999 2342 1059 con In disdetta, con la miserin; gli narra inoto. Si trattu di ruccogliere u. Saint Mo¬
223 1039 568 1099 babile T’ipotesi
569 1045 2335 1084 suo odio pel Weihgast, suo compagno di gio-Pritz, in faccia alla montagna Shafberg, do¬
571 1079 1437 1124 ventu. uno spirito dalla fertuna piu ciech
247 1077 555 1134 #e anche avva¬
1448 1075 2343 1138 ve e morto il pittore, le opere capituli di
566 1121 1434 1163 allu fama di pocta illustre, alla ricchezzu,
233 1117 570 1181 nbili riscontrati
1452 1119 2336 1184 Segantini: riproduzioni Totograliche ac¬
256 1165 1442 1211 stearina fattalagli onori. Egli Podia quel Weihgast forin¬
567 1154 2343 1235 uato. cosl indegne, cosi Spüdoratiment Vue forti ecc. ecc. e quelle ältre opere che
261 1201 558 1253 con tud can¬
1458 1216 2329 1270 #musei delle principali città e parecchi a¬
240 1228 1450 1283 ####iche soitanto prospero e felice, cosi inferiore per ingegno
554 1246 2346 1320 e per carattere u. lui. E prima di morres matori conservano gelosamente. 11 musco
235 1270 308 1328 in
299 1268 559 1331 basso della
1448 1284 2348 1341 consisterà in un. edificio degno della ce¬
559 1309 1446 1359 vuol prendersi und rivineita. vuol gridargli
231 1311 562 1365 apo delle ricer¬
1454 1335 2357 1382 lebrita del maestro e che sara ornato del
570 1348 1443 1393 sul viso i suoi insulti, scagliargli il suo di¬
369 1352 566 1406 si e reso
1446 1379 2333 1427 monumento fünehre di Loouardo Bistolfi, e
567 1388 1444 1435 sprezzo, dirgli un'altra cosn ancora pin ter¬
237 1389 550 1447 uschrando tutte
1446 1419 2328 1471 del busto del pruncipe Paolo Troubetzkoi,
567 1421 1449 1476 ribile. Dio gli dia la forza in quest'ultino
246 1426 559 1490 #0 appoggiate
1442 1461 2329 1509 con und biblioteca annessn, che sard desti¬
562 1467 1454 1506 momento, la gioia di questa supremiu rive¬
1453 1495 2332 1548 nata A contenere tutte le pubblicazioni com¬
557 1500 1452 1546 lazione. Quale? gli chiede Tattore: e gli
235 1490 565 1561 verrà eseguita
1442 1541 2329 1587 cernenti Tartista, volumi, periodici appar¬
567 1546 1446 1589 suggerisce di provare con lui la scend, che
252 1543 563 1602 istituti univer¬
567 1578 1449 1625 tra poco vuol avere con l’amico odiato. Car¬
1450 1583 2327 1634 si nel mondo intero, e riassumenti le lotte,
262 1583 559 1640 Tovo. Vi assi¬
567 1622 1435 1664 lo Rademacher accetta e cemnineia u parla¬
1444 1623 2344 1681 le gloriee la vita di Giovanni Segantinh
262 1622 551 1688 istrüttore av¬
552 1650 1442 1710 re dinanzi a Jui, ccme se nvesse di fronte 1
1451 1666 2325 1707 La mostra di vie Richelien é aperta appun¬
566 1699 1450 1748 Weihlgast: esala. con und corsitaziolle ere¬
240 1694 569 1760 1 sono lattese.
1451 1703 2338 1753 to a profitto del museo Segantini a Saint
562 1735 1452 1777 scente il suo odlio e il suo disprezzo, e riveln
248 1742 559 1801 le causb reuli
1447 1747 2336 1790 Moritz, e raccoglie mmmerose tele degli al¬
558 1782 1443 1827 inline T’ultimo segreto, con eut vuol colpire
243 1781 562 1846 ora pohhte ac¬
1452 1787 2339 1835 lievi della sua scuola, fra eui quelle di
559 1812 1438 1863 Tavversario: egli e stato Pamante rlamato,
1442 1824 2347 1883 Fomtati, Raniponi ecc. Vi. sono pure aleune
575 1856 1444 1904 e per lungo tempo, dellu meglie di lui. Do¬
1447 1877 2342 1927 delle principali tele del maestro, fra cui
248 1857 491 1937 tra
550 1900 1440 1942 po In prova della rivelazione, il povero amn¬
1450 1910 2337 1957 celebre trittico, l’antoritratto ccc. All’i¬
274 1922 1444 1977 d’ahni 56, a# malato riende amaute, sfinite sulla sun pol¬
1444 1938 2344 2020 naugurazione dell’esposizione intervennero
268 1967 1449 2019 41, Iscendendo trond. Quando, poco depo. arriva in personu
1483 1993 2333 2041 conte Gallina, le notabilità della colonia.
260 2003 1459 2058 moid in corso Alessandro Weihgast, il giornalista lo guar¬
560 2040 2337 2104 da lisso. comte se dagli oechi volesse river-#itallana, i giornalisti ed il presidente del
255 2041 557 2100 oduchidosi In
1441 2072 2126 2142 ecanitato della Dante Alighieri.
267 2083 1440 2130 I mhitl della lsare: nell’anima di lui tutta l’avversione
285 2119 1450 2164 In Harella alsterribile, ma non parla, non osn. parlare,
243 2154 1429 2204 ##ta e gludicnta non vuol rin parlare. Nel suo spirito si
549 2198 1449 2252 fatta una improvvisa mutazione. Perché
1552 2127 2176 2291 SPOKT
252 2218 404 2299 die“
559 2241 1456 2302 dirgli T’estremo insulto?, perché fargli co¬
557 2278 1457 2336 noscere la verita? Ormai egli e un morente:
1703 2282 2080 2358 TIRO A VOLO.
256 2282 551 2350 18 abitaute in
553 2307 1458 2368 demani non sarà pin? Che gli importa ora
256 2333 556 2395 1und pustiglia
551 2359 1451 2403 piu delle prosperità di lui, della sun eflimera
1461 2333 2320 2426 Gruppo tiratori al volo - Martinetto
250 2374 550 2432 ieito di darsi
551 2398 1453 2451 gloria? Che gli importa degli affanni che
1459 2393 2309 2460 Dorenica, 20 dicembre, avranno luogo a
555 2432 1447 2495 colui petrà avere? Che della gioin che egli
255 2428 554 2491 rf essa venne
1441 2441 2310 2506 Poligono di tiro a segno importanti gare d
555 2472 1437 2522 pilo ritrarre momentaneamente dalla sun
254 2484 551 2535 Sin Giovanni.
1447 2486 2321 2536 Gro al volo, col seguente programma. Tiro
556 2504 1435 2560 rivelazione? Cosi lo lascia partire senza
255 2514 549 2577 dello stomaco.
1435 2524 2325 2580 di prova (un piccione da metri 26) e tiro Ge¬
550 2556 1445 2606 nulla dirgli. E all'attore, che lo interrogu,
264 2552 462 2610 Jognosi.
1441 2556 2247 2623 nerale handicap. L. 300), cinque piccioni.
545 2593 1453 2648 risponde nell’aceasciamento supreino: & Cho
1741 2595 2033 2661 ALPINISMO.
261 2587 424 2660 allo.
551 2630 1456 2685 cosa ha da fare uno di moi con quelli cho
264 2634 517 2700 Ambrogio.
547 2671 1252 2723 domani sono ancora al mondo? v.
1506 2641 2286 2730 Un’ardita ascensione alpina
273 2689 341 2731 N.
331 2687 536 2739 25, mentr
573 2693 1452 2750 L’atto dello Schuitzler & tetro, ma ha ra¬
254 2716 554 2775 Cairoli, presso
1613 2711 2133 2789 al Monte Mucrone
549 2744 1446 2793 gieni di attruenzu e di interesse maggiori.
253 2751 541 2809 9 dal calclo di
1476 2770 2011 2831 Ci scrivono da Biella, 15:
557 2786 1441 2831 E' una suecessione di scene, che Frocedono
252 2782 552 2848 Mario Istra¬
1454 2795 2326 2868 Ena Mumerosa Comitiva di alpinisti biellesi
555 2823 1444 2870 da una base artiflziatae si sviluppano con
258 2826 544 2876 alla coscia si¬
1454 2855 2322 2903 torinesi del Chab Alpino Italiano, partiti la
553 2859 1411 2909 und espressione alquanto manierata; 6 ul
260 2865 562 2926 San Ciovanni
1442 2891 2323 2932 sera di sabato da Biella, glungevano all’Ospi¬
540 2896 1419 2943 drannnettino adatto a virtuosità di inter
260 2903 426 2966 Jorni.
1435 2923 2330 2973 zio d’Oropa e pernottavano al Rifugio Rosazza
543 2941 1419 2993 pretazione — Ruggero-Ruggeri recito infat¬
1436 2958 2336 3020 per poi compiere al mattino di domenica la
537 2986 1424 3031 ti la sua scend. figurando il giernalista, con
1440 2985 1829 3032 salita ab Mucrone.
260 2992 560 3061 sione, abitan¬
550 3019 1431 3066 quel magnifico impeto di passione comuni¬
1451 3013 2325 3076 L’ascensione fu eseguita con un tempo bei¬
263 3048 555 3090 zinocando conl
549 3058 1428 3101 cativa di eui ha Partisticu signoria, — ma
1434 3054 2313 3105 lissimo, malgrado della massa di neve gelate
258 3081 545 3133 la Andrea Do¬
561 3090 1437 3150 é fatto pure con mano vigorosa 6 anche
1442 3096 2321 3161 che ostacolava e rendeva pist pericolosa la
266 3121 545 3169 questi un cal¬
1443 3135 2081 3175 marcia e pin diffleile In salita.
553 3137 1427 3176 non di rado con un certo aspetto di origina¬
272 3149 551 3205 ione ul Daseu
1461 3158 2316 3216 Dopo breve fermata sulla vetta del Mucrone,
552 3166 1444 3224 lita. Alle sna line, Tuditorio diede applausl
274 3186 553 3254 medicato dal
1456 3192 2322 3247 gitanti dntrapresero la discesa dal lato oppo¬
553 3209 1149 3263 all’opera ed agli interpreti
1135 3209 1411 3262 prineipali,
1438 3237 2326 3300 sto per ln cresta Est, ed anche questa fu com¬
1005 3239 1438 3311 Bertramo. Im prima
544 3243 958 3304 Ruggeri, il Ferrero.
1440 3266 1805 3323 Piuta felicemente.
545 3293 1165 3354 fila naturalmente, il Ruggeri.
1460 3281 2331 3352 La bella ed ardita gita fn solo funestata da
266 3304 551 3369 0 Gardido, di
1433 3338 2322 3385 un ineidente che peró non ebbe gravi conse¬
940 3333 1066 3409 4%
267 3344 559 3403 jasse di Stura,
1442 3379 2326 3421 guenze. II signor Achille Penna, partecipante
279 3386 557 3434 ple esplose. fe¬
574 3387 1440 3444 Cene Gadio, dello Schmitzler stessomon&
1431 3413 2325 3470 Iall’ascensione, cadeva sulla neve gelata rpor¬
270 3412 552 3468 #to nella Fab¬
554 3435 1430 3478 veramente piu una hovità per tutto il pub¬
285 3444 555 3497 Pino, fu me¬
1441 3444 1986 3492 tando ferite di poca entita.
569 3474 1441 3530 blico di Torino. II piacevole atte gia fu u¬
274 3470 559 3525 h4 lo gludico
279 3511 559 3575 204 trasportare
546 3508 1449 3571 dito e gustato parecchi auni fa, nel vecchio
543 3550 1459 3618 e scomparss Tentro Gerbino, in und deile
1503 3541 2259 3625 Un cndavere galleggiante.
547 3584 1444 3637 #cite straordinarie di Charlotte Wie, attri¬
312 3570 505 3646 orde.
1520 3603 2261 3668 telegrafano da Ferrard, 15, ore 20,40:
328 3622 1443 3678 f. da Chi- ce genidle e intelligentissima. Allora nell’e¬
1484 3648 2324 3694 En wandante ciie percorreva ieri sera il mar¬
320 3664 1443 3717 16, si reco dizione francese, T’atto tedosco dello Schnit¬
1433 3679 2328 3729 zine del canale d cinrconvallazione tra Porta
312 3698 1446 3766 zuna ferita zler placque: Piacque masglormente ancera
1435 3725 2324 3767 a Maree Porta San Glorgio, scorse un corpo
328 3744 1443 3787 hnorso das ieri, nell’edizione italiana. Due amanti. cho
1439 3753 2323 3798 mnono gallegglante sullacqua. Avvisato i1 vi¬
333 3771 512 3825 Hpotivi.
593 3784 1436 3831 sono giurati di dividersi quando non si
1438 3781 2328 3838 Gno posto daziario, con Piuto di guardie, po¬
340 3806 1447 3867 in venti amassero piü o fossero sul punto di tradirsi.
1435 3825 2314 3862 te trärre ulla riva il Cadavere. I popolans, ac¬
1442 3858 2315 3900 vorsi. 1o ddentificarano per quello di Ginseppe
559 3850 1449 3899 si trovano in un'ultime ccna d’addio, senlzu
1445 3885 2318 3927 Manfrehinl, agente rurale e beuestante. La Po¬
545 3885 1427 3949 #che T’una sappia che Paltro ha ln stessa con.
335 3879 490 3948 Gro.
1437 3926 2329 3968 Win, Fredendo di poter collegare certe fraccie
352 3931 1436 3991 Eflsio fu fessione da fare. Ed e la denna a dichiara¬
1434 3959 2318 3999 di violenza risconitrate sul corpo con Circo¬
334 3966 1384 4015 dle in sei re per la primia schiettamente la verltä.
1445 3990 2324 4035 stanze uil Indizi di singolare gravità, proce¬
351 3995 1435 4061 li da un La sccna non si puo riassmnnere nelle stu¬
1438 4003 2341 4084 dette all'arresto di un certo Brevegliere, di
525 4052 1982 4115 (mature, che la rendono attrachte e piacevo-)Tresco reduce dallu gülerd.
2561 80 2819 156 Aereie
2425 101 2911 175 W  e e e
2347 285 3229 366 #aurail. alle ore 22, immnito dei confortt reli¬
2327 319 2853 394 glosi, serenamente Spirava
2321 371 3245 497 Barberis Francesco
2628 477 2909 546 d’anni 84
2364 519 3238 584 I figli EMILIO colla consorte LINDA CELO¬
2592 571 3222 626 ### Pa# ###, po
2328 583 3228 648 X100. VIRdISIA col marito EMIILIO VERGA,
2332 646 3221 695 ##aneo-tarmariste, e balie DoMfTILLA° GIUSEP¬
2325 673 3230 733 PINA: II Tratelle geometra FRANCESCO, nipoti¬
2336 711 3166 757 e parenti tutti ne danne i triste annunzio.
2391 739 3244 799 funemli avtunne iego inercoledl, 16 cor¬
2335 779 2988 833 rente, ore 9, ull’Abbadia di Sturn.
2385 800 3175 871 Non si mundond speciali partecipdziont.
2422 862 2591 990 1
2893 861 3243 1004 1
2363 1097 3251 1177 Stamale, alle ore 6, Screnamente ei spegneva
2332 1142 2839 1211 nel bacio del Signore il
2334 1177 3259 1308 Prof. Cav. Magnani Giuseppo
2471 1275 3078 1349 Dottore in fllosofia e lettere
2392 1321 3191 1399 Direttore Scuole Municipali di Torino.
2386 1377 3244 1445 Le üiglie LUISA ved. FEA · VIVINA, coi pa¬
2337 1407 3242 1468 reini tutti, col cuore in schianto, ne danno il
2332 1462 3238 1511 dolorosissimo unnunzio e rimgraziano antici¬
2337 1496 3237 1537 patamente le gentili persone che vorranno da¬
2342 1531 3239 1572 re un ultimo tributo d’affetto all’estinto ac¬
2339 1566 3239 1617 compagnandone la salma in sepoltura glovedi,
2340 1606 3216 1656 17 corr., ore 9, partendo da via Consolafn, 1.
2367 1643 3244 1714 Non si mandano partecipazioni speciali e 61
2334 1667 2755 1739 dispensa dalle visite.
2396 1710 2924 1778 Torino, 15 dicembre 1908.
3088 1711 3256 1788 34253
2357 1973 3239 2033 Lunedi, alle 12. dopo breve mnalattia, munito
2335 1991 3244 2078 dei conforti religlosi, spirava l'anima eletta di
2431 2073 3160 2162 CÖSTEEEI ENRICO
2639 2141 2926 2199 d’anni 03
2542 2179 3009 2258 Negoziante vini
2355 2235 3250 2291 La moglie GINO ERNESTA coi flgli e con¬
2327 2276 3245 2353 gitmnti, fratelli, sorelle, nipoti e parenti tutti
2339 2323 2914 2379 he danno il triste annuncio.
2358 2355 3240 2425 La sepoltura avrd luogo oggi, mercoledi, 16
2324 2382 3240 2466 corrente, alle ore 15, partendo da plazza Ca¬
2328 2434 2598 2488 stello, N. 18.
2364 2455 3238 2541 Serva il presente a quanti per involontari
2325 2514 3233 2567 annentiennza non pervenisse speciale parte¬
2324 2552 2545 2600 cipazione.
3068 2556 3236 2609 c 34240
2550 2593 2613 2676 1
2358 2765 3240 2817 leri mattina, alle ore 6, rendeva serenk¬
2326 2798 3229 2877 inente Tanima a Dio, munito del conforti re¬
2333 2837 2499 2909 glosi, 11
2328 2881 3234 3001 Cav. Alessandro Cruto
2639 2974 2920 3032 Tanni 61
2346 2999 3139 3084 La moglie LIBERATA CAMANDONA, II
2327 3042 3231 3114 glio ALFONSO, Ie Rglie RITAe LEA, il fra¬
2324 3096 3229 3135 tello Maggiore Cav. FRANCESCO con la mo¬
2322 3134 3225 3173 glie GAROLINA GESANO e lglie GIUSEPPI¬
2318 3163 3234 3219 NAE MARIA, 1 cognati e cognate e parenti
2323 3201 3242 3271 tutdi, profondamente aMflitti, ne dänno il triste
2321 3235 2537 3287 annuncie.
2441 3256 3090 3331 Non si manduno partecipaziont.
2339 3305 2390 3360 I
2390 3304 3227 3389 funerali avranno Inogo in Piossasco gio¬
2331 3352 2914 3407 vedi, 17 corrente, alle ore 9.
3086 3361 3227 3424 34252
2389 3399 2711 3503 S
2949 3412 3204 3618 1
2344 3580 3249 3663 Depo bere m###t#a, munito dei conforti religiosl,
2340 3617 3147 3693 rendeva l’anima a Dio ieri sera, alle ore 23,25,
2348 3668 3209 3770 Panarari Cesare
2375 3749 3156 3818 Capo officina Opificio arredi militarl
2351 3798 3244 3861 Straßati dal dolore, ne dänno il briste annunzon
2318 3819 3218 3904 la moglie MABCELLINA SONCINIe il figlio GUT¬
2317 3865 2585 3922 DO o parenti.
3095 3877 3236 3938 34207
2388 3900 2861 3950 Torino, 15 dicombre 1908.
2335 3927 3246 3998 La sepoltura avrà Inogo domani, 16 corrente, alle
2329 3972 3101 4009 ore 15,30, partondo da via Boucheron, N. 1.
