3392 4224
1550 44 1996 128 bos 34/7
1055 56 1189 121 Ma
287 63 1396 163 8. Die letzten—
688 1465 1886 1533 Caféhausliteraten, die freilich in all' ihren Pointen um die
687 1498 1889 1571 Wissenden vom Bau“ verstehen werden, Reiz und Wirkung geben
688 1548 1876 1609 kann. Selbst Frl. Serda, die die meisten Wendungen des oft aller¬
686 1586 1871 1634 dings mehr witzelnden, als witzigen Dialogs mit dem nötigen
677 1631 1880 1685 Humor gab, war nicht Bohemienne genug, um zu ihrem geliebten
685 1664 1881 1733 Baron, der von Herrn Franz ebenso charmant in seiner uulitera¬
673 1707 1859 1758 rischen Geistesverfassung, wie glänzend in seinen Bonvivantallmten
672 1743 1852 1789 repräsentiert wurde, den nötigen Kontraft auszumachen. Sehr
678 1777 1851 1831 geschickt hatte sich Herr René die Rolle des Gilbert zurecht
678 1814 1866 1861 gelegt; er verhalf der für ein Hoftheaterpublikum in den gewagten
676 1853 1873 1908 Wendungen sehr leicht peinlich wirkenden Figur zu einem ent¬
675 1883 1029 1940 schiedenen Erfolge,
1029 1892 1869 1947 der der Wirkung des ganzen Stückes zu gute
681 1929 1859 1996 kam. — Das Beste in Darstellung wie Stimmung gab der den
681 1964 1863 2019 Abend einleitende Einakter „Unsteiblichkeit, ein drama¬
677 2000 1859 2051 tisches Gedicht von Königsbrun=Schaup, das gestern mit so nuch¬
677 2033 1856 2094 drücklicher Wirkung seine Uraufführung auf unserer Hofbühne
678 2073 1854 2125 erlebte, daß der anwesende Dichter, auf das Lebhafteste applaudlert,
678 2117 1857 2168 wiederholt vor der Gardine erscheinen mußte. Gewiß ist nicht alles
669 2157 1856 2200 gut an dem neuen Weike — es arbeitet bisweilen mit zu vielen
673 2192 1854 2236 und zu großen Worten, äußerlichem Pomp und melodiamatischen
673 2223 1856 2278 Effekten, die das klare Erkennen der Grundidee des Dramolets
674 2259 901 2309 erschweren,
902 2275 1855 2316 — aber es ist alles in allem die Gabe eines echten
670 2294 1859 2355 Dichters, der all' den Farbenglanz, den er sieht, und all' das
679 2341 1844 2388 Leid, das aus den tragischen Schicksalen zweier Seelen fließt,
667 2380 1855 2423 mit der Buntheit des Lebens auf die Bühne bannt. Man fühlt es
676 2424 1851 2471 allenthalben, auch da, wo der tiefgründige Sinn des Dramas, das
672 2456 1843 2502 übrigens heute in einer typographisch mustergültigen Ausgabe in
672 2484 1849 2541 E. Piersons Verlag (Dresden) als Buchausgabe erscheint, hinter
671 2530 1847 2583 dunklen Worten sich birgt, daß Königsbrun=Schaup aus reichen
679 2566 1847 2613 Schätzen schöpft; darum dringt seine Poesie, mag manches an ihr
667 2609 1844 2652 auch mystisch oder romantisch, katholisierend oder romanisierend
673 2647 1853 2687 anmuten, in die Tiefen des Herzens und der Geschehnisse, eigreift
677 2680 1848 2733 und erfreut überdies durch eine Fülle guter Beobachtungen. Die Fabel
671 2722 1852 2770 klingt leise an Historisches an, an einzelne Briefstellen Petraicas,
662 2753 1845 2801 des gefeierten Sängers der Laura=Lieder, der im Mannesalter,
673 2791 1850 2835 da er als das „dritte Haupt der Christenheit“, als der Freund des
668 2822 1851 2874 Papstes und Colonnas weit über Gebühr gevriesen wurde, des
671 2862 1841 2914 Lebens satt war und an die Episode mit der Madonna Lauia nun
671 2906 1847 2945 in leiser Resignation noch dachte, die Bitternis der „dichterischen
664 2942 1855 2994 Indiskretion“ in schweren Vorwürfen durchkostend. Den Schlüssel
666 2974 1861 3032 zur Lösung des dramatischen Konfliktes geben die Worte Peitarcas:
1897 3979 1946 4041 —
2672 1488 2960 1551 „Ich wagt' es,
2019 1503 2878 1575 Erhob'nen Haupts, heut' vor Dich hinzutreten,
2020 1553 2846 1603 Weil ich verschmähler Liebe Leid bezwungen!
2018 1594 2921 1666 Und wie bezwang ichs? Was hab' ich erduldet?
2023 1641 2583 1696 Ich schlie es aus, mein Leid!
2590 1660 2961 1743 Ich sang von Dir,
2020 1701 2798 1754 Und Deinen Namen wob ich in das Lied —
2016 1754 2872 1802 Verriet, entweihte Dich und mein Geheimnis!
2019 1788 2895 1844 Und sang mit solcher Glut und Macht, daß sich
2022 1827 2643 1870 Ein tauien' facher Widerhall eihob
2018 1862 2882 1922 Und Du vom Zauberklang des Ruhms ergriffen
2012 1903 2855 1951 Zum Opfer fielst, dem Lied, das mich befreite.
2009 1938 2792 2007 Entweihung und Veirat war meine Kunst!
2019 1975 2782 2039 Dir zum Verderben lockte ich den Ruhm.
1870 2017 3055 2085 Näch solch' schwerer Anklage wirkt die Katastrophe, der Laura zum
1878 2069 3055 2117 Opfer fällt, doppelt erschütternd; sie bringt auch die Kathaisis, die
1877 2109 3057 2149 Reinigung für Petrarca, der unter den Klängen eines mystischen
1882 2143 3064 2190 Hymuus zum „Heiligen“ geht, zu seinem Richter, nachdem ihm
1870 2183 3059 2235 vother ein Giuß der Jugend in Lauras Tochter begegnet, der
1880 2224 3056 2265 „Unsterblichkeit“ jener echten Laura, der seine Lieder galten, die
1874 2261 3062 2298 ihn berühmt vor aller Welt gemacht. Die Darstellung der Dich¬
1881 2291 3059 2350 tung war vortrefflich. Vornehmlich Herr Wiecke, der ihr den
1868 2329 3056 2401 sieghaften Glanz seines für Aufgaben dieser Art besonders geeigneten
1873 2371 3055 2405 Talentes lieh, war als Petraica auf ragender Höhe, gab den
1873 2406 3041 2462 schwungvollen Worten mit rednerischer Schärfe höchste Eindring¬
1866 2450 3047 2507 lichkeit und machte in dem von Fantos feinen Händen entworfenen
1864 2484 3044 2531 historisch echten Prunkkostüm eine interessante Figur. Neben ihm
1870 2520 3050 2568 nahm sich Frau Salbach mit größter Hingebung der Madonna
1864 2556 3054 2602 Laura an, ohne freilich bei allen Wendungen in ihrer schwierigen
1864 2595 3061 2648 Rolle gestern so recht innerlich zu wirken. Die Herren Winds;
1862 2635 3059 2683 (Markgraf Guidobald), Müller (Clemens) und Neumann (der
1861 2669 3050 2722 Gartenvogt) bildeten im Verein mit Frl. Politz (die junge Laura)¬
1867 2712 3047 2749 ein befriedigendes Ensemble. Die Ausstattung, wie die ganze
1862 2749 3057 2797 Inszenierung des Werkes durch Heirn Oberregineur Lewinger, der
1863 2788 3047 2838 auch für die beiden anderen Einakter als Svielleiter — mehr
2019 2815 2069 2859 —
1867 2818 2024 2867 Tempo!
2071 2826 3048 2866 verantwortlich zeichnete, war glänzend, die von
1867 2854 3046 2915 Tavernier der Tichtung beigegebene Bühnenmusik wirkte im höchsten
1858 2897 3040 2946 Gende illusionsfördernd, so daß äußerlich das Werk völlig in dem
1856 2937 3044 3004 Rahmen auftrat, den seine künstlerische Qualitäten verlangen und
1855 2967 2052 3023 verdienen.
2688 2977 3020 3044 P. A. Wolff.
