<?xml version="1.0" encoding="UTF-8" standalone="yes"?>
<PcGts xmlns="http://schema.primaresearch.org/PAGE/gts/pagecontent/2013-07-15" xmlns:xsi="http://www.w3.org/2001/XMLSchema-instance" xsi:schemaLocation="http://schema.primaresearch.org/PAGE/gts/pagecontent/2013-07-15 http://schema.primaresearch.org/PAGE/gts/pagecontent/2013-07-15/pagecontent.xsd">
    <Metadata>
        <Creator>prov=University of Rostock/Institute of Mathematics/CITlab/Gundram Leifert/gundram.leifert@uni-rostock.de:name=ONB_Newseye_GT_M1+(htr_id=10810)::::v=2.4.2
prov=University of Rostock/Institute of Mathematics/CITlab/Tobias Gruening/tobias.gruening@uni-rostock.de:name=de.uros.citlab.module.baseline2polygon.B2PSeamMultiOriented:v=2.4.2
prov=University of Rostock/Institute of Mathematics/CITlab/Tobias Gruening/tobias.gruening@uni-rostock.de:name=/mnt/transkribus/LA/DEA/URO/LA_news_onb_att.pb:de.uros.citlab.segmentation.CITlab_LA_ML:v=2.4.2
Transkribus</Creator>
        <Created>2019-10-07T12:13:35.973+02:00</Created>
        <LastChange>2019-10-08T13:52:32.119+02:00</LastChange>
        <TranskribusMetadata docId="224046" pageId="9507218" pageNr="18" tsid="16582889" status="IN_PROGRESS" userId="40391" imgUrl="https://files.transkribus.eu/Get?id=TKQIGSZASHDSLUKRGWDBNSLN&amp;fileType=view" xmlUrl="https://files.transkribus.eu/Get?id=VONERUNBUAANWGUZKBNNMVMK" imageId="6196961"/>
    </Metadata>
    <Page imageFilename="224046_0018.jpeg" imageWidth="3392" imageHeight="4352">
        <ReadingOrder>
            <OrderedGroup id="ro_1711444359857" caption="Regions reading order">
                <RegionRefIndexed index="0" regionRef="r1"/>
                <RegionRefIndexed index="1" regionRef="r2"/>
            </OrderedGroup>
        </ReadingOrder>
        <TextRegion orientation="0.0" id="r1" custom="readingOrder {index:0;}">
            <Coords points="277,226 277,3449 3302,3449 3302,226"/>
            <TextLine id="r1l1" custom="readingOrder {index:0;}">
                <Coords points="1523,273 1675,273 1750,251 1779,270 1808,256 1866,277 1905,255 1932,267 1954,250 1991,252 1991,205 1937,184 1867,208 1836,189 1769,198 1716,228 1690,208 1658,218 1569,192 1523,198"/>
                <Baseline points="1532,254 1557,254 1582,254 1607,253 1632,253 1657,253 1682,253 1707,253 1732,252 1757,252 1782,252 1807,252 1832,251 1857,251 1882,251 1907,250 1932,250 1957,249 1983,249"/>
                <TextEquiv>
                    <Unicode>box 34/7</Unicode>
                </TextEquiv>
            </TextLine>
            <TextLine id="r1l2" custom="readingOrder {index:1;}">
                <Coords points="1027,261 1040,261 1052,273 1065,268 1088,272 1098,267 1119,271 1121,206 1110,206 1106,202 1099,207 1074,208 1067,214 1050,211 1038,202 1029,202"/>
                <Baseline points="1037,260 1074,259 1111,262"/>
                <TextEquiv>
                    <Unicode>M.</Unicode>
                </TextEquiv>
            </TextLine>
            <TextLine id="r1l3" custom="readingOrder {index:2;}">
                <Coords points="268,288 1264,314 1374,277 1374,223 1212,206 1064,268 974,221 761,208 664,214 616,260 520,219 391,264 268,234"/>
                <Baseline points="277,275 331,279 385,282 440,285 494,287 549,289 603,289 658,289 712,289 767,288 821,287 875,286 930,285 984,284 1039,282 1093,281 1148,280 1202,279 1257,278 1311,278 1366,278"/>
                <TextEquiv>
                    <Unicode>8. Die letztenisken</Unicode>
                </TextEquiv>
            </TextLine>
            <TextLine id="r1l4" custom="readingOrder {index:3;}">
                <Coords points="793,1208 1240,1204 1240,1154 1206,1132 1177,1145 1055,1143 1033,1127 1011,1141 793,1136"/>
                <Baseline points="802,1181 827,1181 852,1181 877,1181 902,1180 928,1180 953,1180 978,1180 1003,1180 1029,1180 1054,1180 1079,1180 1104,1180 1130,1181 1155,1181 1180,1181 1205,1181 1231,1182"/>
                <TextEquiv>
                    <Unicode>Telephon 12801.</Unicode>
                </TextEquiv>
            </TextLine>
            <TextLine id="r1l5" custom="readingOrder {index:4;}">
                <Coords points="2331,1250 2791,1249 2790,1181 2758,1190 2722,1171 2684,1183 2659,1167 2567,1191 2529,1175 2468,1188 2385,1174 2331,1190"/>
                <Baseline points="2341,1223 2366,1222 2392,1222 2418,1221 2444,1221 2470,1220 2496,1220 2522,1220 2548,1220 2574,1220 2600,1220 2626,1220 2652,1220 2678,1220 2704,1220 2730,1220 2756,1220 2782,1220"/>
                <TextEquiv>
                    <Unicode>Telephon 12801.</Unicode>
                </TextEquiv>
            </TextLine>
            <TextLine id="r1l6" custom="readingOrder {index:5;}">
                <Coords points="398,1289 1633,1278 1581,1226 1484,1221 398,1253"/>
                <Baseline points="407,1279 467,1278 528,1277 589,1277 650,1277 711,1276 772,1276 833,1276 894,1276 955,1276 1016,1276 1076,1276 1137,1276 1198,1276 1259,1276 1320,1276 1381,1276 1442,1275 1503,1275 1564,1274 1625,1273"/>
                <TextEquiv>
                    <Unicode>Alex. Welgl’s Unternehmen für Zeitungs-Ausschnitte</Unicode>
                </TextEquiv>
            </TextLine>
            <TextLine id="r1l7" custom="readingOrder {index:6;}">
                <Coords points="1948,1317 3098,1330 3159,1325 3159,1285 3004,1253 2004,1262 1948,1295"/>
                <Baseline points="1958,1321 2017,1319 2077,1318 2136,1317 2196,1317 2256,1316 2315,1316 2375,1316 2434,1316 2494,1315 2554,1315 2613,1315 2673,1315 2732,1315 2792,1315 2852,1315 2911,1315 2971,1315 3030,1315 3090,1314 3150,1313"/>
                <TextEquiv>
                    <Unicode>Alex. Welgl's Unternehmen fur Zeitungs-Aussohnitte</Unicode>
                </TextEquiv>
            </TextLine>
            <TextLine id="r1l8" custom="readingOrder {index:7;}">
                <Coords points="1293,1368 1314,1358 1350,1370 1365,1358 1382,1365 1412,1339 1443,1334 1469,1349 1491,1337 1516,1350 1566,1341 1576,1338 1571,1289 1546,1294 1523,1282 1504,1295 1478,1286 1463,1297 1427,1287 1411,1294 1394,1283 1347,1318 1314,1311 1288,1322"/>
                <Baseline points="1302,1361 1328,1355 1355,1348 1381,1343 1408,1340 1434,1336 1461,1333 1487,1331 1514,1329 1540,1329 1567,1329"/>
                <TextEquiv>
                    <Unicode>de. Ausschnitt</Unicode>
                </TextEquiv>
            </TextLine>
            <TextLine id="r1l9" custom="readingOrder {index:8;}">
                <Coords points="2770,1414 2803,1428 2832,1405 2871,1410 2919,1374 3061,1385 3091,1369 3117,1371 3110,1326 3089,1331 3058,1316 3032,1331 2993,1320 2964,1336 2930,1326 2878,1360 2759,1343"/>
                <Baseline points="2779,1414 2804,1409 2829,1402 2854,1396 2880,1390 2905,1386 2930,1381 2956,1377 2981,1373 3006,1370 3032,1368 3057,1367 3082,1366 3108,1367"/>
                <TextEquiv>
                    <Unicode>Dee Ausschnltt</Unicode>
                </TextEquiv>
            </TextLine>
            <TextLine id="r1l10" custom="readingOrder {index:9;}">
                <Coords points="659,1422 878,1403 1080,1428 1151,1393 1226,1425 1251,1406 1309,1417 1306,1316 965,1308 879,1331 767,1311 658,1390"/>
                <Baseline points="668,1416 699,1413 731,1409 762,1407 794,1405 825,1403 857,1401 888,1400 920,1399 951,1399 983,1398 1015,1398 1046,1397 1078,1397 1109,1397 1141,1396 1172,1396 1204,1395 1235,1394 1267,1393 1299,1391"/>
                <TextEquiv>
                    <Unicode>„OBSERVER</Unicode>
                </TextEquiv>
            </TextLine>
            <TextLine id="r1l11" custom="readingOrder {index:10;}">
                <Coords points="1415,1409 1469,1436 1575,1403 1635,1426 1714,1412 1714,1353 1670,1337 1640,1337 1575,1379 1534,1369 1494,1338 1469,1349 1415,1348"/>
                <Baseline points="1425,1406 1450,1405 1476,1404 1501,1403 1527,1403 1552,1403 1578,1403 1603,1403 1629,1403 1654,1403 1680,1403 1706,1403"/>
                <TextEquiv>
                    <Unicode>Nr. 52</Unicode>
                </TextEquiv>
            </TextLine>
            <TextLine id="r1l12" custom="readingOrder {index:11;}">
                <Coords points="2208,1470 2264,1478 2345,1442 2446,1465 2813,1447 2837,1468 2880,1445 2879,1418 2787,1418 2743,1378 2695,1413 2666,1390 2632,1413 2576,1374 2523,1424 2482,1398 2443,1424 2374,1380 2274,1425 2207,1418"/>
                <Baseline points="2217,1450 2249,1448 2282,1446 2315,1445 2347,1443 2380,1442 2413,1441 2445,1440 2478,1439 2511,1438 2544,1438 2576,1437 2609,1437 2642,1437 2674,1436 2707,1436 2740,1436 2772,1436 2805,1435 2838,1435 2871,1435"/>
                <TextEquiv>
                    <Unicode>„OBSLNVEN</Unicode>
                </TextEquiv>
            </TextLine>
            <TextLine id="r1l13" custom="readingOrder {index:12;}">
                <Coords points="2966,1474 2980,1469 2996,1475 3007,1468 3014,1471 3054,1453 3082,1462 3095,1450 3108,1450 3104,1400 3082,1404 3033,1376 3024,1376 3016,1384 3006,1376 2988,1374 2976,1384 2958,1388"/>
                <Baseline points="2972,1452 2997,1448 3022,1445 3047,1443 3072,1442 3098,1440"/>
                <TextEquiv>
                    <Unicode>Nr.</Unicode>
                </TextEquiv>
            </TextLine>
            <TextLine id="r1l14" custom="readingOrder {index:13;}">
                <Coords points="3148,1452 3162,1452 3171,1461 3180,1459 3195,1468 3218,1461 3274,1464 3273,1390 3243,1390 3230,1383 3212,1394 3183,1387 3178,1393 3147,1395"/>
                <Baseline points="3156,1448 3183,1448 3210,1448 3237,1447 3264,1448"/>
                <TextEquiv>
                    <Unicode>51</Unicode>
                </TextEquiv>
            </TextLine>
            <TextLine id="r1l15" custom="readingOrder {index:14;}">
                <Coords points="293,1465 1738,1470 1737,1432 1644,1418 293,1444"/>
                <Baseline points="303,1475 374,1476 445,1477 516,1477 588,1477 659,1476 730,1476 801,1475 873,1474 944,1473 1015,1472 1086,1470 1158,1469 1229,1468 1300,1468 1371,1467 1443,1467 1514,1466 1585,1466 1656,1467 1728,1468"/>
                <TextEquiv>
                    <Unicode>I. österr. bekördl. conc. Bureau für Zeitungsberichte u. Personalnaehrichten</Unicode>
                </TextEquiv>
            </TextLine>
            <TextLine id="r1l16" custom="readingOrder {index:15;}">
                <Coords points="1832,1514 2085,1552 3279,1513 3278,1464 3164,1453 1832,1478"/>
                <Baseline points="1841,1523 1912,1522 1983,1521 2055,1520 2126,1519 2198,1518 2269,1516 2341,1515 2412,1513 2484,1512 2555,1510 2626,1509 2698,1508 2769,1507 2841,1506 2912,1505 2984,1505 3055,1505 3127,1505 3198,1506 3270,1506"/>
                <TextEquiv>
                    <Unicode>I. österr., behöfgl. oono. Bureau für Zeitungsberichte u. Personalnachrichten</Unicode>
                </TextEquiv>
            </TextLine>
            <TextLine id="r1l17" custom="readingOrder {index:16;}">
                <Coords points="562,1557 1497,1550 1496,1499 1429,1487 561,1501"/>
                <Baseline points="571,1542 616,1543 662,1544 708,1545 754,1545 800,1545 845,1545 891,1544 937,1544 983,1543 1029,1542 1074,1541 1120,1540 1166,1539 1212,1539 1258,1538 1303,1538 1349,1538 1395,1539 1441,1540 1487,1542"/>
                <TextEquiv>
                    <Unicode>Wien, I., Concondiaplarz 4.</Unicode>
                </TextEquiv>
            </TextLine>
            <TextLine id="r1l18" custom="readingOrder {index:17;}">
                <Coords points="2117,1591 3038,1599 3037,1536 2958,1529 2602,1549 2432,1518 2321,1558 2117,1537"/>
                <Baseline points="2126,1581 2171,1583 2216,1584 2261,1585 2306,1586 2351,1586 2396,1586 2441,1585 2486,1584 2531,1583 2577,1582 2622,1581 2667,1580 2712,1580 2757,1579 2802,1578 2847,1578 2892,1578 2937,1579 2982,1580 3028,1581"/>
                <TextEquiv>
                    <Unicode>Wien, I., Concondiaplarz 4.</Unicode>
                </TextEquiv>
            </TextLine>
            <TextLine id="r1l19" custom="readingOrder {index:18;}">
                <Coords points="312,1613 1717,1624 1738,1568 311,1568"/>
                <Baseline points="321,1601 391,1601 461,1601 532,1601 602,1601 673,1600 743,1600 814,1599 884,1598 955,1597 1025,1597 1095,1596 1166,1596 1236,1595 1307,1595 1377,1595 1448,1595 1518,1596 1589,1596 1659,1598 1730,1599"/>
                <TextEquiv>
                    <Unicode>Vertretungen in Berlin, Budapest, Chicago, Genf, London, Newyork, Paris, Rom,</Unicode>
                </TextEquiv>
            </TextLine>
            <TextLine id="r1l20" custom="readingOrder {index:19;}">
                <Coords points="663,1643 739,1661 1105,1644 1164,1667 1222,1643 1321,1672 1375,1661 1375,1609 1274,1598 663,1618"/>
                <Baseline points="672,1637 706,1638 741,1640 776,1640 810,1640 845,1640 880,1640 914,1640 949,1639 984,1639 1019,1638 1053,1638 1088,1637 1123,1637 1157,1637 1192,1637 1227,1637 1261,1637 1296,1638 1331,1640 1366,1641"/>
                <TextEquiv>
                    <Unicode>Stockholm, Kristiania, St. Petersburg.</Unicode>
                </TextEquiv>
            </TextLine>
            <TextLine id="r1l21" custom="readingOrder {index:20;}">
                <Coords points="1837,1643 2065,1676 3293,1635 3047,1579 1837,1613"/>
                <Baseline points="1846,1642 1917,1642 1989,1643 2061,1643 2133,1643 2205,1643 2277,1642 2348,1641 2420,1640 2492,1639 2564,1638 2636,1637 2708,1636 2780,1636 2851,1635 2923,1635 2995,1635 3067,1635 3139,1636 3211,1637 3283,1638"/>
                <TextEquiv>
                    <Unicode>Vertretungen in Berlin, Budapest, Chicago, Genf, London, Nowyork, Paris, Rom.</Unicode>
                </TextEquiv>
            </TextLine>
            <TextLine id="r1l22" custom="readingOrder {index:21;}">
                <Coords points="2203,1696 2264,1708 2363,1683 2478,1712 2592,1688 2665,1706 2723,1679 2918,1692 2918,1642 2203,1658"/>
                <Baseline points="2212,1677 2246,1678 2281,1679 2316,1680 2351,1680 2386,1680 2420,1680 2455,1680 2490,1679 2525,1679 2560,1679 2594,1678 2629,1678 2664,1678 2699,1678 2734,1678 2768,1678 2803,1679 2838,1679 2873,1681 2908,1682"/>
                <TextEquiv>
                    <Unicode>Stockholm, Kristiania, St. Petersburg.</Unicode>
                </TextEquiv>
            </TextLine>
            <TextLine id="r1l23" custom="readingOrder {index:22;}">
                <Coords points="302,1781 400,1814 465,1795 512,1811 591,1794 616,1810 812,1787 812,1744 727,1736 675,1748 576,1731 524,1748 502,1732 470,1750 448,1733 403,1748 370,1730 302,1747"/>
                <Baseline points="311,1784 336,1784 362,1784 388,1784 414,1784 440,1784 466,1784 492,1783 518,1783 544,1783 569,1782 595,1782 621,1781 647,1781 673,1780 699,1780 725,1779 751,1779 777,1779 803,1779"/>
                <TextEquiv>
                    <Unicode>Ausschnitt aus:</Unicode>
                </TextEquiv>
            </TextLine>
            <TextLine id="r1l24" custom="readingOrder {index:23;}">
                <Coords points="902,1796 1162,1822 1247,1783 1312,1784 1359,1814 1484,1800 1575,1772 1572,1707 1424,1705 1344,1730 1291,1709 1247,1731 1010,1722 967,1762 901,1772"/>
                <Baseline points="910,1800 942,1798 975,1797 1008,1797 1041,1796 1073,1796 1106,1795 1139,1795 1172,1794 1204,1794 1237,1793 1270,1791 1303,1790 1335,1789 1368,1786 1401,1784 1434,1781 1466,1777 1499,1773 1532,1768 1565,1761"/>
                <TextEquiv>
                    <Unicode>Geriner Tagehlatt</Unicode>
                </TextEquiv>
            </TextLine>
            <TextLine id="r1l25" custom="readingOrder {index:24;}">
                <Coords points="1836,1844 2342,1825 2506,1875 3106,1832 3157,1769 2715,1746 2376,1813 2146,1770 1836,1805"/>
                <Baseline points="1845,1825 1910,1824 1975,1825 2040,1826 2105,1827 2170,1830 2235,1833 2300,1835 2365,1838 2430,1841 2496,1843 2561,1845 2626,1846 2691,1846 2756,1845 2821,1843 2886,1840 2951,1836 3016,1829 3081,1821 3147,1811"/>
                <TextEquiv>
                    <Unicode>Ausschnitt aus: Kerimer Borsenlcouten!</Unicode>
                </TextEquiv>
            </TextLine>
            <TextLine id="r1l26" custom="readingOrder {index:25;}">
                <Coords points="310,1938 457,1953 539,1904 609,1903 707,1936 883,1902 880,1861 818,1850 711,1870 642,1837 574,1842 522,1871 422,1861 307,1893"/>
                <Baseline points="317,1924 344,1926 372,1927 400,1927 428,1927 456,1926 484,1924 511,1923 539,1920 567,1917 595,1915 623,1912 651,1909 679,1907 706,1905 734,1902 762,1899 790,1898 818,1897 846,1897 874,1897"/>
                <TextEquiv>
                    <Unicode>vom: 17705</Unicode>
                </TextEquiv>
            </TextLine>
            <TextLine id="r1l27" custom="readingOrder {index:26;}">
                <Coords points="1838,1963 1994,1993 2053,1965 2123,1963 2195,1995 2442,1976 2442,1918 2359,1904 2296,1928 2235,1910 2154,1949 2119,1929 2085,1940 2029,1901 1930,1939 1838,1930"/>
                <Baseline points="1847,1968 1876,1967 1905,1967 1934,1968 1964,1968 1993,1969 2022,1969 2052,1970 2081,1971 2110,1971 2140,1972 2169,1973 2198,1973 2227,1972 2257,1972 2286,1971 2315,1969 2345,1967 2374,1964 2403,1961 2433,1957"/>
                <TextEquiv>
                    <Unicode>vom: 7905</Unicode>
                </TextEquiv>
            </TextLine>
            <TextLine id="r1l28" custom="readingOrder {index:27;}">
                <Coords points="446,2174 1660,2144 1657,2070 1311,2117 1040,2094 987,2135 903,2102 444,2124"/>
                <Baseline points="456,2174 515,2172 575,2171 635,2170 695,2168 754,2166 814,2164 874,2162 934,2160 993,2158 1053,2156 1113,2154 1173,2151 1232,2149 1292,2146 1352,2144 1412,2142 1471,2140 1531,2138 1591,2135 1651,2133"/>
                <TextEquiv>
                    <Unicode>Bernhard Shaws Komödie, Der Schlachtenlenker“ erlebte</Unicode>
                </TextEquiv>
            </TextLine>
            <TextLine id="r1l29" custom="readingOrder {index:28;}">
                <Coords points="2116,2180 3067,2178 3123,2163 3123,2099 2956,2143 2687,2117 2116,2146"/>
                <Baseline points="2125,2167 2174,2168 2224,2169 2273,2169 2323,2170 2372,2170 2422,2170 2471,2169 2521,2169 2570,2168 2620,2168 2669,2167 2719,2167 2768,2166 2818,2166 2867,2165 2917,2165 2966,2165 3016,2164 3065,2165 3115,2165"/>
                <TextEquiv>
                    <Unicode>Ein Telegramm aus Frankfurt a. M. meldet</Unicode>
                </TextEquiv>
            </TextLine>
            <TextLine id="r1l30" custom="readingOrder {index:29;}">
                <Coords points="409,2223 1651,2175 1627,2140 1506,2137 408,2175"/>
                <Baseline points="418,2215 479,2214 540,2212 601,2210 663,2208 724,2206 785,2205 846,2203 908,2200 969,2197 1030,2195 1091,2193 1153,2190 1214,2188 1275,2185 1336,2183 1398,2180 1459,2178 1520,2176 1581,2173 1643,2171"/>
                <TextEquiv>
                    <Unicode>bei der gestrigen ersten deutschen Aufführung in Frankfurt a. M. eine</Unicode>
                </TextEquiv>
            </TextLine>
            <TextLine id="r1l31" custom="readingOrder {index:30;}">
                <Coords points="2047,2220 3103,2225 3102,2167 2047,2177"/>
                <Baseline points="2057,2213 2108,2213 2160,2213 2212,2213 2264,2213 2316,2213 2368,2212 2419,2212 2471,2212 2523,2211 2575,2211 2627,2211 2679,2210 2731,2209 2782,2209 2834,2208 2886,2206 2938,2205 2990,2204 3042,2202 3094,2200"/>
                <TextEquiv>
                    <Unicode>uns: Als Uraufführung ging „Der Schlachten¬</Unicode>
                </TextEquiv>
            </TextLine>
            <TextLine id="r1l32" custom="readingOrder {index:31;}">
                <Coords points="421,2266 1663,2214 1647,2175 419,2221"/>
                <Baseline points="430,2256 491,2253 552,2251 613,2248 674,2246 736,2243 797,2242 858,2239 919,2237 980,2235 1042,2233 1103,2230 1164,2228 1225,2226 1286,2224 1348,2221 1409,2219 1470,2216 1531,2213 1592,2209 1654,2206"/>
                <TextEquiv>
                    <Unicode>sehr geteilte Aufnahme. Nach einem Privat=Telegramm unseres Kor¬</Unicode>
                </TextEquiv>
            </TextLine>
            <TextLine id="r1l33" custom="readingOrder {index:32;}">
                <Coords points="2050,2245 3107,2252 3107,2216 2983,2206 2050,2220"/>
                <Baseline points="2059,2252 2111,2253 2163,2253 2215,2254 2267,2254 2319,2254 2371,2254 2423,2254 2475,2253 2527,2253 2579,2252 2631,2252 2683,2251 2735,2251 2787,2250 2839,2250 2891,2249 2943,2249 2995,2249 3047,2249 3099,2249"/>
                <TextEquiv>
                    <Unicode>lenker“ von Bernhard Shaw in der Uebersetzung</Unicode>
                </TextEquiv>
            </TextLine>
            <TextLine id="r1l34" custom="readingOrder {index:33;}">
                <Coords points="416,2292 1658,2240 1548,2210 415,2266"/>
                <Baseline points="425,2291 486,2290 547,2288 608,2286 669,2284 730,2283 791,2280 853,2278 914,2276 975,2274 1036,2272 1097,2270 1158,2267 1219,2265 1281,2262 1342,2259 1403,2256 1464,2254 1525,2251 1586,2249 1648,2246"/>
                <TextEquiv>
                    <Unicode>responbenten hatte das Stück nur einen mäßigen Beifall bei starkem!</Unicode>
                </TextEquiv>
            </TextLine>
            <TextLine id="r1l35" custom="readingOrder {index:34;}">
                <Coords points="2050,2296 2985,2303 3113,2284 3113,2251 2050,2267"/>
                <Baseline points="2059,2297 2111,2297 2163,2298 2215,2298 2268,2298 2320,2298 2372,2298 2424,2297 2477,2297 2529,2296 2581,2296 2633,2295 2686,2294 2738,2293 2790,2293 2842,2291 2895,2290 2947,2290 2999,2288 3051,2288 3104,2287"/>
                <TextEquiv>
                    <Unicode>von Siegfried Trebitsch gestern hier in Scene und</Unicode>
                </TextEquiv>
            </TextLine>
            <TextLine id="r1l36" custom="readingOrder {index:35;}">
                <Coords points="417,2332 1594,2294 1660,2274 1659,2238 415,2292"/>
                <Baseline points="425,2329 486,2327 547,2325 608,2324 670,2322 731,2320 792,2318 854,2317 915,2315 976,2313 1038,2311 1099,2309 1160,2306 1221,2304 1283,2301 1344,2299 1405,2296 1467,2293 1528,2289 1589,2286 1651,2282"/>
                <TextEquiv>
                    <Unicode>Widerspruch. — Von Schnitzlers „Letzte Masken“ und „Literatur“</Unicode>
                </TextEquiv>
            </TextLine>
            <TextLine id="r1l37" custom="readingOrder {index:36;}">
                <Coords points="2057,2349 3111,2347 3099,2284 2057,2304"/>
                <Baseline points="2067,2340 2118,2340 2170,2340 2222,2340 2273,2340 2325,2340 2377,2339 2428,2339 2480,2338 2532,2337 2584,2337 2635,2336 2687,2335 2739,2334 2790,2333 2842,2333 2894,2332 2945,2331 2997,2330 3049,2329 3101,2329"/>
                <TextEquiv>
                    <Unicode>fand einen zwar nicht ganz einheitlichen, aber doch</Unicode>
                </TextEquiv>
            </TextLine>
            <TextLine id="r1l38" custom="readingOrder {index:37;}">
                <Coords points="423,2375 1633,2335 1666,2296 421,2333"/>
                <Baseline points="432,2368 493,2366 554,2364 615,2362 677,2360 738,2358 799,2356 860,2354 922,2351 983,2349 1044,2347 1105,2345 1167,2343 1228,2340 1289,2338 1350,2336 1412,2333 1473,2331 1534,2329 1595,2326 1657,2324"/>
                <TextEquiv>
                    <Unicode>die ebenfalls in Frankfurt a. M. zum ersten Male gegeben wurden,</Unicode>
                </TextEquiv>
            </TextLine>
            <TextLine id="r1l39" custom="readingOrder {index:38;}">
                <Coords points="2056,2385 3072,2382 3109,2340 2056,2356"/>
                <Baseline points="2065,2383 2116,2382 2168,2380 2220,2379 2272,2378 2324,2378 2375,2377 2427,2376 2479,2376 2531,2375 2583,2375 2634,2374 2686,2374 2738,2374 2790,2373 2842,2373 2893,2372 2945,2371 2997,2370 3049,2370 3101,2369"/>
                <TextEquiv>
                    <Unicode>freundlichen Erfolg. Es handelt sich um eine Episode</Unicode>
                </TextEquiv>
            </TextLine>
            <TextLine id="r1l40" custom="readingOrder {index:39;}">
                <Coords points="412,2416 1622,2376 1672,2361 1670,2307 410,2368"/>
                <Baseline points="421,2405 483,2403 545,2400 607,2398 669,2395 731,2393 793,2390 855,2388 917,2386 979,2383 1041,2381 1103,2379 1165,2376 1227,2374 1289,2372 1351,2370 1413,2368 1475,2365 1537,2363 1599,2360 1662,2358"/>
                <TextEquiv>
                    <Unicode>wurde demselben Privat=Telegramm zufolge das erste wenig freund¬</Unicode>
                </TextEquiv>
            </TextLine>
            <TextLine id="r1l41" custom="readingOrder {index:40;}">
                <Coords points="2062,2419 3042,2426 3101,2404 3101,2373 2062,2395"/>
                <Baseline points="2072,2424 2123,2422 2174,2421 2225,2420 2276,2419 2327,2418 2378,2417 2429,2417 2480,2416 2531,2416 2582,2416 2633,2415 2684,2415 2735,2415 2786,2414 2837,2413 2888,2413 2939,2412 2990,2410 3041,2409 3092,2407"/>
                <TextEquiv>
                    <Unicode>aus dem Leben Napoleon Bonaparte's, die in der geist¬</Unicode>
                </TextEquiv>
            </TextLine>
            <TextLine id="r1l42" custom="readingOrder {index:41;}">
                <Coords points="416,2463 1140,2436 1123,2382 414,2415"/>
                <Baseline points="425,2447 460,2446 495,2444 530,2442 565,2441 601,2438 636,2437 671,2436 706,2435 741,2433 777,2431 812,2430 847,2428 882,2426 917,2424 953,2423 988,2421 1023,2419 1058,2416 1093,2415 1129,2412"/>
                <TextEquiv>
                    <Unicode>lich, das andere beifällig ausgenommen.</Unicode>
                </TextEquiv>
            </TextLine>
            <TextLine id="r1l43" custom="readingOrder {index:42;}">
                <Coords points="2064,2469 3022,2466 3109,2454 3108,2404 2204,2443 2063,2420"/>
                <Baseline points="2072,2466 2123,2464 2174,2463 2226,2462 2277,2461 2329,2460 2380,2459 2431,2458 2483,2457 2534,2456 2586,2456 2637,2455 2688,2455 2740,2454 2791,2454 2843,2453 2894,2453 2945,2452 2997,2452 3048,2451 3100,2451"/>
                <TextEquiv>
                    <Unicode>vollen, fein pointirten Behandlung einen fesselnden</Unicode>
                </TextEquiv>
            </TextLine>
            <TextLine id="r1l44" custom="readingOrder {index:43;}">
                <Coords points="2064,2508 3114,2490 3113,2452 2063,2469"/>
                <Baseline points="2072,2507 2123,2505 2175,2504 2226,2502 2278,2502 2330,2500 2381,2499 2433,2499 2484,2498 2536,2498 2588,2497 2639,2497 2691,2496 2742,2496 2794,2496 2846,2495 2897,2495 2949,2494 3000,2494 3052,2493 3104,2492"/>
                <TextEquiv>
                    <Unicode>Reiz ausübt und die durch wenige Striche in</Unicode>
                </TextEquiv>
            </TextLine>
            <TextLine id="r1l45" custom="readingOrder {index:44;}">
                <Coords points="2059,2540 3113,2545 3112,2495 3022,2490 2058,2507"/>
                <Baseline points="2068,2546 2119,2544 2171,2542 2223,2541 2275,2540 2326,2539 2378,2539 2430,2538 2482,2538 2533,2538 2585,2538 2637,2538 2689,2538 2740,2538 2792,2538 2844,2538 2896,2537 2947,2537 2999,2536 3051,2535 3103,2534"/>
                <TextEquiv>
                    <Unicode>der Exposition noch an Wirkung gewinnen wird.</Unicode>
                </TextEquiv>
            </TextLine>
            <TextLine id="r1l46" custom="readingOrder {index:45;}">
                <Coords points="3041,2572 3053,2571 3075,2581 3084,2579 3099,2593 3116,2597 3117,2554 3103,2553 3096,2547 3094,2549 3087,2543 3085,2545 3073,2539 3042,2542"/>
                <Baseline points="3050,2571 3079,2573 3108,2573"/>
                <TextEquiv>
                    <Unicode>u</Unicode>
                </TextEquiv>
            </TextLine>
            <TextLine id="r1l47" custom="readingOrder {index:46;}">
                <Coords points="2422,2576 2440,2576 2456,2589 2482,2581 2559,2591 2601,2586 2608,2592 2633,2580 2649,2582 2650,2560 2628,2547 2608,2552 2565,2539 2540,2549 2499,2536 2423,2551"/>
                <Baseline points="2432,2577 2458,2577 2484,2577 2510,2578 2536,2578 2562,2579 2588,2580 2614,2580 2640,2579"/>
                <TextEquiv>
                    <Unicode>Einacter:</Unicode>
                </TextEquiv>
            </TextLine>
            <TextLine id="r1l48" custom="readingOrder {index:47;}">
                <Coords points="2056,2576 2151,2598 2177,2586 2248,2597 2300,2582 2324,2592 2406,2582 2405,2542 2355,2551 2262,2544 2216,2556 2147,2539 2131,2552 2093,2546 2056,2557"/>
                <Baseline points="2065,2583 2090,2585 2116,2585 2141,2585 2167,2585 2192,2583 2218,2582 2243,2580 2269,2579 2294,2577 2320,2576 2345,2576 2371,2576 2397,2577"/>
                <TextEquiv>
                    <Unicode>Schnitzler's</Unicode>
                </TextEquiv>
            </TextLine>
            <TextLine id="r1l49" custom="readingOrder {index:48;}">
                <Coords points="2056,2631 3117,2617 3116,2580 2765,2588 2719,2560 2678,2590 2055,2590"/>
                <Baseline points="2065,2629 2117,2627 2169,2625 2221,2624 2273,2623 2325,2622 2377,2621 2429,2621 2481,2620 2533,2620 2586,2620 2638,2620 2690,2619 2742,2619 2794,2618 2846,2617 2898,2616 2950,2615 3002,2613 3054,2610 3107,2608"/>
                <TextEquiv>
                    <Unicode>Masken" und „Literatur“, die sich als Novität</Unicode>
                </TextEquiv>
            </TextLine>
            <TextLine id="r1l50" custom="readingOrder {index:49;}">
                <Coords points="2051,2653 2165,2679 3116,2660 3115,2615 2051,2633"/>
                <Baseline points="2061,2670 2113,2667 2165,2666 2217,2664 2270,2663 2322,2662 2374,2661 2427,2661 2479,2661 2531,2660 2584,2660 2636,2660 2688,2660 2740,2660 2793,2660 2845,2659 2897,2659 2950,2658 3002,2656 3054,2654 3107,2653"/>
                <TextEquiv>
                    <Unicode>anschlossen, fanden starken Beifall, nur fiel einem</Unicode>
                </TextEquiv>
            </TextLine>
            <TextLine id="r1l51" custom="readingOrder {index:50;}">
                <Coords points="782,2681 839,2697 1009,2685 1043,2703 1212,2684 1234,2696 1293,2669 1293,2635 1188,2630 1167,2644 1082,2627 963,2646 931,2631 915,2646 826,2632 781,2652"/>
                <Baseline points="790,2678 816,2678 842,2678 868,2678 894,2678 920,2678 946,2678 972,2678 998,2678 1024,2678 1050,2678 1076,2678 1102,2678 1128,2678 1154,2677 1180,2677 1206,2676 1232,2675 1258,2675 1284,2674"/>
                <TextEquiv>
                    <Unicode>Bezugs-Bedingungen:</Unicode>
                </TextEquiv>
            </TextLine>
            <TextLine id="r1l52" custom="readingOrder {index:51;}">
                <Coords points="2065,2719 3119,2718 3080,2662 2976,2656 2064,2669"/>
                <Baseline points="2073,2709 2124,2708 2176,2706 2228,2705 2280,2704 2332,2703 2383,2703 2435,2702 2487,2702 2539,2701 2591,2701 2642,2701 2694,2701 2746,2701 2798,2700 2850,2700 2901,2700 2953,2700 3005,2699 3057,2699 3109,2698"/>
                <TextEquiv>
                    <Unicode>großen Theil des Publikums der starke Naturalismus</Unicode>
                </TextEquiv>
            </TextLine>
            <TextLine id="r1l53" custom="readingOrder {index:52;}">
                <Coords points="297,2736 1259,2750 1473,2739 1511,2692 297,2700"/>
                <Baseline points="305,2734 364,2734 424,2734 484,2734 544,2734 604,2733 663,2733 723,2733 783,2732 843,2732 903,2731 962,2731 1022,2730 1082,2729 1142,2729 1202,2728 1261,2728 1321,2727 1381,2727 1441,2726 1501,2726"/>
                <TextEquiv>
                    <Unicode>Für 50 Zeitungsansschnitte (Artikel oder Notizen) Kr. 15.—</Unicode>
                </TextEquiv>
            </TextLine>
            <TextLine id="r1l54" custom="readingOrder {index:53;}">
                <Coords points="2068,2768 2617,2743 2797,2762 2864,2756 2863,2705 2067,2718"/>
                <Baseline points="2076,2748 2117,2748 2158,2748 2199,2748 2240,2748 2281,2748 2322,2747 2363,2747 2404,2747 2445,2747 2486,2747 2527,2746 2568,2746 2609,2746 2650,2745 2691,2744 2732,2744 2773,2742 2814,2741 2855,2740"/>
                <TextEquiv>
                    <Unicode>des ersten Stücks etwas auf die Nerven.</Unicode>
                </TextEquiv>
            </TextLine>
            <TextLine id="r1l55" custom="readingOrder {index:54;}">
                <Coords points="1389,2770 1478,2770 1521,2790 1567,2749 1700,2761 1732,2742 1730,2711 1701,2718 1655,2705 1640,2716 1599,2701 1576,2716 1554,2705 1540,2714 1515,2696 1477,2736 1386,2733"/>
                <Baseline points="1398,2765 1423,2763 1448,2761 1473,2757 1498,2754 1523,2750 1548,2747 1573,2744 1598,2742 1623,2739 1648,2739 1673,2739 1698,2740 1724,2743"/>
                <TextEquiv>
                    <Unicode>26.— Incaatve</Unicode>
                </TextEquiv>
            </TextLine>
            <TextLine id="r1l56" custom="readingOrder {index:55;}">
                <Coords points="1848,2773 1866,2773 1877,2780 1893,2778 1915,2790 1935,2785 1947,2795 1956,2795 1956,2718 1943,2722 1925,2718 1920,2724 1914,2718 1901,2718 1891,2726 1887,2722 1882,2728 1876,2726 1864,2737 1848,2737"/>
                <Baseline points="1857,2771 1887,2769 1917,2770 1947,2769"/>
                <TextEquiv>
                    <Unicode>Für</Unicode>
                </TextEquiv>
            </TextLine>
            <TextLine id="r1l57" custom="readingOrder {index:56;}">
                <Coords points="410,2777 433,2780 475,2776 489,2777 493,2781 500,2773 510,2773 510,2741 477,2738 474,2742 457,2738 445,2730 436,2730 418,2743 409,2743"/>
                <Baseline points="419,2772 446,2772 474,2770 502,2771"/>
                <TextEquiv>
                    <Unicode>100</Unicode>
                </TextEquiv>
            </TextLine>
            <TextLine id="r1l58" custom="readingOrder {index:57;}">
                <Coords points="1538,2784 1574,2787 1583,2794 1596,2787 1612,2790 1623,2785 1652,2796 1655,2792 1672,2794 1684,2781 1695,2781 1695,2761 1686,2761 1679,2768 1648,2751 1574,2747 1565,2749 1551,2764 1538,2762"/>
                <Baseline points="1547,2783 1574,2782 1602,2781 1629,2781 1657,2782 1685,2781"/>
                <TextEquiv>
                    <Unicode>Porto.</Unicode>
                </TextEquiv>
            </TextLine>
            <TextLine id="r1l59" custom="readingOrder {index:58;}">
                <Coords points="2932,2805 3003,2808 3054,2831 3115,2785 3163,2796 3211,2784 3233,2793 3273,2787 3270,2755 3178,2718 3157,2733 3127,2721 3113,2739 3086,2726 3050,2730 3032,2746 3013,2737 2990,2757 2929,2770"/>
                <Baseline points="2941,2803 2967,2804 2994,2803 3021,2801 3048,2798 3075,2795 3102,2791 3129,2787 3156,2784 3183,2782 3210,2781 3237,2781 3264,2784"/>
                <TextEquiv>
                    <Unicode>28— inelusive</Unicode>
                </TextEquiv>
            </TextLine>
            <TextLine id="r1l60" custom="readingOrder {index:59;}">
                <Coords points="1382,2809 1407,2806 1412,2811 1429,2806 1448,2808 1461,2816 1483,2804 1493,2806 1506,2799 1519,2799 1519,2779 1503,2782 1496,2775 1490,2777 1480,2771 1463,2776 1447,2769 1411,2770 1397,2779 1382,2778"/>
                <Baseline points="1391,2802 1420,2801 1450,2801 1479,2802 1509,2804"/>
                <TextEquiv>
                    <Unicode>50.—</Unicode>
                </TextEquiv>
            </TextLine>
            <TextLine id="r1l61" custom="readingOrder {index:60;}">
                <Coords points="1966,2815 1982,2814 1997,2819 2000,2815 2024,2817 2033,2814 2036,2818 2045,2818 2051,2812 2063,2812 2062,2774 2046,2776 2039,2782 2026,2775 1994,2778 1988,2772 1978,2780 1965,2780"/>
                <Baseline points="1974,2808 2000,2806 2027,2805 2054,2806"/>
                <TextEquiv>
                    <Unicode>100</Unicode>
                </TextEquiv>
            </TextLine>
            <TextLine id="r1l62" custom="readingOrder {index:61;}">
                <Coords points="411,2812 424,2810 431,2817 469,2817 473,2820 478,2816 494,2816 514,2796 524,2798 524,2774 510,2771 494,2780 454,2777 427,2783 421,2778 411,2778"/>
                <Baseline points="420,2812 452,2811 484,2811 516,2810"/>
                <TextEquiv>
                    <Unicode>200</Unicode>
                </TextEquiv>
            </TextLine>
            <TextLine id="r1l63" custom="readingOrder {index:62;}">
                <Coords points="3086,2820 3122,2827 3135,2822 3151,2829 3171,2824 3185,2831 3207,2830 3230,2810 3245,2814 3245,2794 3230,2796 3225,2790 3212,2796 3202,2788 3191,2795 3177,2788 3169,2795 3151,2795 3141,2786 3113,2786 3097,2802 3086,2802"/>
                <Baseline points="3095,2821 3123,2820 3151,2821 3179,2821 3207,2822 3235,2821"/>
                <TextEquiv>
                    <Unicode>Porto.</Unicode>
                </TextEquiv>
            </TextLine>
            <TextLine id="r1l64" custom="readingOrder {index:63;}">
                <Coords points="1369,2848 1463,2852 1513,2840 1522,2849 1549,2825 1677,2833 1699,2813 1717,2815 1715,2790 1583,2795 1531,2779 1477,2816 1407,2805 1367,2825"/>
                <Baseline points="1378,2840 1403,2840 1428,2839 1454,2837 1479,2835 1504,2833 1530,2829 1555,2826 1581,2824 1606,2822 1631,2820 1657,2819 1682,2819 1708,2820"/>
                <TextEquiv>
                    <Unicode>110.— Zahlber</Unicode>
                </TextEquiv>
            </TextLine>
            <TextLine id="r1l65" custom="readingOrder {index:64;}">
                <Coords points="2932,2843 2949,2841 2959,2850 2967,2848 2972,2852 2976,2848 2990,2848 2995,2852 3008,2843 3021,2847 3030,2838 3049,2841 3049,2814 3030,2818 3013,2816 3008,2821 2990,2809 2950,2809 2945,2814 2932,2814"/>
                <Baseline points="2942,2841 2974,2843 3007,2841 3040,2843"/>
                <TextEquiv>
                    <Unicode>50.—</Unicode>
                </TextEquiv>
            </TextLine>
            <TextLine id="r1l66" custom="readingOrder {index:65;}">
                <Coords points="1956,2862 1965,2862 1978,2855 2001,2856 2005,2853 2021,2853 2026,2857 2050,2835 2062,2835 2063,2813 2044,2815 2041,2819 2032,2813 2026,2817 2014,2813 1996,2819 1992,2815 1980,2817 1976,2813 1956,2811"/>
                <Baseline points="1966,2843 1995,2844 2024,2843 2054,2844"/>
                <TextEquiv>
                    <Unicode>200</Unicode>
                </TextEquiv>
            </TextLine>
            <TextLine id="r1l67" custom="readingOrder {index:66;}">
                <Coords points="399,2851 419,2848 430,2851 435,2857 487,2855 507,2839 518,2840 517,2811 508,2811 499,2817 454,2815 398,2820"/>
                <Baseline points="408,2848 433,2846 458,2844 483,2844 508,2846"/>
                <TextEquiv>
                    <Unicode>500</Unicode>
                </TextEquiv>
            </TextLine>
            <TextLine id="r1l68" custom="readingOrder {index:67;}">
                <Coords points="3071,2856 3129,2873 3159,2863 3175,2865 3186,2875 3231,2860 3266,2866 3265,2827 3231,2833 3220,2826 3200,2833 3171,2823 3153,2831 3135,2822 3122,2828 3095,2819 3081,2832 3070,2832"/>
                <Baseline points="3080,2862 3105,2861 3130,2861 3155,2861 3181,2861 3206,2860 3231,2859 3257,2857"/>
                <TextEquiv>
                    <Unicode>Zahlbar</Unicode>
                </TextEquiv>
            </TextLine>
            <TextLine id="r1l69" custom="readingOrder {index:68;}">
                <Coords points="1364,2891 1458,2894 1477,2878 1516,2885 1556,2869 1591,2880 1630,2863 1671,2880 1695,2867 1759,2878 1756,2838 1691,2828 1597,2825 1572,2836 1550,2825 1487,2859 1432,2845 1362,2850"/>
                <Baseline points="1373,2878 1398,2879 1423,2879 1448,2877 1473,2877 1498,2875 1523,2872 1548,2870 1573,2868 1598,2866 1623,2864 1648,2862 1673,2861 1698,2860 1723,2859 1748,2860"/>
                <TextEquiv>
                    <Unicode>200.— im Vorans.</Unicode>
                </TextEquiv>
            </TextLine>
            <TextLine id="r1l70" custom="readingOrder {index:69;}">
                <Coords points="2920,2881 2958,2889 3005,2888 3010,2884 3036,2889 3053,2874 3062,2874 3061,2847 3047,2852 3018,2846 3008,2855 2998,2848 2995,2852 2970,2851 2966,2847 2955,2850 2944,2843 2935,2850 2919,2851"/>
                <Baseline points="2929,2877 2960,2879 2991,2878 3022,2876 3053,2875"/>
                <TextEquiv>
                    <Unicode>110.—</Unicode>
                </TextEquiv>
            </TextLine>
            <TextLine id="r1l71" custom="readingOrder {index:70;}">
                <Coords points="1963,2887 1972,2887 1987,2895 2010,2895 2014,2891 2028,2896 2035,2893 2041,2898 2048,2891 2059,2891 2059,2864 2044,2864 2035,2857 2030,2859 2021,2853 2003,2853 1999,2857 1980,2853 1972,2859 1963,2859"/>
                <Baseline points="1972,2883 1998,2883 2024,2883 2050,2883"/>
                <TextEquiv>
                    <Unicode>500</Unicode>
                </TextEquiv>
            </TextLine>
            <TextLine id="r1l72" custom="readingOrder {index:71;}">
                <Coords points="331,2914 372,2924 408,2893 437,2905 460,2896 473,2904 489,2896 506,2905 522,2893 536,2896 535,2865 504,2867 485,2855 444,2855 417,2857 400,2876 389,2878 349,2866 329,2870"/>
                <Baseline points="340,2901 366,2896 393,2893 420,2891 446,2889 473,2889 500,2889 527,2891"/>
                <TextEquiv>
                    <Unicode>" 1000</Unicode>
                </TextEquiv>
            </TextLine>
            <TextLine id="r1l73" custom="readingOrder {index:72;}">
                <Coords points="1885,2900 1894,2899 1896,2897 1906,2904 1918,2902 1908,2835 1899,2836 1894,2842 1886,2847 1877,2848"/>
                <Baseline points="1894,2895 1908,2893"/>
                <TextEquiv>
                    <Unicode>m</Unicode>
                </TextEquiv>
            </TextLine>
            <TextLine id="r1l74" custom="readingOrder {index:73;}">
                <Coords points="2915,2937 2936,2928 2978,2942 3134,2905 3196,2929 3248,2903 3311,2917 3308,2877 3281,2885 3230,2860 3195,2875 3093,2863 3075,2882 3055,2874 3020,2892 2910,2880"/>
                <Baseline points="2923,2919 2948,2919 2973,2918 2998,2917 3023,2915 3048,2912 3073,2910 3098,2907 3124,2905 3149,2902 3174,2900 3199,2898 3224,2897 3249,2897 3274,2897 3300,2898"/>
                <TextEquiv>
                    <Unicode>200. — im Voraus.</Unicode>
                </TextEquiv>
            </TextLine>
            <TextLine id="r1l75" custom="readingOrder {index:74;}">
                <Coords points="1931,2918 1942,2919 1971,2937 2016,2931 2025,2936 2050,2926 2064,2930 2065,2890 2049,2890 2040,2899 2035,2893 2016,2898 1986,2894 1972,2887 1964,2892 1948,2888 1941,2895 1932,2895"/>
                <Baseline points="1941,2927 1969,2923 1998,2924 2026,2926 2055,2927"/>
                <TextEquiv>
                    <Unicode>1000</Unicode>
                </TextEquiv>
            </TextLine>
            <TextLine id="r1l76" custom="readingOrder {index:75;}">
                <Coords points="1892,2958 1901,2957 1903,2959 1908,2956 1917,2956 1924,2952 1930,2957 1939,2956 1934,2900 1924,2901 1919,2907 1914,2909 1910,2907 1906,2910 1902,2906 1901,2908 1888,2909"/>
                <Baseline points="1899,2933 1928,2931"/>
                <TextEquiv>
                    <Unicode>„</Unicode>
                </TextEquiv>
            </TextLine>
            <TextLine id="r1l77" custom="readingOrder {index:76;}">
                <Coords points="427,2944 1722,2940 1749,2876 1655,2912 1588,2880 427,2919"/>
                <Baseline points="437,2939 502,2939 567,2939 632,2939 697,2939 763,2938 828,2938 893,2937 958,2936 1023,2936 1089,2935 1154,2934 1219,2933 1284,2932 1349,2931 1415,2931 1480,2930 1545,2929 1610,2928 1675,2928 1741,2927"/>
                <TextEquiv>
                    <Unicode>Im Gegensatze zu anderen Bureaux für Zeitungsausschnitte ist das</Unicode>
                </TextEquiv>
            </TextLine>
            <TextLine id="r1l78" custom="readingOrder {index:77;}">
                <Coords points="1978,2975 3163,2985 3271,2977 3306,2911 1977,2948"/>
                <Baseline points="1986,2974 2051,2976 2117,2976 2182,2977 2248,2977 2314,2977 2379,2976 2445,2976 2510,2975 2576,2974 2642,2973 2707,2972 2773,2971 2838,2970 2904,2969 2969,2968 3035,2967 3101,2966 3166,2966 3232,2966 3298,2966"/>
                <TextEquiv>
                    <Unicode>Im tiegensatze zu anderen Bureaux für Zeitungsausschnitte ist dez</Unicode>
                </TextEquiv>
            </TextLine>
            <TextLine id="r1l79" custom="readingOrder {index:78;}">
                <Coords points="310,3000 1769,2967 1768,2930 309,2941"/>
                <Baseline points="319,2979 391,2978 463,2978 535,2977 607,2977 679,2977 751,2976 823,2976 895,2975 967,2975 1039,2974 1111,2974 1183,2973 1255,2972 1327,2972 1399,2971 1471,2970 1543,2970 1615,2969 1687,2968 1759,2967"/>
                <TextEquiv>
                    <Unicode>Abonnement durch keine bestimmte Zeitdauer begrenzt; — auch steht es den</Unicode>
                </TextEquiv>
            </TextLine>
            <TextLine id="r1l80" custom="readingOrder {index:79;}">
                <Coords points="2896,3007 3017,3019 3047,3005 3067,3019 3098,3010 3198,3025 3280,3019 3305,3005 3305,2981 3220,2971 3150,2980 3117,2967 3049,2989 3020,2973 2896,2987"/>
                <Baseline points="2905,3011 2931,3010 2957,3010 2983,3009 3009,3009 3035,3009 3061,3010 3087,3010 3113,3011 3139,3011 3165,3011 3191,3011 3217,3010 3243,3010 3269,3009 3295,3007"/>
                <TextEquiv>
                    <Unicode>— auch stcht es den</Unicode>
                </TextEquiv>
            </TextLine>
            <TextLine id="r1l81" custom="readingOrder {index:80;}">
                <Coords points="1855,3024 2863,3024 2899,2984 1855,2993"/>
                <Baseline points="1863,3016 1914,3016 1965,3015 2017,3015 2068,3015 2120,3014 2171,3014 2222,3013 2274,3013 2325,3013 2377,3013 2428,3012 2479,3012 2531,3012 2582,3012 2634,3012 2685,3011 2736,3011 2788,3011 2839,3011 2891,3011"/>
                <TextEquiv>
                    <Unicode>Abonnement durch keine bestimmte Zeitdauer begrenzt;</Unicode>
                </TextEquiv>
            </TextLine>
            <TextLine id="r1l82" custom="readingOrder {index:81;}">
                <Coords points="309,3016 1644,3036 1644,2987 1500,2966 309,2999"/>
                <Baseline points="319,3016 384,3016 450,3016 516,3016 582,3016 647,3016 713,3016 779,3017 845,3017 910,3017 976,3017 1042,3017 1108,3016 1173,3016 1239,3015 1305,3014 1371,3013 1436,3012 1502,3011 1568,3008 1634,3006"/>
                <TextEquiv>
                    <Unicode>Abenenten frei die aufgegebenen Themen zu ergänzen oder zu ändern.</Unicode>
                </TextEquiv>
            </TextLine>
            <TextLine id="r1l83" custom="readingOrder {index:82;}">
                <Coords points="1856,3079 3161,3074 3179,3016 1855,3034"/>
                <Baseline points="1865,3054 1930,3054 1995,3055 2060,3055 2126,3055 2191,3055 2256,3055 2322,3055 2387,3055 2452,3055 2518,3055 2583,3055 2648,3054 2713,3054 2779,3053 2844,3052 2909,3051 2975,3049 3040,3047 3105,3046 3171,3043"/>
                <TextEquiv>
                    <Unicode>Abonnenten frei die aufgegebenen Themen zu ergänzen oder zu ändern.</Unicode>
                </TextEquiv>
            </TextLine>
            <TextLine id="r1l84" custom="readingOrder {index:83;}">
                <Coords points="537,3115 1762,3097 1686,3047 537,3065"/>
                <Baseline points="547,3101 607,3101 667,3101 727,3101 788,3101 848,3102 908,3101 969,3101 1029,3101 1089,3101 1150,3100 1210,3100 1270,3099 1330,3098 1391,3097 1451,3096 1511,3095 1572,3094 1632,3093 1692,3091 1753,3089"/>
                <TextEquiv>
                    <Unicode>„OBSERVER“ veranstaltet täglich einen Auszug enthaltend die</Unicode>
                </TextEquiv>
            </TextLine>
            <TextLine id="r1l85" custom="readingOrder {index:84;}">
                <Coords points="475,3112 484,3113 490,3110 502,3110 509,3114 518,3110 529,3110 532,3071 523,3070 517,3073 507,3062 501,3063 490,3072 478,3069"/>
                <Baseline points="485,3099 520,3101"/>
                <TextEquiv>
                    <Unicode>er</Unicode>
                </TextEquiv>
            </TextLine>
            <TextLine id="r1l86" custom="readingOrder {index:85;}">
                <Coords points="1977,3138 3305,3130 3304,3091 3207,3080 1977,3100"/>
                <Baseline points="1987,3141 2052,3141 2117,3141 2183,3141 2248,3141 2314,3141 2379,3140 2445,3140 2510,3140 2576,3139 2641,3139 2706,3138 2772,3138 2837,3137 2903,3137 2968,3136 3034,3135 3099,3134 3165,3133 3230,3133 3296,3132"/>
                <TextEquiv>
                    <Unicode>Der „OBSERVER“ veranstaltet täglich einen Auszug enthaltend die</Unicode>
                </TextEquiv>
            </TextLine>
            <TextLine id="r1l87" custom="readingOrder {index:86;}">
                <Coords points="314,3159 1764,3131 1668,3097 313,3101"/>
                <Baseline points="322,3144 393,3144 465,3143 536,3143 608,3143 680,3142 751,3142 823,3141 894,3141 966,3140 1038,3140 1109,3139 1181,3139 1252,3138 1324,3137 1396,3137 1467,3136 1539,3135 1610,3134 1682,3133 1754,3132"/>
                <TextEquiv>
                    <Unicode>Inhaltsangabe aller wichtigen Mittheilungen der Wiener Morgen¬</Unicode>
                </TextEquiv>
            </TextLine>
            <TextLine id="r1l88" custom="readingOrder {index:87;}">
                <Coords points="1852,3181 3199,3187 3296,3141 1851,3145"/>
                <Baseline points="1861,3182 1932,3182 2003,3182 2075,3182 2146,3181 2217,3181 2289,3181 2360,3180 2431,3180 2503,3179 2574,3178 2645,3178 2717,3177 2788,3177 2859,3176 2931,3176 3002,3175 3073,3175 3145,3174 3216,3174 3288,3174"/>
                <TextEquiv>
                    <Unicode>Inhaltsangabe aller wichtigen Mittheilungen der Wiener Morgen¬</Unicode>
                </TextEquiv>
            </TextLine>
            <TextLine id="r1l89" custom="readingOrder {index:88;}">
                <Coords points="317,3195 1727,3185 1765,3148 316,3159"/>
                <Baseline points="325,3181 396,3182 468,3182 539,3182 611,3182 682,3182 754,3182 825,3181 897,3181 968,3180 1040,3179 1112,3179 1183,3178 1255,3177 1326,3176 1398,3175 1469,3174 1541,3173 1612,3173 1684,3172 1756,3171"/>
                <TextEquiv>
                    <Unicode>blätter (Tagesjournale ausser „Neue Freie Presse“ und Wiener Zeitung“)</Unicode>
                </TextEquiv>
            </TextLine>
            <TextLine id="r1l90" custom="readingOrder {index:89;}">
                <Coords points="323,3221 1762,3222 1761,3175 322,3194"/>
                <Baseline points="331,3221 402,3221 473,3221 544,3221 615,3221 686,3221 757,3221 828,3220 899,3220 970,3219 1041,3219 1112,3218 1183,3217 1254,3216 1325,3215 1396,3214 1467,3213 1538,3212 1609,3210 1680,3209 1752,3207"/>
                <TextEquiv>
                    <Unicode>wodurel eine Uebersicht über das gesammte politische und wirthschaftliche</Unicode>
                </TextEquiv>
            </TextLine>
            <TextLine id="r1l91" custom="readingOrder {index:90;}">
                <Coords points="1868,3226 3306,3211 3280,3166 1868,3185"/>
                <Baseline points="1877,3219 1951,3219 2026,3219 2101,3219 2175,3219 2250,3219 2325,3219 2399,3219 2474,3219 2549,3219 2623,3218 2698,3218 2773,3217 2847,3216 2922,3215 2997,3214 3071,3213 3146,3211 3221,3210 3296,3208"/>
                <TextEquiv>
                    <Unicode>blätter (Tagesjournale ausser „Neue Freie Presse“ und Wiener Zeitung“)</Unicode>
                </TextEquiv>
            </TextLine>
            <TextLine id="r1l92" custom="readingOrder {index:91;}">
                <Coords points="1866,3253 3154,3264 3310,3253 3310,3208 1866,3232"/>
                <Baseline points="1874,3260 1945,3260 2016,3259 2088,3259 2159,3259 2231,3259 2302,3259 2373,3259 2445,3258 2516,3258 2588,3258 2659,3257 2730,3257 2802,3256 2873,3255 2945,3254 3016,3253 3087,3251 3159,3249 3230,3247 3302,3245"/>
                <TextEquiv>
                    <Unicode>wodurch eine Uebersicht über das gesammte politische und wirthschaftliche</Unicode>
                </TextEquiv>
            </TextLine>
            <TextLine id="r1l93" custom="readingOrder {index:92;}">
                <Coords points="316,3268 1768,3274 1767,3229 1681,3214 315,3216"/>
                <Baseline points="324,3262 395,3262 467,3262 539,3262 610,3261 682,3261 754,3260 825,3260 897,3259 969,3259 1041,3258 1112,3257 1184,3256 1256,3255 1327,3255 1399,3254 1471,3253 1542,3252 1614,3251 1686,3250 1758,3249"/>
                <TextEquiv>
                    <Unicode>Leben des In- und Auslandes in drastischer Kürze geboten wird. Diese Mit¬</Unicode>
                </TextEquiv>
            </TextLine>
            <TextLine id="r1l94" custom="readingOrder {index:93;}">
                <Coords points="1867,3311 3176,3319 3309,3253 1866,3275"/>
                <Baseline points="1875,3301 1946,3301 2017,3300 2088,3300 2160,3299 2231,3299 2302,3299 2373,3298 2445,3298 2516,3297 2587,3297 2658,3296 2730,3296 2801,3295 2872,3294 2943,3293 3015,3292 3086,3291 3157,3289 3228,3288 3300,3286"/>
                <TextEquiv>
                    <Unicode>Leben des In- und Auslandes in drastischer Kürze geboten wird. Diese Mit¬</Unicode>
                </TextEquiv>
            </TextLine>
            <TextLine id="r1l95" custom="readingOrder {index:94;}">
                <Coords points="324,3311 1139,3316 1358,3270 324,3275"/>
                <Baseline points="334,3303 384,3302 435,3302 486,3302 537,3301 587,3300 638,3300 689,3299 740,3299 790,3298 841,3297 892,3297 943,3296 993,3296 1044,3295 1095,3294 1146,3294 1196,3293 1247,3293 1298,3292 1349,3292"/>
                <TextEquiv>
                    <Unicode>theilungen werden in Wien um 9 Uhr Früh verschickt.</Unicode>
                </TextEquiv>
            </TextLine>
            <TextLine id="r1l96" custom="readingOrder {index:95;}">
                <Coords points="1863,3354 2888,3346 2887,3308 2799,3296 1862,3312"/>
                <Baseline points="1872,3340 1922,3339 1972,3339 2022,3339 2073,3338 2123,3338 2173,3338 2224,3337 2274,3337 2324,3337 2375,3336 2425,3336 2475,3336 2525,3335 2576,3335 2626,3335 2676,3334 2727,3334 2777,3333 2827,3333 2878,3332"/>
                <TextEquiv>
                    <Unicode>theilungen werden in Wien um 9 Uhr Früh verschickt.</Unicode>
                </TextEquiv>
            </TextLine>
            <TextLine id="r1l97" custom="readingOrder {index:96;}">
                <Coords points="655,3410 740,3395 900,3423 983,3401 1055,3426 1107,3400 1430,3398 1419,3347 1066,3364 655,3335"/>
                <Baseline points="665,3395 702,3396 740,3397 778,3398 816,3398 854,3399 891,3399 929,3399 967,3399 1005,3399 1043,3399 1080,3399 1118,3398 1156,3398 1194,3397 1232,3396 1269,3395 1307,3394 1345,3392 1383,3391 1421,3390"/>
                <TextEquiv>
                    <Unicode>Prospecte gnatis und franco.</Unicode>
                </TextEquiv>
            </TextLine>
            <TextLine id="r1l98" custom="readingOrder {index:97;}">
                <Coords points="2210,3438 2340,3459 2974,3440 2973,3402 2925,3388 2210,3397"/>
                <Baseline points="2218,3433 2255,3434 2292,3436 2330,3436 2367,3437 2404,3437 2442,3438 2479,3438 2516,3438 2554,3438 2591,3437 2628,3437 2666,3437 2703,3436 2740,3435 2778,3434 2815,3433 2852,3432 2890,3432 2927,3431 2965,3429"/>
                <TextEquiv>
                    <Unicode>Pnospecre hnatis und fnanco.</Unicode>
                </TextEquiv>
            </TextLine>
            <TextEquiv>
                <Unicode>box 34/7
M.
8. Die letztenisken
Telephon 12801.
Telephon 12801.
Alex. Welgl’s Unternehmen für Zeitungs-Ausschnitte
Alex. Welgl's Unternehmen fur Zeitungs-Aussohnitte
de. Ausschnitt
Dee Ausschnltt
„OBSERVER
Nr. 52
„OBSLNVEN
Nr.
51
I. österr. bekördl. conc. Bureau für Zeitungsberichte u. Personalnaehrichten
I. österr., behöfgl. oono. Bureau für Zeitungsberichte u. Personalnachrichten
Wien, I., Concondiaplarz 4.
Wien, I., Concondiaplarz 4.
Vertretungen in Berlin, Budapest, Chicago, Genf, London, Newyork, Paris, Rom,
Stockholm, Kristiania, St. Petersburg.
Vertretungen in Berlin, Budapest, Chicago, Genf, London, Nowyork, Paris, Rom.
Stockholm, Kristiania, St. Petersburg.
Ausschnitt aus:
Geriner Tagehlatt
Ausschnitt aus: Kerimer Borsenlcouten!
vom: 17705
vom: 7905
Bernhard Shaws Komödie, Der Schlachtenlenker“ erlebte
Ein Telegramm aus Frankfurt a. M. meldet
bei der gestrigen ersten deutschen Aufführung in Frankfurt a. M. eine
uns: Als Uraufführung ging „Der Schlachten¬
sehr geteilte Aufnahme. Nach einem Privat=Telegramm unseres Kor¬
lenker“ von Bernhard Shaw in der Uebersetzung
responbenten hatte das Stück nur einen mäßigen Beifall bei starkem!
von Siegfried Trebitsch gestern hier in Scene und
Widerspruch. — Von Schnitzlers „Letzte Masken“ und „Literatur“
fand einen zwar nicht ganz einheitlichen, aber doch
die ebenfalls in Frankfurt a. M. zum ersten Male gegeben wurden,
freundlichen Erfolg. Es handelt sich um eine Episode
wurde demselben Privat=Telegramm zufolge das erste wenig freund¬
aus dem Leben Napoleon Bonaparte's, die in der geist¬
lich, das andere beifällig ausgenommen.
vollen, fein pointirten Behandlung einen fesselnden
Reiz ausübt und die durch wenige Striche in
der Exposition noch an Wirkung gewinnen wird.
u
Einacter:
Schnitzler's
Masken" und „Literatur“, die sich als Novität
anschlossen, fanden starken Beifall, nur fiel einem
Bezugs-Bedingungen:
großen Theil des Publikums der starke Naturalismus
Für 50 Zeitungsansschnitte (Artikel oder Notizen) Kr. 15.—
des ersten Stücks etwas auf die Nerven.
26.— Incaatve
Für
100
Porto.
28— inelusive
50.—
100
200
Porto.
110.— Zahlber
50.—
200
500
Zahlbar
200.— im Vorans.
110.—
500
" 1000
m
200. — im Voraus.
1000
„
Im Gegensatze zu anderen Bureaux für Zeitungsausschnitte ist das
Im tiegensatze zu anderen Bureaux für Zeitungsausschnitte ist dez
Abonnement durch keine bestimmte Zeitdauer begrenzt; — auch steht es den
— auch stcht es den
Abonnement durch keine bestimmte Zeitdauer begrenzt;
Abenenten frei die aufgegebenen Themen zu ergänzen oder zu ändern.
Abonnenten frei die aufgegebenen Themen zu ergänzen oder zu ändern.
„OBSERVER“ veranstaltet täglich einen Auszug enthaltend die
er
Der „OBSERVER“ veranstaltet täglich einen Auszug enthaltend die
Inhaltsangabe aller wichtigen Mittheilungen der Wiener Morgen¬
Inhaltsangabe aller wichtigen Mittheilungen der Wiener Morgen¬
blätter (Tagesjournale ausser „Neue Freie Presse“ und Wiener Zeitung“)
wodurel eine Uebersicht über das gesammte politische und wirthschaftliche
blätter (Tagesjournale ausser „Neue Freie Presse“ und Wiener Zeitung“)
wodurch eine Uebersicht über das gesammte politische und wirthschaftliche
Leben des In- und Auslandes in drastischer Kürze geboten wird. Diese Mit¬
Leben des In- und Auslandes in drastischer Kürze geboten wird. Diese Mit¬
theilungen werden in Wien um 9 Uhr Früh verschickt.
theilungen werden in Wien um 9 Uhr Früh verschickt.
Prospecte gnatis und franco.
Pnospecre hnatis und fnanco.</Unicode>
            </TextEquiv>
        </TextRegion>
        <TextRegion orientation="0.0" id="r2" custom="readingOrder {index:1;}">
            <Coords points="3282,3496 3282,3652 3336,3652 3336,3496"/>
            <TextLine id="r2l1" custom="readingOrder {index:0;}">
                <Coords points="3276,3635 3285,3634 3298,3625 3304,3630 3313,3625 3319,3628 3326,3625 3337,3628 3349,3626 3339,3539 3331,3540 3315,3532 3302,3545 3288,3548 3276,3538 3265,3540"/>
                <Baseline points="3282,3602 3309,3600 3336,3596"/>
                <TextEquiv>
                    <Unicode>□</Unicode>
                </TextEquiv>
            </TextLine>
            <TextEquiv>
                <Unicode>□</Unicode>
            </TextEquiv>
        </TextRegion>
    </Page>
</PcGts>
