3344 4352
739 204 1348 259 VODOLIVEY
507 258 1593 324 I. österr. behördl. konz. Unternehmen für Zeitungs-Ausschnitte
641 315 1475 394 Wien, I., Concordiaplatz 4.
842 387 1269 454 Vertretungen
518 447 1581 493 in Berlin, Budapest, Chicago, Christiania, Genf, Kopen¬
521 484 1597 551 hagen, London, Madrid, Mailand, Minneapolis, New-Vork,
551 517 1555 570 Paris, Rom, San Francisco, Stockholm, St. Petersburg.
854 563 1264 617 (Quellenangabe ohne Gewähr).
506 618 884 689 Ausschnitt aus:
1180 649 1484 735 17 MRT 1900
514 736 654 785 vom.
1253 714 1616 811 Venezia.
503 829 1322 944 Uitime maschere, e“Cena d'addio,
583 927 1227 997 (Goldoni,, - 16 marzo °09)
526 978 1323 1042 1 dug ail untel dello Schhiteler nom Khn.
485 1023 1110 1080 no Inesntraten Versern
1153 1024 1325 1077 lel puh¬
482 1051 1315 1106 blico vencziano. II pfli grande Kupore si
482 1090 1326 1139 däpinse sulle fucce dell'uctitorio alla Nne di
480 1123 1318 1171 Le ultime maschere Ascoltato con mnolta
477 1151 1329 1204 attenzone con molto interesse il drsn¬
474 1202 1327 1244 Iina lasclo, da uituno, incerti gli anhni ve.
471 1224 1329 1272 uli epettatori. Che cosn volwra simuilleur¬
481 1268 1318 1311 Tautore con la sun breve azion sccillen
491 1293 1328 1339 si triste di ambientee si amate di conte¬
477 1316 1325 1377 nüto? Nel dubbio di non aver chiaramente
480 1358 1316 1417 Compreso ia Hnalita Peesieita del dramim
476 1393 1314 1428 11 wpuhblice si sstenne dn oglli sogno didi¬
484 1427 1305 1467 sapprovazione, da cani tentativo di ap¬
484 1460 1314 1500 plattss. Rimase pensieroso. Quando torio
486 1497 1300 1545 int Paictrcimna üi se ern armat TroppetaNli
473 1528 1298 1567 peresprimere un gilatizie. Mansel in com¬
485 1563 1302 1597 ment: vivnei Win disenssiont cld che de¬
485 1594 1306 1643 vreble costituire, ber und scriftore chle 81
476 1635 1296 1666 Pispetta, il successo milgliore. Sorte diver¬
475 1667 1298 1714 Ga ebbe la Ceno Gaddio cohnnelin glocosn
465 1687 1307 1738 dhe suseito, sp#s0, risate eineele e prochl-
527 1730 1291 1778 , al enlar del sipans und chlamatn &
456 1755 1305 1813 Thnnt Gramatten. Maennnen di 1ueeto
477 1796 1303 1838 secohldo eslle orgmigtno intessnto di os¬
483 1834 1302 1881 servazione mordace iu intuita in Tagien
473 1865 1278 1914 Marte. Non dobblamo meravigliarecne.
469 1894 1288 1954 due atti dello Schnttzler apprungene un
470 1925 1286 1984 genere in cut ecselle Tristan Bernanl, 1
472 1972 1295 2009 maestro dell’umolisio e della satira ten¬
482 2001 1309 2056 trale in Franeia, il dellzi5s0 desegnatore ii
484 2035 1298 2069 Monsteur Codomat i ribeile alla tralizto¬
476 2071 1309 2117 ne techica per #n lecnien. Ora & gmisto cho
478 2102 1317 2151 1e comnmedie dello Seireiszler Hon abbians“
475 2137 1312 2170 buone accoglienze in Italia poiche non un
464 2157 1311 2207 hannd quelle del Bernard dalle quali ess.
481 2206 1315 2255 derivano, alle quall, per D mieno, 4#880 as¬
476 2240 1313 2292 somigliano senza esseslerne perc ln fe¬
470 2268 1314 2306 schezza del tocco, ln aglita sonuna del
474 2304 1313 2354 dialose ia canteristien onginalita delle
470 2342 1310 2388 situnzonie dei tipl. Lo Sehmitzter, coine
529 2369 1307 2423 Tristan Bernant, tende a cogliere e nd
451 2397 1308 2457 Mustrare d rallumta seibilita tajuni
459 2448 1299 2497 Tatteggiamentt particolari dello Spirito n.
467 2468 1306 2523 mano ehe Verivand da. Compltesziont 801-
471 2496 1314 2550 tli di sentimento edhe di ger se stessi gin¬
462 2540 1317 2586 Pstitlcand, generahnente, unn, coneczicn“
460 2577 1235 2612 retten arpur burlesca della vitn No
463 2611 1312 2659 mlme wascherr ad #sempte, 10 Schnitzler
463 2640 1319 2685 mette indesso ud it letterato Tradito dalla
467 2665 1309 2732 teruen che sta per mrire All’ospediale, In
462 2698 1309 2749 desiderio di riredere in atro leiterto a¬
460 2747 1308 2777 mnics ek’egli crede a se intertore di inge¬
458 2771 1309 2819 ano, ma che la lestuna ha, invece, Jpolto
459 2809 1292 2858 tavorito. Egli vuel rwvederlo per gridargli
465 2838 1310 2895 zul viso Podio onde ribolle, per vendienten
458 2876 1304 2934 della felicita di Hei distruggendoln Van
456 2908 1306 2952 colpo col rvelirgli che Mi Tecnaute delta
460 2947 1285 2997 tndelie Lamies Mlustre chiamate Viene.
456 2979 1299 3028 mmt i1 malato lascia degenerare i discorso
456 3006 1305 3059 in und Conversaztenle seiecen, di eireostan¬
449 3044 1295 3098 za Che Importe i vendicarsi quando si
459 3081 1300 3111 eia per morire? Paltro, iI sopratvissuto a¬
465 3113 1292 3161 vreehbe pur sempre il diritto di ridere. N.
453 3147 1298 3192 Le ultime maschere Tumorismo e tragico
497 3178 1287 3219 grage esi veste di Mlosofla. — u6#.
463 3215 1290 3259 na daddio e gaioe leggero. Due amauli si!
472 3244 1302 3302 vol. Sceunbatn ia promessa di non tradirer!
467 3279 1292 3334 Mal. Se qualenmrdei due si stancherd del
457 3316 1296 3364 scconldo glielo dira trppmiiamente P oue¬
467 3348 1286 3396 stamente invocando la geparazione, II mo¬
463 3377 1284 3439 mento di separersi e, pertanto, arrivato.
466 3409 1280 3469 L'nomo, che s’e innamerate di andaltra
463 3446 1285 3500 denna, invita ad una ccnn # aldio 1a1
465 3481 1277 3523 prima amante. Durante la cona. rivelerà la
460 3518 1276 3568 cosa. Ma durante la cena e proprio Tin¬
467 3546 1273 3599 vitata che si ricorda della promessa di
465 3580 1277 3635 um tempe#e la mantiene, 6l ## proprio 10¬
452 3613 1275 3670 spite che sl grrabbia e dà in escandesten¬
460 3646 1273 3703 20. Lintenzione ironica della contraddi¬
447 3674 1279 3742 ziche fu rese pin eridente, iersern, dalla
458 3716 1281 3778 interpretaziene piacevolissima di Emma
450 3739 1269 3802 Gramatien dhe si übbriace di chumpayne
446 3779 1275 3833 #si eibo di estriche, di tarufte di eremn
446 3810 1265 3861 con tale zhiotta volutta da für venire Tac.
453 3846 1275 3903 quolina in bocca u qucnti la amnmiravano
454 3885 1267 3936 cosl gluziosa, cosl seducente, Cost elegante
433 3917 1156 3966 nel sembilce e ricco abbigilainente.
486 3949 1261 4005 De ullimne maschere cand state bene Pe¬
446 3971 1261 4030 citate da Leo Orlamhul n dal Capodaghio.
489 4014 1258 4070 Questa sera Ennna Grmnatien prend
446 4044 1210 4099 connntate dut pabblico del „Gobloni„
449 4069 1262 4144 plee Lo montie de Gaudie di bums
465 4168 1277 4239 Tande in#adta Cnsonie  V
2000 502 2116 574 aenhen
2134 570 2934 658 Teatrie Coycerti
2955 646 3294 724 Cerfiere
1803 658 2088 742 INA
3036 740 3080 774 —
2141 696 2921 794 Ultime maschere, e Cena G'addio,
2961 766 3282 839 La ribelli
2205 770 2847 835 ("Goldoni,, - 16 marzo °00)
1795 770 2001 847 16o
2139 825 2914 875 1 dug aiti unici dello Schnitzler on Haf¬
3082 836 3284 886 (Tribunat
2109 861 2915 914 no incontrate tersera ie stmnpatie del purl¬
1836 847 2091 925 alcoolizzato
2947 866 3281 933 Ci seivono da V
2113 900 2911 939 Elico vencziano. II pia gruide stupore si
2954 911 3260 969 Temnind qursy
1829 919 2090 970 Fanni 20 da
2114 938 2906 985 dipirise sulle fucce dell uditorio abla fine di
2934 956 3212 1013 baittianento ily
1819 956 2092 1005 un p67z0 lu.
2102 964 2910 1011 Le ultime mschere Ascoltato con molta
1807 992 2093 1040 #nlorno. L'al¬
2933 995 3201 1055 vinotti di Toy
2110 1003 2906 1045 #ttenzione & von molto Interesse in ditun¬
1847 1027 2095 1071 Tihlenso l¬
2928 1031 3189 1083 tati di nverel
2105 1036 2907 1078 min Mseio, da uitimo, inceni gli animi de¬
1801 1061 2094 1107 In di due ami¬
2104 1075 2902 1112 mli speitatori. Che Coen volwa simillcare
2928 1072 3184 1123 uento violenz
1803 1091 2101 1141 Pila siessn ch¬
2112 1103 2919 1141 Tantore Cn la sun breve azione secalen
2943 1104 3191 1159 II Teibumd
1813 1128 2912 1183 Stro Solda alsi triste di ambiente esi andia di cohte¬
2921 1141 3180 1199 di rento. La
2095 1160 2908 1213 #uto? Nel dupbio di non aver chiaramente
2948 1181 3183 1238 Presidente
1812 1177 2090 1242 astiano Forti,
2110 1206 2906 1250 comnpreso ia Hnalita Pecoiilitn del dramiia
2923 1219 3185 1284 Pn1
1800 1228 2086 1281 alics segatore
2115 1237 2902 1294 11 ptrbblien si astenne da oghl segno di di¬
1852 1261 2098 1305 1 Gatto, Hin
2114 1266 2917 1305 eapprovizione, da oghf tentativo di ap¬
1810 1300 2090 1355 holl si MHlosse
2103 1304 2908 1345 piatiso. Rinmse pensieroso, Quando torno
2090 1329 2913 1387 in pattisstenfizn di se ern arnai troppo tard
1809 1349 2091 1413 ja ritenne trat¬
2100 1369 2920 1421 peresprinere un gindtzio. Mausel in comn¬
1806 1398 2080 1444 Dhe Cersbiale.
2107 1410 2917 1447 Ment: Vivnet e in discnssiomn cio che de¬
1794 1430 2084 1480 ate il endive¬
2114 1441 2919 1483 Frebles costitalre, per und serittore che 51
1789 1465 2088 1524 Josizione della
2993 1480 3100 1524 —
2108 1477 2911 1514 repetta, i1 suecesso mnigliore. Sorte diver¬
2100 1515 2910 1555 89. Pbe ia Cend d’addio connnedia glocosn
2112 1541 2910 1574 clie susdito, spesso, risate sincere e proch¬
1788 1539 2099 1605 neta per la
2114 1572 2910 1612 rO, 61 enlar del siparto und chlanmta a
1796 1590 1974 1652 oitura
2099 1606 2903 1648 Emne Greamatica. Mamemmeno di questo
2918 1626 3187 1686 MIRANO —
2100 1642 2911 1687 secondo eslle organismo intessuto di os.
1805 1642 2093 1712 si riunira 11
2097 1672 2915 1713 seiwscione mordace fu intuita in rasion
2948 1667 3167 1720 P furti — 8
1891 1683 2083 1734 erIinpor¬
2109 1710 2873 1759 Mafte. Non dobbiumo mernvigliarccne.
2918 1710 3189 1760 nusvumente
1804 1715 2040 1769 Presidenza
2106 1742 2912 1785 due ali dello Scimitzler appartengeno un
2920 1744 3203 1794 dael. Questio¬
1807 1750 2085 1810 na asscanbien
2101 1782 2901 1819 gener in cul ectelle Tristan Bescanl, 1
2923 1778 3199 1836 4#e. Col Cof
2107 1815 2909 1846 mnsestro dell’umerismo e dello, satiraten¬
2931 1811 3183 1854 stanzu adübi
2100 1845 2906 1884 tale in Franeia, i1 dellzi5# disegnatore di
1801 1825 2003 1896 ghier
2930 1849 3197 1891 nel magazzi
2104 1874 2907 1917 Monsieur Codomat il ribelle alla trelizio¬
2925 1878 3191 1936 #llato i ftumd
1849 1868 2105 1936 manilestato
2107 1913 2909 1950 ne techiea per la lechien. Ora & ginsto dlle
2925 1911 3120 1957 10 L.,21.
1812 1920 2090 1981 Florol pegzio¬
2113 1945 2906 1984 1e Commnedie dello Schnitzier von abblano
2941 1926 3181 1993 Pure stand
1843 1959 2085 1998 "con delien¬
2106 1978 2900 2020 Dtone aecoglienze in Italia poiche on dc
3005 1975 3175 2029 avelnlo
1807 1981 2091 2040 zu Abla Augo¬
2101 2008 2909 2061 Malins) Kleite Dei Bernard dulle qutali esse
2925 2009 3180 2069 ciette uori 6
1817 2021 2088 2069 Iche Tegregio
2102 2052 2897 2091 detdvano, alle qlall, per 10 mend, 4880 üs
2921 2054 3180 2099 11o. bevendo,
1818 2047 2079 2104 Da Sommin d
2107 2082 2910 2120 soinigliang seinza bossederne perd la fre¬
1815 2090 2079 2139 ra i soei wer¬
2925 2089 3188 2145 GAVANZER
2110 2118 2904 2159 schezza del tocco, in agilita somma del
1784 2124 2082 2169 Siglio Drreitivo
2103 2147 2901 2190 dialege, h canatteristien onginalita delle
2943 2131 3165 2193 Ripristino
1820 2159 2090 2207 intima genti¬
2108 2183 2906 2218 sitnazioni e dei üpl. 1o Schitzier, conn
2924 2163 3173 2225 Javoro dirie
1807 2191 2096 2242 1a— Dallte n,
2927 2216 3178 2276 rwostruito
1786 2223 2913 2262 ## alle gioiefi Pristan Bernanl, tende à cogliere e n0
1803 2248 2907 2297 dl agglungerefIinstrafe cen Fallinata gensibilita ting
2919 2249 3183 2296 ut pibblico,
2105 2283 2908 2326 atteggiamenti particolari dello spirito i¬
2921 2284 3186 2328 ora ripristin
1788 2290 2091 2354 Naziont od au¬
2099 2315 2904 2353 mano che Merivano de. Complieazioni 801-
2916 2317 3163 2358 provinciale
2097 2354 2916 2392 uli di seatimento eche diper s6 sessi gin¬
2915 2349 3171 2397 che si debbi
2927 2384 3167 2427 rio di fare
1807 2378 2911 2436 1S. Lucia stifleano, generalmehte, unn, conceziong
2099 2416 2849 2456 t#etes. Oppür burlesca della vitn Ne
2926 2419 3173 2463 stro del Gor
1804 2421 2093 2477 uni, direttore
2111 2449 2911 2486 ultime waschere, ad esepto, 1o Schnitzler
2960 2451 3172 2501 Orario dell
1859 2462 2080 2509 1l capo di¬
2103 2483 2906 2521 inette indosso ud un lettento fradito dalla.
2925 2478 3159 2531 tutto 11 15 0
1813 2496 2088 2541 Seappo Scziolte
2104 2517 2914 2570 terungt che sta per Morire alT’ospedale, 11
2916 2518 3195 2565 retto, lungo
1808 2525 2085 2576 Sendente ing.
2100 2549 2909 2588 desilerio di rivedere in altro letterato h¬
2925 2552 3189 2599 viceversa 6 1
1859 2567 2078 2609 Prineipale.
2107 2588 2897 2622 mien ch’egli crese a se inferlore di inge¬
2919 2585 3186 2634 varzere Ore
1824 2602 2090 2644 #ario süperio¬
2110 2618 2906 2655 ald, mie che la fortine ha, invere, anolto
2921 2605 3205 2678 Chloggin per
1880 2634 2083 2678 Constalare
2103 2651 2909 2696 Invorito. Egli vuol rivederlo per gridargli
2914 2653 3201 2691 610e unczz’oraE
1827 2663 2082 2722 talla Camera
2094 2689 2898 2724 sul viso-Todio onde riboll“, per vendicarsi
2919 2690 3184 2734 piroseafl in
2099 2721 2917 2751 della felcita di Ini distruggendela G’nn
2917 2721 3195 2776 vamente alle
1830 2713 2085 2776 sla Geficenzal
2108 2746 3195 2819 calpo col rivelargli che in Tamante della MESTRE —
1835 2778 2911 2831 pewedimenteVierlie. L’amico illustre chiamato viene,
1838 2803 2094 2850 o di un'ad¬
2949 2793 3188 2852 Decesso —
2106 2814 2913 2851 mna in malato lecia degenerare il discorsol
1848 2832 2088 2892 delle merel
2925 2838 3203 2899 ottantache
2104 2852 2905 2887 in und conversazione sciecch, di Circostan¬
2920 2880 3180 2931 Mogliano la
2094 2882 2899 2934 2a Che importa II vendicarsi quando #l
1900 2892 2086 2947 per und
2920 2915 3183 2960 madre eseit
2098 2920 2903 2968 sta per morirc? L'’altro, 11 sopravvissnto a¬
1859 2937 2093 2984 do in mnodo
2924 2944 3182 2999 in particol
2104 2954 2906 2997 vreobe pur sempre 11 diritto di ridere, Ne
2921 2982 3169 3035 buldi glung
1863 2975 2899 3028 sc0 c sch-1 Le ultime maschere Tumorismo e tragico
2917 3017 3094 3070 gllanze.
2092 3028 2910 3066 e grave e si veste di fllosolla. — In Ce¬
2083 3052 2919 3111 Unn Taddio e gaioe leggero. Due amanti si
1832 3040 2022 3105 onale
2917 3053 3178 3120 Nomina d
2099 3092 2900 3129 son Sceumnbliatn 1a promessa di non tradirsi
1837 3097 2086 3150 Soci che in¬
2917 3106 3147 3177 S. DONA‘
2102 3129 2903 3171 mbl. Se qualeune dei due si stancherà del
1840 3139 2101 3186 Pzioni rego¬
2091 3154 2913 3204 secondo glielo dira trmpiillamente & one¬
2937 3160 3154 3209 Dopo che
1845 3171 2082 3220 soche nvra
2102 3194 2909 3236 stamente invocando ln geparazione, II mo¬
2925 3197 3158 3253 Stato, la nc
1847 3206 2076 3255 Slino mese,
2098 3225 2908 3271 mento di separarsi e, pertanto, arrivato.
2918 3236 3154 3280 no elevata
1850 3238 2090 3288 i1 25 corr.,
2101 3255 2903 3302 L’uomte, che s’e innamerato di un'altra
2912 3268 3178 3311 ri. i comp
1852 3275 2084 3324 antinio pre¬
2100 3288 2902 3332 denaa, invita ad und ccnd di addio in
2918 3295 3173 3343 uumale dies
1860 3310 2077 3353 tiro per la
2102 3323 2902 3368 Frima amante. Durante la cenn, rivelerà la
2917 3337 3160 3379 nitosi per N#
1919 3342 2078 3390 honche
2094 3359 2903 3396 cosa. Mla durante la cona & proprio lin¬
2923 3373 3153 3424 acehsciuto
1867 3375 2074 3426 into della
2095 3394 2897 3433 vitata che si ricorda della promessa di
2908 3400 3161 3447 nomina de
1862 3407 2072 3456 sendo clle
2102 3427 2915 3475 un tempoe la mantiene, el é proprio l’o¬
2915 3438 3163 3484 Süwlaco ri#
1874 3444 2081 3492 Fi adee¬
2091 3462 2913 3498 spite dhe si arrabbia o dà in escandescen¬
2912 3469 3156 3515 votanti il e¬
1875 3473 2076 3535 riori iseri¬
2098 3495 2898 3527 ze. L’intenzione ironicn della contraddi¬
2909 3497 3159 3550 Fro; ad ass
2101 3525 2894 3567 zicne fu rese pin evidente, ierserd, dalla
2907 3537 3159 3590 Plateo, aVV,
1862 3535 2071 3584 anon han
2089 3558 2889 3605 interpretaziene piacwolissima di Emma
2921 3560 3160 3615 Vellnti, rag#
1866 3571 2081 3632 Miti di liro
2097 3589 2905 3632 Gramatica che si übbriacb di champayne
2948 3607 3147 3651 Tutti gli
1860 3609 2082 3654 lla Segre
2102 3629 2897 3673 #.si eibo di estriche, di tartufle di creinn
2917 3628 3153 3681 radicalee
1868 3643 2079 3691 rritirarli.
2102 3659 2895 3709 con talo ghiotta volutta da far venite Tac.
2911 3664 3162 3718 patte mnodes
1858 3682 2082 3724 hto iI pro¬
2096 3698 2900 3735 Ghiolina in bocca a quanti la ammiravano
2915 3702 3168 3754 nergen osli
1849 3714 2070 3761 hi regola¬
2098 3727 2902 3764 cesl glaziosa, cosl seducchte, cosi elegante
2916 3740 3173 3783 stinzione dt
2082 3767 2789 3802 nel semblicee rieco abbigliamento.
2907 3774 3165 3817 strativo. 874
2121 3795 3180 3863 Le uitime müschere erand state beue Fe-gdestino dellz
1843 3782 2072 3851 sstrato
2097 3831 2890 3871 cllate da Leo Orlandini 6 dal Capodaglio.
2915 3845 3177 3885 Klobe incren.
1857 3832 2085 3901 sie del Frei¬
2121 3867 2898 3912 Ouesta a Emma Gmnatien prende
2914 3874 3185 3929 ## ra püre var
1928 3878 2076 3929 signari
2086 3901 2885 3941 Conmntato dal pubblico del vGohlonjs vo
2917 3908 3198 3954 che per comte
1865 3894 2088 3959 Hale Pelbt¬
2093 3920 2886 3982 pliemele Lo montie di Glandio di Damas.
2900 3934 3196 3987 glior inczzo 6
1860 3944 2081 4004 zoltro, di¬
2745 3967 2878 4021 0. d.
2915 3972 3169 4023 ehe anno 11
1862 3977 2089 4025 Skalng
1854 4006 2090 4064 sono, eiren
2115 4010 2905 4076 Landata in scc della Commgnia di Vir¬
1872 4046 2030 4101 variata.
2310 4061 2904 4112 t###tn ul 19 cohfente & enhito di
2093 4061 2250 4106 MlTn
2097 4089 2907 4132 blamn. Sme tanto applandito lavoro
2093 4123 2893 4169 ##e sitirico II Ron d. Do Flers Caillamt
1863 4121 2031 4184 ittico
2126 4153 2253 4188 4
2911 4165 3191 4229 La pensione
2120 4174 2895 4212 Ch abmenti per intersntissi ma sta¬
1886 4181 2080 4238 he in 26
2084 4210 2899 4259 gione ei ebrudono gioredi sera, e # prenota¬
1927 4228 2075 4268 71a 0 4
2961 4215 3227 4275 cadorino
2082 4244 2807 4285 gient hn d’ora alfluserno anche trop.
