3344 4352
726 179 835 237 t2
1010 176 1198 239 Mas
1512 177 1956 259 box 34/7
243 176 1340 274 8. D1 6 E 1
1817 1094 2221 1169 Telephon 12801.
1061 1168 1137 1232 6
1061 1233 2155 1363 2 M
1046 1291 1117 1336 800
1056 1336 2215 1409 O l. österr. behördl. konz. Unternehmen für Zeitungs-Ausschnitte
1064 1368 1133 1413 66
1219 1386 2109 1476 Wien, I., Concordiaplatz 4.
1448 1477 1879 1537 Vertretungen
1053 1512 2200 1587 0 in Berlin, Budapest, Chicago, Christiania, Genf, Kopen¬
1044 1559 2200 1632 hagen, London, Madrid, Mailand, Minneapolis, New-Vork,
1154 1600 2171 1666 Paris, Rom, San Francisco, Stockholm, St. Petersburg.
1058 1636 1114 1679 00
1449 1646 1860 1705 (Quellenangabe ohne Gewähr.)
1035 1678 2130 1779 7 Ausschnitt aus: 7. ?
1029 1791 1256 1850 E vom:
1330 1962 2104 2044 AN ETENING WITH SCHNITZLER.
1320 2025 2107 2114 Turce of IIIs Short. Piazs Make mmeat
1576 2069 1861 2128 Irving Place.
1357 2110 2104 2187 Arthur Schnitzler of Vienna, who was
1321 2147 2100 2232 disclosed to this country by bis play called
1326 2187 2106 2285 · The Reckoning' at the Berkeley Lyceum
1319 2223 2102 2318 last winter, had a further hearing last night.
1316 2268 2092 2349 though in German thistime, on Irving place.
1309 2301 2088 2382 Three of his one act plays made up the en¬
1319 2342 2113 2427 tire programme, an interesting experiment,
1313 2386 2103 2465 that might have resulted in failure had the
1309 2426 2091 2499 plays been less interesting. As it was, the
1310 2462 2090 2545 sccond of the group, Der Grüne Kakadu“
1303 2501 2088 2575 (At the Sign of the Green Parrot“), alone
1307 2544 2094 2620 made so deep an impression on the andience
1302 2586 2084 2650 that stecess was assured. The Green
1310 2605 2084 2687 Parrot“ is an underground cabaret in Paris
1298 2635 2091 2707 frequented by aristocrats who come to be
1296 2675 2085 2760 amused by the scum of the earth who are
1302 2708 2075 2780 also there. The proprietor, an old actor,
1300 2734 2083 2818 hires Leedy men and women to impersonate
1298 2775 2082 2846 thieves and murderers, which pleases the
1297 2801 2079 2883 aristocrats just as well. Thus the scene
1301 2836 2068 2907 snggests Gorky’sNight Refuge,’ yet quite
1296 2866 2067 2936 withont its sordid reality. The action takes
1291 2904 2075 2972 place on the evening of July 14, 1789, and
1283 2932 2069 3018 swings with a rush into tragedy attheend
1289 2990 2055 3076 when one of the actors in the grim comedy,
1293 3014 2067 3105 a pretended murderer turns play into
1290 3056 2055 3136 reality by stabbing a Duke to the heart
1295 3091 2067 3181 schilethe crowd burst into annonnce the fall
1295 3118 2056 3195 of the Bastile. The piece is theatrically
1287 3153 2063 3235 remarkably effective and gives both players
1276 3186 2061 3266 und stage manager plenty 10 do. It was re¬
1281 3212 2053 3312 ceived with much enthusiasm. The two
1275 3234 2050 3321 other plays. The Last Masks and“ Litera¬
1280 3272 2053 3363 ture,“ were slighter in theie and much
1279 3313 2058 3396 mnore quiet and colloquial in method. They
1266 3348 1812 3416 afforded the needed contrast.
