3344 4352
236 160 1359 274 8. Die letzten Nasken
132 843 312 896 rbindung
345 842 1557 889 guten Teil von der Art der Darstellung abhangen, die hier vor¬
136 884 316 934 eranlaßt
336 891 1555 939 trefflich war. Bei der Schwierigkeit, dieses Tohuwabohn zusammen¬
129 920 301 973 ster spielt.
347 926 1560 979 zuhalten, will eine gelegentliche Stockung nicht viel besagen. Alle
136 960 304 1010 eAnteil¬
340 964 1552 1028 Darsteller boten anerkennenswerte Leistungen, so die Herren Ekert
130 996 299 1053 rsagt sich
342 1007 1553 1049 (Wirt), Götz (Henri), Wurthenberger (Tichter), Aßmann (Herzog),
137 1043 307 1089 mit ins
341 1046 1554 1098 Heber (Bicomte), Kiesan (Chevalier), Dysing (Marques), die Damen
131 1078 313 1131 geschickte
339 1079 1548 1137 Frey (Marquise), Schonfeld (Henris Frau) usw. Die drei Stucke,
133 1121 312 1169 n Stuck¬
339 1124 1548 1163 von denen die beiden ersten für Köln Neuigkeiten waren, während
133 1159 307 1208 durch die
339 1156 1547 1211 der Kalaon vor Jahren schon einmal gegeben worden ist, hatten
149 1197 313 1246 (Weih¬
340 1196 1544 1246 sich Direttors Remond geschickter Inszenierung zu erfreuen. Während
138 1236 299 1285 enschen¬
336 1235 1549 1283 die äußere Ausstattung des ersten und britten Einakters den Ein¬
134 1270 312 1342 iu Lipsä
327 1270 1550 1318 druck des Elends und des Schauerlichen verstartten, zeigte der
331 1315 1567 1356 Garten der Komteß geschmackvolles Arrangement. Das zahlreich
123 1346 1573 1411 fronischen erschienene Publikum nahm die Darbietungen mit großem Beifall auf.—
131 1395 321 1446 e Menge
120 1430 307 1482 ichen Be¬
127 1471 308 1523 Grasen
131 1513 319 1567 ges Kind
141 1553 318 1603 im Be¬
149 1592 315 1652 Vaters
127 1627 319 1681 ßt. Der
131 1663 305 1722 siebzeyn¬
133 1713 319 1762 or ver¬
133 1741 313 1800 1 Vater
135 1784 306 1842 sellschaft
127 1829 298 1878 lich un¬
131 1867 315 1937 dadurch
187 1908 304 1958 Alles
137 1943 291 1998 cht, die
137 1991 286 2038 nimmt.
126 2028 297 2088 au Frey
127 2065 282 2118 Gral),
142 2108 283 2162 nregend
143 2143 289 2196 n und
1499 170 1962 251 box 34/7
2440 902 2795 992 Telephon 12.8
2779 918 2833 986 —
1889 1043 2629 1136 „ODSENVEN
1738 1106 2820 1215 1. österr. beh. konz. Unternehmen für Zeilunge¬
1935 1177 2615 1237 Ausschnitte und Bibliographie.
1885 1221 2669 1305 Wien, I., Conoordiaplatz 4.
2122 1288 2450 1363 Vertretungen
1722 1343 2816 1409 in Berlin, Brüssel, Budapest, Chicago, Cleveland, Christiania,
1736 1387 2816 1449 Genf, Kopenhagen, London, Madrid, Mailand, Minneapolis,
1720 1423 2824 1495 New-Vork, Paris, Rom, San Francisco, Stockholm, St. Petere¬
2129 1460 2425 1519 burg, Toronto.
2081 1505 2474 1564 (Quellenangabe ohne Gewrähr.)
1721 1555 2125 1635 Ausschnitt aus:
2080 1591 2885 1693 Rheinische Musik- u. Theater¬
1719 1659 2761 1776 SSeitung Koin akh.
2785 1810 2954 1869 K. W.
2244 1848 2509 1917 Schauspiel.
1853 1897 2993 1953 Das Schauspielhaus hatte mit der Aufführung dreier
1764 1945 2997 2009 Einakter von Arthur Schnitzter einen starken Erfolg,
1772 1991 2992 2035 der aber meinem Einpfinden Nach Wehf dem theatralisch wirk¬
1780 2012 3006 2082 samen Aufbau der Stücke, als der von Direktor Rér und be¬
1782 2067 2993 2112 sorgten Inszenierung zu danken ist. Bei dieser war mir die
1775 2091 3002 2162 Absichtlichkeit zu aufdringlich. Das erste Stück „Dieletzten
1769 2146 2988 2196 Masken“ spielt in einem Krankenhaus, am Lager eines
1761 2182 2994 2246 Mannes, dessen Tod in den nächsten Stunden zn erwarten ist.
1713 2298 2920 2358 Es ist richtig, daß in solchen Fällen die Umgebung jeden Lärm
1698 2355 2920 2394 zu vermeiden pflegt und sich nur mit gedämpfter Stimme unter¬
1713 2389 2929 2451 häft. Es genügt ja da auch, wenn einer den anderen versicht.
1707 2435 2928 2490 In: Theater aber sitzt schlicblich vor der Bühne ein Publikum,
1706 2470 2920 2513 das doch auch nicht ganz von den Vorgängen auf der Szene
1703 2510 2931 2562 ausgeschlossen sein mochte, und das nicht raten, sondern hören
1707 2553 2924 2603 will. Tatsächlich war aber von den Flüsterreden wenigstens
1710 2585 2923 2645 auf meinem Platz kein Wort zu verstehen. Ferr Turrian,
1708 2623 2912 2680 der als Sterbender keine Rücksicht auf sich zu nehmen brauchte,
1709 2664 2922 2722 und Herr Engels, der es in seinem Egoismus als berühmter
1709 2702 2929 2742 Schriftsteller nicht tat, boten gute Leistungen. „Komtesse
1708 2742 2922 2795 Mizzi“, übrigens eine Neuheit für Köln, ist ganz auf den
1708 2784 2923 2836 Ton heiterer Resignation gestimimit. Die Heiterkeit wurde sehr
1705 2821 2925 2861 Jadurch erhöht, daß sich die verschiedenen Darsteller im Wiener
1706 2862 2925 2915 TSalekt übten, wobei ole komischsten Wirklingen erzielt wur¬
1698 2904 2922 2962 den. Frau Frey in der Titelrolle war, sowohl was das Spiel
1700 2940 2929 2991 wie was die Sprache angeht, einwandfrei. In der Groteske
1709 2984 2921 3034 „Der grüne Kakadu“ kommt alles daraul an, daß die
1708 3021 2921 3054 Grenzen zwischen Spiel und Wirklichkeit möglichst verwischt
1706 3065 2926 3099 werden, es erschien mir aber, als hätte man sie hier bewußt
1702 3099 2913 3145 betont. Auch fehlte der Gruppierung der Massen das Zufällige,
1703 3143 2922 3194 das Ungezwungene. Jedentalls habe ich von den früheren
1704 3176 2924 3236 Aufführungen dieses bühnenwirksamsten aller Schnitzlerschen
1708 3218 2914 3268 Stücke einen viel packenderen Eindruck gewonnen. — Sehr
1706 3254 2918 3303 glücklich steilte sich undei neuer Heldenspieler Herr Heinrich
1698 3302 2522 3345 Goetz als Wilhelm Tell vor. Er
2520 3296 2909 3352 fahte den kühnen
1701 3332 2917 3377 Schützen ganz als den Mann der Unüberlegtheit, der impalsiven
1702 3373 2913 3417 Handlung. Wir sahen den aufrechten Bauer, der in seinem
1705 3414 2918 3466 unbeirrbaren Rechtsempfinden ohne zu zandern bis zum Mord
1694 3460 2917 3505 an dem Unterdrücker seiner Freiheit und dem Bedroher seines
1697 3491 2913 3533 häuslichen Friedens geht. In der Sprache war alles Deklama¬
1697 3530 2919 3563 torische vermieden, sogar der berühmte Monolog in der hohlen
1696 3571 2912 3612 Gasse war ganz in Spiel, in Handlung aufgelöst. Uebrigens
1698 3613 2914 3668 wäre es an der Zeit, daß man für das häufig gegebene Stück,
1688 3649 2921 3705 das eigentlich immer etwas von der Weihe einer Festvorstellung
1692 3686 2914 3754 haben-sollte, einmal die Mittel für ganz neue Dekorationen be¬
1690 3721 1877 3786 willibte.
