3344 4352
1031 190 1148 257 Ma
1529 196 1996 274 box 34/7
268 191 1420 291 8. Die letztensken
1080 329 1378 474 T
204 473 1010 575 Za Stampa, 16 Dicembre
1003 456 1191 585 70
2986 535 3265 621 —
2351 591 3262 717 Stato Civile di Torino
724 674 2260 750 R E SCILNNZL
2625 721 2975 774 15 dicembre 1908.
2383 747 3142 802 NABCTTE: 15, cioe maschi 9, femmine Ub.
216 628 621 827 i kense
1452 772 2358 842 Ile, vivace, di una comioità un po' pesante —
2389 791 3258 854 MATRIAIONIO: De Micheli Giuseppe com Ri¬
2362 827 2619 877 golett! Murin.
1472 822 2359 870 & vero — tipo germänico, — ma graziosa.
719 770 1365 894 Tre novità.
211 811 502 913 31 dicembre!
2373 837 3261 910 MIORTI: Banchiori Gristina, vedova, nata Ber¬
1476 860 2369 928 L’atto fu recitato dal Bertramo, dal Ferrero
590 872 1490 949 Monsignore in vacunza, commedia in un at¬
2421 894 3261 954 telo, d’anni 74, di Torino, casalinga, via Ro¬
1477 899 2369 962 0 dalla Gramatica: deliziosamente dalla
2416 927 2582 972 ma 35.
215 904 598 980 al premio di
655 927 2361 988 to, di J. CLARErIE. — Le ultime masche-IGramatica. E fu anche vivamente applandi¬
2357 949 3265 1014 Bome Paolo, id. 76, di Settimo Torinese, pensio¬
656 968 748 1014 7e,
740 958 1485 1015 dramma in un atto, di Akruno
238 962 605 1028 premi per hn
1475 979 2360 1046 to. Dei due atti dello Schnitzler diede und
2422 994 2900 1037 nafo, via dei Quartieri, 6.
664 1011 2122 1078 SCHNITZLER. — Cena d’addio, un atto, dibuona traduzione Cesare Levi.
2361 1007 3272 1081 Corrad Camilla, nata Tirono, id. 63, di Rivalta
208 1010 605 1080 mandi lire 17,60
657 1048 998 1104 A. SCHNITZLEn.
2472 1055 3270 1111 Frinese, agiata, corso Vittorio Emanuele, 116.
2192 1041 2311 1118 d.1.
202 1053 604 1125 i lire 17,50 se
2339 1089 3268 1144 Tanaahri Cesare, id. 51, di Gualtiori, capo-sarto,
1640 1070 1844 1138 Win neesche e hen
661 1076 1406 1150 (Teatro Alfteri — 45 dicembre 1908).
2426 1118 2754 1164 vih Boucheron, 1.
230 1111 590 1177 ai nostri spor¬
619 1125 1477 1184 Tre novità: una noiosa, Paltra tetra, alle¬
1474 1120 3270 1196 Là commemorazione del M. Tomptau Robertifadegnani prof, unv. Gäuseppe, id. 63. di Campiglia
203 1160 584 1228 no vivamente la
2438 1172 3212 1222 Cervo, dottore in lettere, via Consolata, 1.
586 1184 1476 1235 gra la terza: con esito direttamente prepor¬
1552 1188 2285 1260 all'Accademia di canto corale S, Tempia
2363 1207 3271 1267 Cerrato Giulio. id. 45, di Asti, capo-elettrdista, vie
568 1212 1482 1279 zionato alla loro attruenzu: negativo per la
2423 1245 2686 1296 Gropello, 16.
1487 1229 2359 1294 L.Accademia Stefano Tempia: commemo¬
582 1243 1488 1314 prima, mdliocre per la seconda, ottimo per
2363 1267 3274 1337 Rasero Virginia, vedova. nata Tamagno id. 5l, di
1466 1264 2359 1332 ro jen sera nei Modo iigliore colui che in
587 1300 1372 1353 Tultima. Ecco il bilancio della seraiu.
2424 1305 3201 1347 Borgolavezzaro, casalinga, via San Donato.
199 1293 443 1368 gazioni
1474 1319 2357 1370 fondo, e i ungestro-Roberti, che per tanti ann
606 1331 1475 1383 K’atto di Jules Clarôtie ha, in reultà, assai
2362 1337 3270 1394 Pasini Virginia, id. 54, di Parma, casalinga, vin
1474 1354 2357 1402 ciede ad essa tutta T’attivita del suo ingegno
208 1346 510 1421 ei telefoni.
2409 1373 2633 1423 Roma, 37.
583 1372 1468 1426 poco valore: sopratutto non ha valore Sce¬
1479 1383 2359 1441 Li commemnoro, eroe, a traverso le bellezze del¬
2368 1388 3277 1454 Conti Anna, vedova, nata Garassino, id. 79, di Co¬
210 1400 591 1468 entale dei teiefonj
587 1416 1474 1461 nico. E' uno di quei bozzeiti dialegati, che#
1472 1421 2360 1472 ia loro operu. Non-vana pompa di discorsi o
2423 1439 3276 1481 stigliole d’Astd, easalinga, corso Vunzagläo, 29.
1482 1447 2357 1500 di artifei decorativi: ma l’esecuzione di un
577 1449 1465 1494 stan meglio nelle pagine di un libro che nel
2369 1451 3265 1535 Civra Domenica, nata Barbero, id. 26, di Torinn,
214 1465 587 1530 centrale dei telefomt,
1472 1481 2370 1554 programma musicale tra i pin nobili e# piu
586 1488 1471 1531 rnadro di un teatro. Queste comnediole, an¬
2424 1508 3055 1555 sarta, piazza Vittorio Emanuele, 18.
1477 1518 1631 1567 severl.
213 1512 581 1571 mniglior miode i con
595 1525 1466 1573 corché con scarso movimento drunmnatico 0
2364 1517 3278 1602 Cruto car. Alessandro, ud. 61. di Piossasco, agünto,
226 1547 591 1595 abile ristrettezza der
1498 1534 2357 1601 La maggior purte dei pezzi era conosciuta
2424 1562 2958 1610 corso Vittorio Emanuele, 32.
598 1574 1480 1614 cohtico, possono attecchire se trapiantate
228 1576 587 1627 indibile wrwessita d
1472 1582 2355 1637 Ala Ju curlosita cra eccitata da und Composi¬
2362 1590 3278 1662 Basso Domenico, id. 73, di Lombriasoo, negozianta,
588 1608 1472 1659 sulla scena, quando abbiano vivacitäe gra¬
227 1615 589 1659 MM'implanto ora in
1474 1622 2351 1678 zlone mucen, Tul autore nuovo: eil coro del
2419 1631 2876 1681 piazza Santa Giulm, 10.
298 1648 590 1697 noto, und Krave
585 1643 1475 1686 zin di dialoge, o traducano un motivo, un
1480 1656 1921 1702 morts, di Fritz Naff.
2356 1647 3272 1729 Costellt Enrico, id. 65, di Castagnole Monferrato,
225 1655 582 1720 Suscitato gluste in
587 1680 1479 1730 soggetto, und condizione di anime 0 di fatti
1505 1668 2361 1732 Orbene, usi ad Psprümiere sempre cimt fran¬
2426 1698 2995 1747 negoziante, piazza Castello, 18.
227 1703 586 1756 1 verilicarst dei pri¬
598 1720 1467 1766 originale. Monsignore in edcunzd non riful¬
1479 1708 2362 1772 chezza II wostro giudizio, dnsclie se possa tor¬
2358 1719 3266 1785 Conra Angela, volova, nata Piolatti. dd. 74, di Gre¬
225 1737 595 1785 #1 direttore genorale
1483 1755 2360 1797 nare spiacevole, diremo che questa paginn si
2414 1758 3104 1812 Scentüno. casalinga, via Garibaldi, 11.
587 1764 1469 1807 ge certamente di tali virtu, Monsignor Du¬
218 1771 591 1814 e un ingegnere del
1476 1789 2353 1834 potera luschare da parte se mancnvano 1 mez¬
2358 1776 3269 1839 Musso Maria Rosa, nata Matta, dd. 72, di Castel¬
590 1798 1480 1846 ret un vecchio prelato (ieri sern Ugo Piper¬
224 1798 579 1854 ali disposero porche
2421 1822 3232 1866 nuovo d’Asti. Strada Val San Martino, 250.
1481 1827 2358 1861 zi per farhn Gnergere degnamente. Pochi ur¬
213 1835 589 1886 uendall, per quanto
598 1830 1470 1879 no ne rivestiva eccellentemente T’abito) sta
2358 1843 3257 1923 Blancctto Caterina, nata Blancotto, dd. 49, di Do¬
1485 1857 2364 1902 chi rinforzati dallharmonium e dal pianoforte
222 1865 582 1911 sse ridotto al mnini¬
593 1875 1467 1920 godendosi gli ozt delle vacunze iin unn vil¬
2418 1891 3109 1936 monte, margana, Strada Villaretto, 10.
1467 1889 2368 1939 froll possolto dare untiden abbastanza esatta
218 1907 591 1953 altronde inevitabile,
583 1914 1481 1957 Tleggiatura, insiehe ulla sun Iida e matura
2365 1908 3268 1977 Barberis Francesco, id. 64, di Villafranca Piemonbe,
1471 1923 2353 1968 di cio eire vulgu um Invoro Concepito evidelte¬
219 1927 476 1979 Iel servizio.
2410 1948 3098 2004 aglato, Strada Abbadia di Sturn, 386.
583 1951 1465 1998 ancella Maddalena. Dopo il cuffé, chlegli ha
1483 1958 2360 2004 inete per dura Frande orchestin, e che appüft¬
231 1941 585 2010 lagnanro 6 stato 1n
2362 1982 3273 2028 Perotti Teresa, nata Martinengo, id. 20, di Torino,
1467 1995 2360 2036 1o nella varietä e nella potenza dello strumen¬
216 2003 589 2044 suni giomn, d capo
594 1999 1468 2038 sorbito a piccoli sorsi e dopo anolte chiae¬
2423 2016 2629 2057 casalinga.
1471 2026 2348 2067 tale pulo trovare unn giustiflcazione a certi ef¬
214 2027 589 2078 hesi. con un doppio
593 2024 1472 2082 chiere piuttesto lunghe, dalle quali appren¬
2364 2031 3243 2087 Bianco Giuseppe, id. 24, di Valperga, contackino.
226 2067 586 2109 go senz'altro al im¬
1480 2059 2359 2119 fettl, che ieri sers parvero invece in qualche
589 2071 1474 2116 diamo tra altre cose poco interessanti, che
2368 2086 3269 2148 Amnore Catorinn, nai Paletto, dd. 70, di San Mau¬
236 2091 585 2137 rhnettere in condi
1472 2099 2008 2147 parte mancanti e mancati.
594 2101 1484 2159 monsignor Duret fu, in sun gieventü, allie¬
2412 2113 2857 2163 ro Torinese, easalinga.
219 2121 587 2175 nmnutaziono teiefonl¬
1497 2123 2358 2165 Evidantemento dil consiglio la pagina pole¬
2369 2130 3230 2186 Fresin Giusenne, id. 39, di Monesilio, contadino.
591 2143 1476 2196 vo della Scuola politecnicae rinunzió, poi,
220 2160 588 2205 gia fatto attnare al
1476 2155 2351 2218 rosa e difficile dovette farlo dopo unfundizione
2369 2170 3276 2231 Lanzone Lucia, vedova, nata Turinetto, id. 63, di
593 2183 1473 2230 alln tunica militare per la veste di prete,
215 2194 587 2233 molti abbonati han¬
1469 2195 2359 2247 ccar eleinenbi al Completo, e si comprende 1a
2412 2206 2775 2257 Rivara, Contadina.
215 2211 585 2271 ffetto in questi ulti¬
582 2227 2344 2272 monsignore si accinge a riposarsi nellu sndj lodevole premurd dell’egregto maestro Pach¬
2353 2229 3280 2307 Bigando Antonietta, nata Vivalda, dd. 74, di Ver¬
213 2251 589 2304 erá in breve. 1. altro
588 2263 1465 2308 coinoda poltrona, allorche gli é annunziata
1476 2264 2366 2329 ner uel volere farei conoscero und composl¬
2408 2269 2668 2322 ceili, agiata.
209 2287 588 2336 dificlo, che devo vor
1475 2297 2201 2352 zione sotto molti aspetti interessante.
591 2302 1468 2344 In visita della signora Budin, La signora
2355 2299 3269 2357 Montanaro Rosa, nata Deßlippi, äd. 65, di Busso¬
216 2317 590 2372 nplank., della grande
1504 2331 2358 2378 Intteressante infatti essa ei parve, Malyré¬
2409 2331 2884 2392 lino Gassinese, casalinga.
590 2341 1475 2385 Budin, — io ve lo dico subito, in poche ri¬
244 2356 593 2400 quella ora in sun¬
1476 2359 2348 2409 to#t, grazie anche alla bontà dell’esecnzione
2369 2366 3231 2427 Mussatto Ginvanni, id. 70, di Bairo, panderaiv.
588 2377 1476 2428 ghe. mentro la scena di Jules Clarétie é as¬
218 2384 588 2432 10 tempo, la conven¬
1478 2403 2350 2449 Coralo, belrche ie difficolta di essa si. faoessero
2362 2406 3264 2476 Rossi Agata, nata Leone, id. 20, di Oviglio, cont¬
215 2408 575 2464 nistero delle poste
585 2417 1465 2462 sai lunga eaffaticante, — 0 statu nei bei
2421 2436 2543 2479 dina.
1475 2435 2357 2486 nragstori per la mancanza di und base ade¬
235 2443 590 2493 6 stato puro rodatte
592 2456 1469 2506 tempi della sua giovinezza. innamorata del
1480 2462 1874 2516 guata ii orchestrü,
2352 2442 3264 2536 Gussco Pietro, id. 17, di Solero, manovale. wef
224 2477 592 2533 sti giormi lingegnere
598 2495 1469 2548 giovans allievo della scuola politecnica. II
1495 2484 2356 2547 Un sofflo drammatico investe tutto il lavoro,
2365 2502 3161 2559 Caselli Tommaso, id. 49, di Fubine, contadino.
224 2517 585 2560 ati col prefetto, col
1475 2518 2354 2582 dl proporzioni abbastanza amipie, e ne riveln
2359 2539 3273 2597 Chenn! Maria Vittoria, id. 19, di Aosta, oume¬
590 2537 1472 2582 futuro monsignore fu, dal cunto suo, pro¬
223 2543 584 2600 el Gemo Cvile, por¬
2416 2565 2539 2610 #era.
1481 2566 2366 2619 quel caratiere di frammantarieta, che altpi¬
585 2571 1467 2616 fondamente invaghito dalla futura signora
223 2577 584 2627 allapprovazione
2378 2576 2841 2646 Piu 7 minori di anni sei
1475 2604 2365 2651 menti diverrebbe antipatico. Certo il Neff per¬
219 2613 583 2668 ocedano Con ispecha¬
591 2611 1475 2658 Budin; ma i due innamorati non si rivela¬
2389 2625 3198 2688 Totale complessivo 36, di eud a domichlio 24, r
1476 2639 2361 2689 ca di quando Mi quando di teatrolità; la ne¬
579 2644 1472 2696 rono mai la reciproca flamma. E fu perché
2357 2654 3327 2730 gli ospedali, istituti, ecc., 12. Non resident in gus „
1475 2670 2352 2725 bilta dell’iden iniziale non si svolge sempre
2353 2689 2638 2741 sto Comune 5.
587 2689 1469 2731 In credette innamorata di un altro, il nobi¬
223 2678 404 2751 giorno
1476 2708 2360 2746 con uguale mobiltà di procedimentü; c’è un po¬
565 2711 1473 2790 le conte Letournier, che T’allievo ufficiale
1480 2742 2360 2800 ci tutto wel suo lavono, oscillante tra la forind
238 2730 473 2805 occupati.
589 2767 1468 2818 cangio, per disperazione, di mestiere, e si
1466 2768 2125 2822 classicae il pensicro romantico.
2426 2779 3198 2858 OSSERVATORIO DI TORINC.
584 2804 1479 2850 fece prete. La signora Budin, che non ha
1506 2786 2351 2847 Tuttavia T’impressione flirale é buona, pei¬
220 2807 526 2881 Torino, riuniti u
2358 2816 2710 2877 Palacze Madama —
2700 2831 2987 2888 15 dicemhre:
1476 2839 2350 2878 elle ei si sene dibanzt ad umd forzn, mcorndl¬
585 2849 1470 2889 sposato il nobile conte, ma il signore, che
2376 2857 3256 2913 Altezza barometrica in millimetri a 0 gradi di tem¬
222 2870 582 2929 jel lavoro, sentitn Ja
1470 2875 2352 2929 suetale, girae la mertee quasi primitiva, ma
589 2883 1476 2928 le ha dato il semplice borghese nome di Bu¬
2360 2897 3262 2958 peratura ore 9: 739,9; ore 15: 739,3; oro 21: 739,5.
1475 2910 2362 2948 bür Schupre notsvale per dn potenza di certi
222 2905 590 2958 sampia e serena di¬
597 2924 1463 2966 din. e ne é rimasta vedova, va dunque da
2374 2938 3257 2988 Stato atmosferico — Ore 9: coperto; ore 15 co¬
1479 2947 2364 2998 effetü, e per un non so che di suggestivo, che
223 2948 575 3003 Tuazione della legge
585 2955 1464 3007 monsignore, per pregarlo di raccomandare
2350 2964 2796 3019 perto: ore 21: coperto.
1472 2977 1908 3026 incatenn Tattonzione.
217 2990 575 3041 sara dalla Gufe¬
2371 2997 3267 3063 Temperatura estrema al nord in gradi centesimali
588 2999 1470 3044 un suo libretto di lettura all'Acendemia, che
1499 2998 2362 3056 Assisteva al sagglo un puhblico affallato 6in
233 3025 588 3081 deri cnanata i mno.
587 3040 1464 3087 deve decidere dei premi Monthison, 4 di rac¬
2390 3036 2758 3101 Massima + 4,2
1464 3043 2359 3088 eietto, che applandl vivamente l’intero concer¬
2867 3044 3263 3103 Minima + 1,9 *
237 3057 574 3120 Jerire completamen
1471 3078 2350 3123 10. forse anche un po' troppo severo, ma 1e¬
584 3085 1461 3124 comandarlo precisamente il signor De Le¬
2360 3078 3261 3136 Piaera Castello — Neite aiuole al nord del Palasse
229 3101 494 3165 pplicazione
1468 3110 2355 3159 gllo della solenne eircostanza e delle tradizio¬
2404 3112 2612 3165 Madama.
586 3110 1471 3157 tournier, che é diventato uccndemico celebre.
1468 3145 2164 3198 ni dell’ottima istituziorre cittadinu.
2347 3140 3017 3201 Temperatura massima del giorno 15
573 3149 1481 3201 Discorrendo, Pantica passione giovanile i¬
2351 3181 3275 3248 Temperatur uununa della notte dal 14 al 15 + 1,7
590 3198 1480 3240 gnota, si rivela ai due maturi innamorati
1644 3188 2175 3258 Cose del Regio.
221 3165 586 3294 3eo dramma
593 3226 1478 3292 di un teinpo. Ma ormai le cose sohlo troppo
1493 3228 2362 3288 S’era assicurata per il 19 corr. Tandaia in
581 3270 1465 3314 Iontane: per quanto un indefinibile ramma¬
1472 3271 2364 3333 scena di Walkire. Ma il desiderio di assien¬
219 3283 462 3361 patori
574 3308 1464 3352 rico di non essersi compresi a tempo pene¬
1472 3313 2359 3366 rare viemmeglio le sorti dello spettacolo, eni
590 3351 1464 3390 tri nel loro animo. Ma che farci? Nella, vitn
1477 3350 2362 3397 seinbra si vorliano dedicare verainente grandi
2369 3347 2774 3413 Lu cum sal der
238 3345 570 3420 à di via Stampa¬
1460 3381 2363 3436 cure, consilio ra und dilazione sino “1 22
592 3391 1466 3441 si nassa spesso accanto alla gioiae alln fe¬
233 3397 579 3458 malavita tori¬
2512 3392 3082 3475 Senatore Professore
1473 3419 2357 3478 corrente. Piccoló male, se d’opera se ue avvan¬
586 3422 1457 3478 licità sehza superlo. Conclusione: lu. signo¬
222 3439 575 3499 #co nelta cittadi¬
1469 3457 1666 3507 tagstern.
586 3463 1465 3518 ra Budin se ne riparte, e monsignore si de
230 3466 574 3535 Lite da un senso
1491 3466 2368 3542 Comnjüetiamo Mtanto Telenco degli esecutori
583 3504 1454 3552 cide a scrivero la lettera di raccomandazio¬
242 3517 581 3576 hno recate nelln
1462 3517 2359 3559 prinelpeli: Bruniide, come gia dicemme, sara
2405 3523 3215 3592 ErHIEie DReSA
587 3546 1086 3589 ne al suo antico rivale.
1463 3554 2351 3601 In Sinona Giudid,e Sleymund i tenore Gaspi¬
251 3560 582 3612 il veochio e lu¬
605 3567 1461 3630 La commedia # tutta qui. Troppo poco,
2349 3576 3258 3640 glungern Torino la mattina di glovedl,
1466 3577 2338 3642 sofl, opplauditt testé l’una e Tahro, salvo Er¬
232 3592 580 3651 tro della dram¬
2354 3597 2531 3671 17 corr.
583 3624 1462 3672 voi direte, e nvete ragione. Troppo poco,
1461 3626 2338 3668 rore, u Bologug, in questa stessn opera. I.n
226 3632 578 3699 li perlpatetiche.
1464 3659 2301 3703 parte di Stplinde sara interpretatu dalla
2365 3637 3261 3711 H trusporte funehre nvra juogo giovedl stes¬
579 3653 1467 3709 specialmente corne operà di teatro, che rie¬
227 3668 568 3739 Becchio, com¬
1469 3688 2335 3734 Aorina Cumpoferro; quella dli Frika dalla Si.
2353 3692 3259 3744 80. ulle ere S 3•4, mioveinlo dalla staziomne d.
584 3696 1461 3749 sce non di rado ingenua, eterribilmente
238 3705 577 3768 fattaccio, scam¬
1461 3729 2335 3780 Zhorina Tetrazewska; Wotan sarà il basso Ro¬
2347 3726 3264 3787 Perel Nuova. Mlo partenze, per ln chiesa dei
578 3739 1462 3783 Succhevole, senza avere neanche Pregi di
1471 3759 1981 3811 s#ho: Manding K Damacco.
243 3751 577 3814 ssioni e consta¬
2346 3760 3063 3814 Ss. Angel. Custodi e per il Cimitero.
3162 3769 3270 3821 (A
574 3775 1464 3827 pensiero e lettararli. Cosi & che la prima
1486 3769 2352 3846 Concertatore e direttore d’orchestra il mae¬
573 3808 1460 3861 hovità si chiuse, tra disapprevazioni non
1466 3817 1731 3880 stro Serafin.
231 3816 575 3884 Tutti il desiderio
576 3848 1044 3914 dubbie. E non a torto.
245 3869 585 3929 delitto non ri¬
1617 3859 2209 3929 ##rdon Camour
950 3895 1101 3961 4%
248 3911 589 3964 o voto Hon rie¬
1490 3915 2357 3971 Tnnanl avra inogo, alle ore 17, la seconda
235 3943 589 4005 stroppef Per la
604 3948 2344 4002 Edccceci al drennn. D pmesenee Plconferenza del eiclo di Palazzo Madama. Er¬
227 3981 2351 4049 inte una giorna-Rtetro. Giudiente. Simme in besestels: deversuest Tissol, ecchférencior du Théätre National
265 4019 583 4077 Funzienari ed
585 4041 2360 4102 un giornalietn. Cer#e Undemacher, ha or-Ide Podéens, parlerà eul Pardon Camour dans
2359 4069 3246 4120 Lunedi, alle ore 23, munito dei conforti reli¬
308 4065 585 4120 quella squa¬
577 4077 1892 4120 mnal contatl i monnti di vita, e un pove-Pie Thedtre Française.
2349 4095 2872 4150 rlosl. serenamente Spirava
233 4098 546 4153 ####tutti i tn
1515 4086 2334 4157 biglietti della conferenza saranno messi in
575 4108 1478 4161 #ccio di attore cemico sta per essen5 Spe¬
234 4135 618 4192 Eonte conescin.
961 4148 2344 4193 ## otte glorni, da questojvendita el giorno stesse della cenferaiza.
