3344 4384
1447 278 1918 371 box 34/7
943 279 1148 350 Mas
183 293 1314 392 8. Die letzten Msken
2359 1934 3012 2016 19. Juni 1917. Seite 5.
483 1963 1542 2061 Frannische. du##,
94 2062 3116 2118 und gänzlich pointelos ab, eine Sünde, die ich alters entziehen, und so mag dem Grafen Arpad vom Philipp und den Schauspieler — dieser elementaren
1016 2083 3113 2158 Samstag abend seine spinnenhafte Magerkeit und Unzulänglichkeiten Herr zu werden. Er besitzt zweifel¬
93 2104 1022 2167 erfasser noch am ersten zu verzeihen bereit wak,
2058 2149 2313 2215 los Talent.
92 2138 2054 2202 nk der Wahrheit des Sprichwortes: „Lieber ein Kurzärmlichkeit nicht allzu schwer angekreidet werden.
96 2194 2062 2245 it Schrecken als ein Schrecken ohne Ende.“ Da= Aber diese Sprache! Diese Sprache! Das war kein
1003 2228 2066 2303 gemütlicher österreichischer Graf mehr, das war
100 2225 1025 2300 aß der Dichter die verzweigtesten Ehebruchs¬
1787 2265 2074 2343 wie sich die
1008 2280 1721 2340 Menelaus der Gute! Ueberhaupt
107 2279 1013 2332 nicht nur als harmlos normale, sondern sogar
1014 2311 2070 2379 Herren die österreichische Gemütlichkeit vorstellten und
97 2319 1015 2403 bildliche Zustände hinstellt, wollen wir weiter
102 2366 267 2425 prechen.
1007 2364 2074 2420 wie sie sich abmühten, dieser ihrer Vorstellung Aus¬
999 2404 2070 2463 druck zu geben, das war herzlich komisch. Den Vogel
104 2393 1006 2467 Darstellung der beiden Werkchen war durch¬
1017 2458 2069 2517 aber schoß Herr Franck als Professor ab. Wo blieb
94 2444 1016 2517 alog ihrem literarischen Wert. Sehen wir von
1004 2483 2067 2550 da der Spielleiter Herr Wolf von Gordon? Sah er
97 2491 1018 2554 irch Frl. Berger mit gewohnter Virtuosität ge¬
1013 2537 2069 2604 denn bei der Probe nicht, daß Herr Franck statt eines
107 2540 1002 2599 , gewissermaßen aus dem Aermel geschüttelten
1008 2569 2068 2632 Professors einen Schwerverbrecher ausgeprägtesten
97 2585 1011 2634 igur der Komtesse Mizzi ab, so vermögen wir
99 2616 1006 2676 ch Herrn Schmelz — er machte aus der Rolle
1014 2629 2088 2676 Typs gab? Seine Maske war geradezu toll, sein
105 2673 1022 2729 rsten Egon, was sich nur immre aus ihr
1007 2666 2122 2736 intrigantenhaftes Benehmen sudermännisch=hinten=
108 2698 1014 2759 ließ — uneingeschränktes Lob zu zollen. Frei¬
1012 2703 2071 2774 treppenmäßig. Besser gelang Herrn Franck in den
101 2742 1015 2806 tte auch der Graf Arpad des Herrn Korter
1007 2750 2063 2817 letzten Masken der sterbende Journalist, aber auch
104 2794 1011 2854 Erfolg, aber dank einer zweifellos zu 80 Pro¬
1006 2796 2065 2859 hier viel zu starke Pointierung, viel zu viel Pose und
93 2835 1010 2887 freiwilligen Komik. Dabei müssen nun aller¬
1005 2834 2068 2912 Pathos! Das war überhaupt der Grundmangel der
96 2884 2062 2942 die besonderen Zeitverhältnisse berücksichtigt samstägigen Aufführung. Das Ganze zu eckig,
137 2913 2095 2991 Auch Grafen können sich am Ende nicht ganz dilettantisch, klobig! Kein Fluß, keine Leichtigkeit! Am¬
103 2951 2091 3018 sigen des Fleischmarken= und Bezugsschein=Zeil=ebesten scheint mir Herr Sondinger — er gab den
