3344 4352
1081 163 1178 226 Ma
1563 153 2009 252 box 34/7
303 160 1408 266 8. Die Jetztensken
2009 623 2252 694 Wenden!
1493 629 1989 737 Rückselte beachten!
1163 656 1486 746 Wenden!
1888 703 2234 793 Telephon 12.801
1412 852 1977 968 „ODSEHTER
1246 940 2200 1036 I. österr. behördl. konzession. Unternehmen für Zeittags-Ausschnitte
1355 995 2120 1092 WIEN I, CONCORDIAPLATZ 4
1570 1070 1889 1144 Vertretungen:
1192 1094 2271 1206 in Berlin, Basel, Budapest, Chicago, Cleveland, Christiania,
1194 1160 2274 1250 Genf, Kepenhagen, London, Madrid, Mailand, Minncapolis,
1188 1190 2271 1283 New-Vork, Paris, Rom, San Francisco, Stockholm, St. Peters¬
1587 1244 1880 1310 burg, Toronto.
1481 1273 1987 1365 (Quellenangabe ohne Gewähr.)
1187 1325 2223 1460 Ausschnitt aus: Gregelchuren eunge
1450 1436 1684 1517 72 9 19
1191 1473 1356 1535 vom:
1672 1456 1761 1554 1
1216 1589 2442 1674 Wa. Lobe=Theater. Einakter=Abend. Ein gutes und reiches,
1144 1644 2456 1709 fast allzu reiches dramatisches Menu wurde am gestrigen Abende im Lobe¬
1162 1688 2449 1741 Theater in vortrefflicher Zubereitung serviert und mit einem, mit jedem
1164 1736 2453 1810 Gange sich erhöhenden Behagen genossen. Die von Herrn Skoda
1161 1793 2462 1863 glänzend zur Geltung gebrachte pathetische Rhetorik des gegen Ende der
1160 1830 2456 1924 vorigen Saison in der Matinee der Freien Literarischen Vereinigung zur
1161 1891 2460 1953 Uraufführung gelangten Spieles aus dem deutschen Rokoko: „Der ver¬
1157 1920 2454 1983 wandelte Komödiant“ von Stefan Zweig leitete den Abend mit
1167 1980 2481 2056 vollem und lautem Klange ein; gedämpfter und zugleich vertiefter und be¬
1154 2029 2463 2090 deutungsvoller schien er weiterzutönen in dem fast bis zum Tragischen ge¬
1165 2075 2459 2167 steigerten Einakter „Die letzten Masken“ von Artbur Schnitzler,
1163 2131 2467 2184 dem die schon früher gewürdigte treffliche Leistung des Herrn Schmidt
1167 2174 2446 2254 in der Rolle des sterbenden Journalisten zu erschütterndem Eindruck ver¬
1158 2238 2456 2296 half, während Herr Strobl mit der feinen Charakteristik des seine Kunst!
1158 2277 2458 2353 noch unter den Schauern des Todes übenden Komödianten humoristische
1151 2336 2479 2399 (Lichter aufzusetzen wußte, die den düsteren Grundton des Schauspiels be¬
1113 2396 1293 2454 S
1672 2381 1828 2466 S
2387 2397 2430 2476 „
1171 2444 2441 2510 sebten und zugleich sinnvoll vertieften. In die Sphäre geistreicher Heiter
1163 2490 2450 2592 ##it erhob dann Arthur Schnitzler die Gemüter mit seinem Lustspie
1165 2558 2454 2636 „Literatur“, in dem er das scharfe Wort Friedrich Nietzsches von der
1156 2610 2453 2691 Schamlosigkeit der Dichter so ergötzlich illustriert und das Komödienspie
1152 2648 2464 2752 des Lebens mit so seiner und spitzer Satire beleuchtet; und dann durfte
1157 2692 2450 2781 das kräftige Schlußwort Ludwig Thoma mit seinem ebenfalls von der
1145 2733 2455 2829 Freien Literarischen Vereinigung in Breslau eingeführten Einaktei
1161 2800 2449 2883 „Lottchens Geburtstag“ sprechen, der die Ahnungslosigkeit welt¬
1148 2845 2451 2922 Fremder Gelehrtheit und die Beschränktheit naiver Prüderie mit so drasti¬
1159 2899 2446 2969 chen Strichen und zwerchfellerschütternder Wirkung zeichnet. Die
1145 2941 2455 3041 Zeistungen der Herren Schmidt und Schindler, der Damen Salta
1143 3001 2445 3077 ind Fr. Mäder=Stegemann stehen noch vom Mai her in bester Er¬
1146 3047 2437 3124 nnerung; das den aufklärungsbeflissenen Vater und den Zuschauer so
1143 3098 2445 3168 verblüssend überraschende Lottchen wurde von einem neuen
1128 3149 2445 3232 Mitgliede unserer Vereinigten Theater, einem Frl. Meinhardt, ver¬
1129 3196 2447 3293 körpert, die in dieser kleinen Rolle nicht Gelegenheit fand, sich über
1137 3253 2444 3331 ihr Können auszuweisen, aber allem Anschein nach über die tastende An¬
1124 3286 2442 3374 fängerschaft hinaus und im Besitze einer sicheren Bühnenroutine ist. Eine
1117 3360 2437 3430 ergiebigere Aufgabe war Frl. v. Helling zugefallen, die die Erbschaft
1125 3390 2431 3459 des Frl. Kernic angetreten hat und die aus der gefährlichen „Literatur“
1127 3445 2432 3527 in die bürgerliche Solidität sich rettende Margarete mit sicherer, die inneren
1119 3476 2432 3564 Vorgänge diskret und zugleich eindrucksvoll veranschaulichenden Kunst ge¬
1124 3525 2428 3611 staltete. Eine Neubesetzung ist noch im „Verwandelten Komödianken“ zu
1118 3579 2436 3670 erwähnen, in dem Herr Iltz, der in „Literatur“ den Gilbert recht lebendig,
1123 3632 2424 3717 wenn auch noch nicht erschöpfend charakterisiert, den Chevalier, einen ab¬
1126 3683 2429 3763 geschwächten Hofmatschall Kalb, an Stelle des Herrn Berger übernommen
1123 3724 2429 3820 hatte. Künstlerische Lorbeeren sind mit dieser skizzenhaften Schablonen
1119 3775 2428 3864 figur nicht zu ernten; Herr Iltz führte sie gewandt durch, hätte aber wohl
1114 3818 2431 3906 ein wenig stärker agieren können. Das Publikum, das sich fast so zuhlreich
1129 3876 2431 3967 wie zu einer Operette eingefunden hatte, zeigte sich von den Gaben dieses
1120 3921 2423 3999 Abends äußerst befriedigt und spendete nach jedem Stücke, insbesondere aber
1094 3978 2422 4058 nach dem Lachtränen hervorrufenden Thomaschen Stücke herzlichen Beifall.
