3344 4352
1062 242 1121 309 M
301 235 1400 326 8. Die letztenasken
1068 482 1430 570 Telephon 12.801.
580 572 1182 736 „OBSERVER“
344 704 1442 778 I. österr. behördl. konz. Unternehmen für Zeitungs-Ausschnitte
488 776 1323 863 Wien, I., Concordiaplatz 4.
684 851 1124 924 Vertretungen
352 894 1441 969 in Berlin, Budapest, Chicago, Christiania, Genl, Kopen¬
360 934 1445 1019 hagen, London, Madrid, Mailand, Minneapolis, New-Vork,
397 981 1411 1047 Paris, Rom, San Francisco, Stockholm, St. Petersburg.
698 1029 1117 1092 (Quellenangabe ohne Gewähr).
354 1083 1492 1176 Ausscitener Kunst- und Theater Anzeiger
535 1144 1088 1240 18. MAl Mtchen
355 1204 512 1267 vom:
309 1305 1371 1416 —Herr Günther=Braun die Partie des Siegmund.
506 1340 1365 1414 Münchener Schauspielhaus. Ein aus¬
375 1392 1379 1467 verkauftes Haus fand am Samstag ein Einakter¬
377 1443 1368 1517 Abend von Arthur Schnitzler. Die Stücke sind
387 1502 1377 1571 bunt zusammengewürselt. Eint düsterer, lief er¬
391 1546 1383 1620 greifender, auf die Nerven gehender Einakter und
388 1597 1383 1683 zwei lustige Stücke, voll des sonnigen Humors,
397 1643 1384 1721 wie er Schnitzler eigen ist. Der erste Einakter
399 1691 1376 1772 ist ein Schauspiel „Die letzten Masken“. In einem
397 1736 1391 1819 Separatzimmer des Krankenhauses liegt der Jour¬
401 1787 1383 1877 nalist Rademacher. Es sind seine letzten Stunden.
407 1844 1384 1925 Er weiß es Und da er zurück denkt an sein
399 1886 1387 1979 Leben, bewußt, wie er Großes hätte schaffen können,
410 1944 1395 2025 wie ihm aber das Glück nie hold war, erfaßt ihn
404 1988 1405 2057 Wut und Haß, vor allem auf den Freund, der
411 2047 1390 2109 eine Null durch Glück es zum angesehenen erfolg¬
413 2089 1393 2159 reichen Schriftsteller gebracht hat. Aber er kann
404 2132 1397 2209 sich rächen. Eines hat er doch dem Freund ge¬
405 2177 1401 2257 raubt, sein Weib. Und das will er ihm noch
402 2232 1403 2295 offenbaren. Als dieser zum Besuche erscheint,
411 2268 1419 2364 schweigt er aber doch. Aber aus seinen Zügen
434 2378 1431 2450 mag er lesen, was der Mund verschweigt. Ein
440 2430 1421 2508 junger Schauspieler, schwerkrank, aber seines Zu¬
426 2472 1413 2554 standes nicht bewußt, ist Zeuge dieser Szenen.
429 2535 1419 2601 Gierig studiert er die Züge des Sterbenden. Das
425 2578 1417 2649 sollen prächtige Masken werden für sein neues
437 2635 1424 2695 Engagement. Er ahnt nicht, daß es seine letzten
420 2672 1410 2744 Masken sind. Die Herren Peppler und Waldau
424 2735 1408 2787 geben einfach erschütternd die beiden Schwerkranken.
422 2780 1420 2847 Die kleineren Rollen waren mit Luise Fischer und
414 2830 1411 2897 den Herren Steiner und Sattler entsprechend besetzt.
413 2876 1417 2944 Nach diesem düsteren Stück atmete man ordentlich
411 2929 1415 2976 auf unter dem köstlichen Humor des Lustspieles
423 2977 1414 3026 Literatur. Es ist eine urgelungene Satire auf
414 3014 1407 3080 das Nachtcafé=Literatentum, auf jene hohlen Phrasen¬
413 3077 1407 3126 drescher, deren „Geist“ erst in mitternächtlicher
413 3129 1411 3180 Stunde bei der Zigarette erwacht, mit ihrer gegen¬
420 3176 1416 3244 wärtigen Verhimmelung, wobei aber jeder nur sich
417 3219 1404 3287 als den einzigen, wahrhaft Großen hält. Der Ein¬
420 3280 1401 3324 akter werden von Fritzi Schaffer und den Herren
416 3328 1406 3387 Waldau und Peppler äußerst munter gespielt. Die
419 3360 1398 3436 folgende Komödie „Komtesse Mizzi“ könnte auch
421 3411 1412 3463 „Die feine Familie“ heißen. Hier schießt der
413 3473 1405 3536 Autor seine satirischen Pfeile auf jene Kreise der
413 3505 1413 3580 sogenannten besseren Gesellschaft ab, die das Leben
406 3578 1399 3636 von der angenehmsten Seite zu nehmen wissen.
399 3625 1401 3677 Die Herren Peppler und Waldau gaben darin mit
407 3664 1415 3717 vollem Erfolg zwei ältere Aristokraten mit „ge¬
413 3711 1400 3772 sunder“ Vergangenheit. Marie Glümer und Ottilie
412 3765 1399 3827 Gerhäuser spielten die weiblichen Hauptrollen aufs
401 3822 1393 3879 beste. Recht elegant und flott zeichnete Herr von
410 3859 1398 3936 Duniecki des Fürsten jungen hoffnungsvollen Spröß¬
412 3901 1391 3976 ling. Direktor Stollberg hat selbst die Regie der
401 3954 1399 4030 drei Einakter übernommen und mit oft bewährtem
407 4008 1386 4077 Geschick alles getan, um die Werke in entsprechen¬
401 4049 1393 4122 den wirkungsvollen Rahmen zu bringen. Arthur
403 4098 1382 4169 Schnitzler hat an diesen Abend wieder einen vollen
395 4147 845 4212 Erfolg zu verzeichnen.
546 4179 1415 4250 onn  Lantalsin Die Diref-
1566 242 2006 342 box 34/7
2608 1660 2956 1741 Telephon 12.801.
2671 1747 2754 1828 44
2065 1798 2692 1893 „UDSERTER
1841 1885 2954 1933 1. österr. behördl. konz. Unternehmen für Zeitungs-Ausschnltte
2035 1934 2780 2000 Wien, I., Concordiaplatz 4.
2245 2000 2564 2066 Vertretungen
1839 2051 2968 2109 in Berlin, Basel, Budapest, Chicago, Cleveland, Christiania,
1851 2097 2961 2147 Genf, Kopenhagen, London, Madrid, Mailand, Minneapolls,
1845 2126 2962 2171 New-Vork, Paris, Rom, San Francisco, Stockholm, St. Peters¬
2251 2169 2552 2224 burg, Toronto.
2161 2209 2625 2282 (Quellenangabe ohne Gewähr).
1837 2274 2512 2373 Ausschnitt aus:BEHII
2511 2295 2995 2453 TAGBLAT7
2120 2370 2424 2449 10 S 1910
1846 2393 1971 2453 vom:
1880 2573 3105 2653 Das Münchener Schauspielhaus gab, wie unser Kor¬
1834 2632 2510 2698 kespondent schreibt, als Arthure
2610 2639 3090 2699 Hler=Abend die dreit
1853 2641 3084 2732 Einalter „Die letzten Maskentur und Kom¬
1958 2720 3083 2766 Mizzi“ Alle drei Werke hatten lebhaften Erfolg, den
1853 2752 3083 2822 stärksten „Literatur". Von den Darstellern zeichneten, sich besonders
1847 2787 2779 2854 Waldau und Peppler, sowie Fräulein Glümer ans.
1915 2789 3086 2882 „Rahab“, eine einaktige Oper von Clemens v. Franken¬
1846 2865 3095 2908 stein, Dirigent an der Berliner Hofoper, wurde von der Direktion
1840 2903 3103 2971 des Hamburger Stadttheaters (Geheimrat Max Bachur).
1831 2935 2433 3015 zur Uraufführung angenommen.
