3344 4352
1443 475 2974 559 New-Yorker Staats-Zeitung, Mittwoch den 30. Dktober 1907.
145 558 388 612 Gerichte, Idaß
1104 575 1851 645 Sauermann spielte denkranken Journali¬
481 569 1026 667 Theater und Musik.
137 595 337 656 lässigte, je¬
1107 629 1851 683 sten, wie ihn Schnitzler, der scharfe Di¬
133 634 390 702 issperrte so¬
559 650 954 738 Deutsches Theater.
1104 671 1867 731 agnostiker der Gebrechen des Leibes und
134 688 393 740 au gelangen
1106 721 1858 773 der Seele erschaut. Pathetisch lebenswahr,
392 697 1104 777 Der gesirige „literarische“ Abend war
137 724 380 783 n Zahltgen
1111 755 1855 818 ergreifend dramatisch und doch nirgends
384 759 1109 827 der stärkste Trumpf, den bisher unser
141 769 370 822 ng für 5000
1118 801 1851 854 widerwärtig pathologisch, im richtigen Ge¬
382 798 1035 862 Deutsches Theater ausgespielt hat.
1021 811 1104 859 Es
130 797 371 863 hl nur 4500
1117 838 1855 903 fühl vor der unschönen Linie stehen blei¬
380 841 1113 906 war zwar nur ein Schriftsteller, welcher
129 851 372 907 owers sellte
2805 735 3329 928 The Magnitude
1108 883 1857 944 bend, welche der Dichter Schnitzler den
377 883 1109 947 in drei Einaktern zu Worte kam, aber
130 888 370 959 achlässigt zu
1108 921 1857 992 Arzt nie überschreiten läßt. Herr Burg
149 932 1102 976 täglichszum diese Einakter enthalten einen Mikrokos¬
2950 908 3314 1031 Splendid Eg
1116 963 1860 1021 fand eine, Rührung und Lächeln auslö¬
371 964 1102 1038 mus, eine ganze Stala verschiedenartiger
130 967 368 1031 ick entschied,
1112 995 1846 1069 sende, tragikomisch=natürliche Note für
364 1011 1106 1070 Bühnenwirtung. Arthur Schnitzler, der
134 1000 369 1075 res abgesetzt
1102 1043 1846 1114 den „Schauspieler“ Herr Marlow be¬
357 1043 1096 1111 Begabteste aus dem Kreise ### modernen
137 1059 323 1114 ung des g
1099 1093 1848 1139 währte sich in der Rolle des Schriftstellers,
373 1089 1103 1146 Wiener Dramatiker, ist aus der naturali¬
129 1097 362 1157 erechtigt sei.
1114 1129 1847 1200 Herr Weigert gab dem jungen Spitalarzt
376 1132 1096 1198 stischen Schule hervorgegangen, hat aber
138 1144 362 1203 r Anhänger
1109 1169 1842 1220 eine intelligent sympathische Physiogno¬
2434 1039 3318 1246 Anheuse
363 1176 1102 1238 auch so stark unter dem Einfluß der an¬
140 1183 364 1251 nid jetztfist er
1099 1212 1849 1271 mie und in kleineren Rollen waren Frau
364 1219 1105 1277 muthigeren Romanen gestanden, daß sich
1098 1250 1847 1326 Neuendorff und Rudolf Meinert am
355 1257 1094 1321 bei ihm alle grellen Accente zu einer eigen¬
152 1260 364 1336 = Disfritts¬
1101 1292 1853 1374 Platze. Herr Baumfeld hai den Einakter
356 1295 1092 1361 artigen Melodik dämpfen. Gleichzeitig ist
132 1315 353 1375 Kapitäß der
1099 1335 1555 1401 stimmungsvoll inszenirt.
374 1344 1102 1398 er der absolute Meister des feinen geistvol¬
2922 1233 3314 1434 Bre
131 1363 353 1417 mente, ist
1139 1371 1833 1448 Größere Anforderungen an den sorg¬
355 1379 1094 1442 len Lustspieleinatters, in welchem er die
131 1396 352 1460 des zweiten
366 1425 1096 1480 Franzosen und sogar den talentvollen
1101 1413 1837 1494 fältigen Fleiß und an die Mittel der Regie
141 1441 352 1498 Major Vi¬
354 1468 1085 1534 Hartleben übertraf, und hie und da hat
1097 1470 1852 1526 stellt „Der grüne Kakadu“ der zur Zeit
127 1483 357 1543 rt het und
2504 1477 3337 1567 exites the wonder and
355 1512 1080 1568 er auch einmal einen erfolgreichen Ver¬
1099 1499 1838 1575 der französischen Revolution spielende Ein¬
136 1530 229 1582 ht,
253 1523 356 1598 auch
356 1555 1089 1614 such in der Malerei eines in kleinem Rah¬
1091 1548 1841 1628 alter, welcher, was den Aufwand von
124 1564 327 1623 ämmission.
342 1592 1097 1646 men figurenreich ausgeführten historischen
1100 1594 1845 1656 Kastümen betrifft, als die piéce de
135 1599 360 1668 len Round¬
350 1634 1097 1695 Genrebildes gemacht. Diese seine drei
1097 1630 1852 1715 nistauen des Abends gedacht war. War
131 1649 358 1708 r. erlag ge¬
2760 1561 3361 1746 Its Storing
1092 1675 1828 1736 in „Die letzten Masken“ ein einziges Men¬
353 1671 1084 1745 grundverschiedenen und sämmtlich inte¬
138 1695 350 1752 andcunden.
355 1717 1083 1773 ressanten Manieren waren in den Darbie¬
1097 1714 1839 1781 schenschicksal im supremen Moment erfaßt
135 1738 349 1796 littgals in
2055 1748 2285 1814 ArreT T ee e
359 1761 1093 1833 tungen des gestrigen reichhaltigen. Abends
1086 1767 1836 1823 und zu allgemein symbolischer Bedeutung
2049 1785 2130 1818 ARE
158 1779 354 1843 Keid am
1986 1791 2240 1846 u
345 1797 548 1854 vertreten.
1981 1766 2204 1861 TeREAT
1090 1797 1845 1865 ausgestaltet, ist es Schnitzler im „Grünen
2022 1826 2187 1882 S
1091 1846 1840 1906 Kakadu“ darum zu thun, in den Rahmen
383 1834 1093 1902 Arthur Schnitzler ist der Sproß einer
133 1829 360 1915 ochn alten
2979 1852 3046 1942 0
1088 1882 1837 1952 eines Einakters ein großes Kulturbild hin¬
342 1860 1086 1944 namhaften Aerztefamilie und selber Arzt.
129 1894 348 1955 pier einge¬
1091 1926 1829 1976 einzupressen, und zwar auch in illustriren¬
355 1925 1083 1994 Als solcher hat er dem Tod in mancherlei
151 1941 340 1998 Toiletten¬
1082 1965 1829 2027 der Kontrastwirkung. Das vom Wurm
355 1966 1085 2030 Form in's Auge geschaut mit der Men¬
141 1977 347 2035 Schanz in
2121 1983 2272 2062 1
1081 2005 1833 2063 der inneren Verderbtheit zernagte und in
351 2009 1080 2068 schenliebe des Arztes, welcher ein Helfer
129 2023 339 2075 den, sie ist
1080 2044 1849 2109 sich verfallende Aristokratenthum, des
140 2040 1080 2105 Frau, die#it, und gleichzeitig mit dem noch tiefer
1886 2027 2390 2129 ee S
2397 2043 3354 2148 exceeds thatof any twobn
340 2092 1073 2148 greifenden Ahnungsgefühl des Dichters,
1080 2081 1837 2150 ancien régime und das französische Volk,
140 2097 337 2154 en konnte,
338 2122 1090 2190 dem keines Menschen Seele fremd ist. Der
1092 2132 1822 2187 der junge Riese, der sich mit brutaler
144 2141 330 2214 Fundorte
2412 2144 3331 2225 world and suppliesthenec
333 2158 1077 2231 Tod ist häufig allgegenwärtig in seinen
1088 2171 1832 2237 Kraft als Revolutionsungeheuer erhebt.
1957 2172 2249 2250 ear
326 2209 1073 2277 Dramen, der Gedanke an ihn kling selbst
1075 2212 1828 2275 Etwas Satire steckt darin, daß Schnitzler
135 2204 340 2285 fann von
2395 2213 3333 2310 facilities to lager beer
339 2253 1079 2317 aus dem reizenden Leichtsinn seiner „sü¬
2041 2270 2102 2327 1211
1085 2257 1821 2315 als den Schauplatz dieses Stückes eine
129 2267 342 2324 rmser im
343 2294 1085 2353 ßen Mädels“, als Dominante aus dem
1085 2299 1829 2361 merkwürdige Kneipe wählt, den „Grünen
139 2303 336 2364 hn, wurde
2404 2295 3326 2391 months to insure full mat
347 2321 1080 2401 Dreiklang heraus, in welchem neben ihm
1076 2341 1830 2397 Kakadu“ der fast den Eindruck eines Ur¬
140 2351 338 2400 von einer
341 2376 1066 2454 süßes Lieben und lustiges Leben erzittern
1073 2364 1817 2444 bilds des jüngsten europäischen „Cabaret“¬
345 2420 1075 2485 In „Die letzten Masken“, dem „Schau¬
1078 2422 1817 2486 Unwesens macht. Beim vormaligen Thea¬
345 2451 1076 2521 spiel“, mit welchem der gestrige Abend
1086 2467 1821 2533 terdirektor und jetzigen Kneipwirth „Pro¬
332 2502 1079 2575 eröffnet wurde und welches Schnitzler's
1075 2508 1824 2574 sper“ versammelt sich anno 1789 all¬
2391 2461 3323 2611 Anheuser - Busch
184 2518 338 2598 n die
328 2548 1069 2609 jüngstem Einakter=Cyklus „Lebendige
1075 2539 1827 2612 abendlich die geputzte Pariser Lebewelt,
1986 2571 2378 2646 Cerked or Tir Appod.
130 2577 338 2644 te Grand
341 2576 1069 2644 Stunden“ entnommen ist, finden wir den
1077 2591 1830 2648 die schon so schlaff geworden ist, daß sie
128 2621 345 2687 #de gestern
341 2629 1071 2682 tändelnden Eros, welcher in Schnitzler's
2767 2601 3328 2708 St. Louis, U. S
1077 2633 1831 2687 eines starken Nervenlitzels bedarf, nämlich
127 2670 337 2727 des Ober¬
343 2672 1063 2735 „Anatol“= und „Reigen“=Serie die Haupt¬
1078 2665 1822 2742 der schaurigen Mordgeschichten, welche
130 2712 339 2769 n lichtete
340 2715 1080 2774 rolle spielte, ganz ausgeschaltet: nur eine
1071 2715 1817 2783 ihnen Vater Prosper's „Künstler“, recht
141 2750 338 2809 Ansprache
332 2756 1066 2817 Antithese von Leben und Tod bleibt übrig.
1079 2761 1813 2815 verbummelte Subjekte, vormimen. Selbst
137 2796 1072 2854 bezog sich Nicht grimmig, wie sie ein nordischer
1075 2801 1822 2863 ein richtiger Galeerensträfling, welcher
135 2831 1062 2897 nisse und Schriftsteller gestaltet hätte, sondern müde
1076 2847 1809 2903 eine Tante umgebracht hat,sist in der
164 2869 332 2935 wie der
327 2873 1068 2933 und matt in der Grundstimmung und
1067 2885 1811 2946 „Künstlerschaar“ willkommen, und die
1833 2872 1982 2961 2
126 2892 332 2973 Kriminal¬
329 2919 1074 2985 nicht ohne ein versöhnendes Moment; denn
1067 2931 1813 2977 Herren Aristokraten finden es lustig, wenn
129 2960 329 3018 lgemeiner
332 2961 1063 3027 selbst der Haß, welcher bis zur Todes¬
1061 2973 1796 3035 diese canaille, die kommenden Schreckens¬
145 3006 321 3060 besondere
328 3002 1061 3064 stunde dauert, sintt vor der Gewißheit des
1057 3004 1798 3065 männer, sie en ennaille behandelt. Das
1797 3019 3317 3114 „Kneipwirth“, Herr Mauth als der gender Weise entwickelt. Der Einakter #
129 3049 326 3100 ury erfor¬
331 3047 1072 3106 Todes in Nichts zusammen. Das Stück
1071 3052 1802 3115 ist krause, aber in ihrer gegensätzlichen
1809 3067 2534 3123 Sträfling, Frl. Richter als die historische
2531 3085 3283 3150 enthält Bombenrollen, die von Frl. Hofer,
144 3082 325 3143 (mit wel¬
332 3087 1798 3163 spielt im Krankenhaus, wo der „Journalist Wirkung sehr eindringliche Milieuschilde¬
1806 3110 2531 3165 „Marquise“. Frl. Hofer als die kokette
2530 3117 3272 3176 welche die Schriftstellerin sehr launig
124 3114 324 3187 brauch ge¬
324 3125 1800 3194 Rademacher“, ein Mann von Talent, der rung. Ein recht origineller Hintergrund,
1803 3148 2523 3210 Schauspielerin, um die sichtdie Handlung
2531 3159 3262 3219 spielte, von Herrn Weigert, der für den
140 3173 330 3230 die Worte
3265 3150 3326 3236 D
336 3171 1796 3238 im Leben es nie zu etwas gebracht hat, von dem sich aber vielleicht nur zu viele
1801 3192 2523 3254 dreht, ferner die Damen Cässani und Eg¬
2524 3199 3267 3255 „Baron“ die nöthige Eleganz, aber auch
127 3213 324 3270 ige Grand
327 3209 1792 3276 sterbend darniederliegt. Das müßige Ge= Gestalten abheben, als daß sie einzeln
3263 3225 3338 3307 5
1804 3234 2519 3291 gert als zuthunliche Kndipenkünstlerinnen,
2520 3236 3272 3290 den Trott'l=Unterton fand, und gar erst
138 3250 323 3309 e Behörde,
330 3258 1801 3308 plauder eines anderen Todeskandidaten, plastisch hervortreten könnten. Die Haupt¬
1791 3275 2517 3333 sowie die Herren Winds, Liebl und einige
2532 3282 3276 3343 von Herrn Burg, welcher in der Rolle des
153 3295 322 3352 sie genü¬
332 3297 2514 3340 des Schauspielers Jackwerth, welcher nicht handlung ist dramatisch, aber ein wenig sandere geben gut differenzitte schauspiele¬
2526 3326 3275 3389 Literaten eine Figur von überwältigender
134 3336 330 3393 aber eine
332 3340 2511 3407 weiß, was seiner harrt und daher lustig im Genre der dramatischen „Cabaret=rische Leistungen, in einem Stück, in dem
2526 3365 3262 3434 Echtheit und humorvoller Komik kreirte,
125 3379 292 3430 werde,
331 3376 1794 3450 seine „Genesungspläne“ macht, läßt in Schlager“ „Henri“, der „Star“ der Spe¬
1792 3396 2525 3464 die Darsteller großentheis nur auf
2518 3407 3270 3463 ganz prächtig dargestellt. Das flotte
123 3421 318 3488 kamit keine
326 3412 1794 3493 Rademacher den brennenden Wunsch er= lunke spielt ein paar adligen Laffen und
1786 3441 2514 3514 Augenblickseffekte angewiesen sind. Da¬
2510 3451 3260 3514 Tempo des Spiels ist der Regie des Herrn
318 3460 1792 3523 wachen, noch einmal den Mann zu sehen, einer durch verschiedene Stadien der
1787 3480 2383 3546 Stück hatte rauschenden Erfolg.
2509 3496 2887 3545 Burg zu kreditiren.
3251 3486 3320 3540 pet
319 3498 1796 3577 den er im Leben am meisten beneidet und Lüsternheit hindurchgegangenen Marquise
136 3486 316 3573 Wie ver¬
3257 3528 3329 3574 K#
1815 3509 2524 3585 Den lustigen Beschluß des in seiner
2552 3517 3253 3587 Lachend wurde das Publikum aus einer
319 3543 1782 3608 gehaßt hat, seinen einstigen Freund etwas vor, wovon selbst die Mitakteure
127 3552 313 3612 dem Mit¬
3244 3568 3331 3625 N
1787 3563 2512 3625 Bühnenwirkung sich in aufstigender Linie
2521 3567 3252 3632 mit ganz ungewöhnlichen Beifall aufge¬
316 3584 1782 3651 Alexander Weihgast, der ein verühmter nicht wissen, ob es bloß Schauspielerei
128 3588 318 3657 tsbehörde,
3252 3613 3321 3666 an
1796 3613 2521 3678 bewegenden Abends machts „Literatur“
2519 3613 3258 3670 nommenen Vorstellung entlassen, in wel¬
319 3622 1774 3699 Schriftsteller geworden ist, während er als oder Wahrheit ist: er thut, als habe er
131 3643 313 3696 brow er¬
3254 3658 3327 3709 lba
1793 3648 2507 3717 eine feine und dabei ungenein amüsante
2523 3656 3257 3727 cher die ausgezeichnete Truppe bisher ihr
314 3663 1791 3746 Journalist verkümmerte. Er will dem einen „Herzog von Cadignac“ bei seiner
124 3681 319 3734 et waren,
3243 3691 3325 3753 den
2517 3692 2881 3755 Bestes gegeben hat.
1793 3698 2513 3755 Komödie aus der Schriftstellerwelt, in
324 3693 1777 3783 Glücklichen entgegenschreien, daß er, der Liebsten überrascht und ihn ermordet.
134 3728 305 3779 von Dis¬
3252 3737 3327 3792 am
1787 3742 2512 3800 welcher die Autoren gegeßelt werden,
2559 3721 3249 3792 Heute Abend geht das so erfolgreiche
319 3750 1782 3823 Unterliegende im Lebenskampf, einst die Allmählich tagt es in ihm, daß seine Ge¬
129 3767 321 3819 erwidern.
3253 3780 3326 3831 Ha
1790 3771 2501 3845 welche ihre „lebendigen Stunden“ für
2522 3775 3244 3842 Lustspiel „Die große Gemeinde“ nochmals
321 3792 1047 3857 ses „Glücklichen“ Weib besessen hat, in
125 3796 308 3860 venport's
1050 3807 1783 3871 liebte ihn wirklich betrogen. Der Herzog
3250 3821 3328 3867 den
1777 3814 2510 3885 Romane ausschlachten. Eise Literatur¬
2520 3822 3240 3883 in Scene. Vielfachen aus der Umgebung
316 3834 1785 3913 letzter Stunde will er über den Glücklichen erscheint mit dem Janhagel, der eben die
127 3853 311 3904 dem Dr.
3249 3861 3324 3918 ber
1783 3866 2511 3925 beflissene mit längerer Vestängenheit —
2497 3852 3243 3928 von New York an die Direktion gerichte¬
306 3874 1055 3943 triurphiren. Sogar eine Art Probe die¬
130 3886 315 3946 seiner Re¬
1055 3890 1785 3950 Bastille erstürmt, und der Schauspieler
3241 3903 3332 3952 weis
2511 3902 3254 3948 ten Wünschen zufolge ist für die Sams¬
1789 3906 2504 3961 sie ist einem Fabrikanten dürchgegangen,
318 3915 1045 3981 ser Szene veranstaltet er mit dem Schau¬
134 3933 312 3995 port Mit¬
1045 3931 1784 3996 stürzt auf ihn zu und stößt ihm nun wirk¬
2511 3948 3239 4002 tag Nachmittags=Vorstellung das lustige
1788 3950 2510 3996 hat sich dann mit einem Müchener Lite¬
307 3954 1048 4026 spieler, der bis zum Schluß seine ge¬
1039 3969 1775 4028 lich den Dolch in die Brust, zum Entzücken
2508 3987 3250 4046 Stück „Coulissenzauber“ auf's Repertoire
1787 3992 2512 4040 raten „ausgeliebt“ und steht im Begriff,
306 3993 1050 4069 schminkte Scheinwelt und ihre Gepflogen¬
1050 4014 1778 4072 der sadistischen Marquise, welche mit
1779 4023 3252 4096 sich einen spottliebenden V###in aus Wien gesetzt worden, um auch jenen Kreisen, für
3236 4031 3286 4092 9
314 4041 1053 4110 heiten nicht vergißt. Aber, als dann der
1053 4051 1775 4111 Wollust den Eindruck eines echten Todes
1784 4063 3239 4128 für eine zweite Eye einzufangen — hat welche der Besuch einer Abendvorstellung
3238 4074 3329 4127 san
139 4079 1042 4142 Frachtzü= berühmte Schriftsteller erscheint, so klein¬
1053 4094 1781 4157 kampfes in sich aufnimmt. Herr Marlow
1777 4099 2503 4166 einen Roman geschrieben, in dem sie wört¬
3248 4108 3336 4170 n5r
2511 4113 3238 4169 im Deutschen Theater mit Schwierigkei¬
147 4130 1037 4186 r N. J.lich und alltäglich in der eben noch benei¬
1038 4127 1779 4195 hat für dieses Stück Wunder in der
1781 4150 2506 4210 lich ihren Liebesbriefwechsel mit dem Mün¬
2516 4151 3332 4213 ten verbunden ist, Gelegenheit zu geben, Mal
1361 4178 1652 4227 ### pepm #iet In
1048 4172 1321 4233 — — —
