3344 4352
1487 231 1967 333 box 34/7
226 233 1369 335 8. Die letzten Masken
1726 803 2225 862 DEUTSCHES THEATER
146 889 307 969 EATFR
1390 951 1456 996 S
1524 926 2746 1020 PPRITZ HANDRICH & SUNS
155 995 759 1063 Grand Prir hochste Auszeichnung.
1967 1014 2342 1072 (ESTABLISHED 1868)
215 1044 687 1096 Welt=Ausstellung St. Louis 1904.
1800 1053 2511 1173 Weinhandlung
1357 1099 1405 1169 4
166 1078 819 1239 OHN'S
1298 1147 2021 1246 Deidesheim (Pfalz)
2042 1153 2737 1252 14 EAST 42d STREET
1295 1240 1541 1291 TRADE MARK
1874 1217 2444 1291 TELEPHONES: 4829 und 4830 38th Str.
137 1221 749 1304 Tisch= und Kistenweine:
137 1284 808 1333 rlachberger, Rauemhaler, Graacher Limmelreich,
1352 1288 2596 1353 Agenten für Kupferberg moussirende Rhein= und Moselweine
144 1317 808 1367 kastler Doktor. Erdener Herzlay, Presporter
137 1345 822 1407 tröpschen, Aßmannshäuser, erc., beliebt be¬
328 1379 551 1428 allen Kennern
1916 1395 2743 1485 Bestes Weutsches Tafelwasser.
148 1410 820 1486 beziehen durch Weinhandlungen
1300 1442 1639 1544 HEL
2004 1466 2640 1539 Ouarts und Pints in allen Restaurants.
163 1465 723 1536 NOHN ( SOEHNE,
143 1514 622 1566 dhilbersheim bei Bingen a. Rh., und
208 1547 815 1610 80-82 Pine Str., und 136 Water Str., N. Y.
1185 1532 2733 1580 uunmmmmmmmmmm
1698 1596 2238 1648 PROGRAM CONTINUED
182 1592 810 1667 te Ausfuhr deutscher Weine
233 1637 645 1684 nach den Vereinigten Staaten.
1858 1665 2080 1717 Synopsis.
1684 1692 2226 1761 DIE LETZTEN MASKEN.
1749 1751 2178 1796 (TIIE LAST MASKS.)
1329 1767 2683 1835 In a Viennese hospital two men are dying. One, an actor named Florian Jack¬
1202 1793 2712 1865 # werth, does not know how serious his condition is, and is congratulating himself on the
1203 1843 2716 1901 E prospect of his recovery. The other, Karl Rademacher, a journalist, knows that his #
1250 1896 2702 1942 end is near, though the doctors conceal the truth from him. He cherishes a vindictve 2
296 1899 491 1991 L
1196 1928 2702 1996 3 hatred of a poct named Alexander Weihgast, who has snatched from him the fame and #
1251 1956 2703 2015 love which should have been his. Hlis one desire is to be able, before death, to taunt 1#
1249 2009 2712 2053 Weihgast with his insignihcance, and to reveal to him that, though he has prospered, #
252 2001 654 2102 ind Importer
1252 2035 2710 2094 his wife has not only seen through him, but has also betrayed him with himself. Fie 8
1229 2066 2702 2122 conhdes his intention to Jackwerth, and persuades one of the doclors to bring Weihgast 1#
1222 2108 1257 2150 :
1254 2108 2692 2177 to his bedside. When Weihgast arrives, however, the imminent approach of death 7
1206 2158 2164 2218 & modihes the journalist’'s plan and makes him merciful.
207 2093 747 2221 SPECIALTIES
1669 2205 2258 2266 DER GRUENE KAKADU.
258 2205 648 2283 KOTOR WEAR
1558 2246 2392 2295 AT TIIE SIGN OF THIE GREEN PARROT.)
1326 2272 2701 2330 The usual pleasures of their class have palled on the aristocrats who appear in 3
236 2283 732 2371 FIFTH AVENUE
1197 2320 2736 2373 H the play, and, to lickle their jaded fancies, they have hit on a new amusement. It has R
1199 2356 1241 2398 31
1239 2362 2716 2399 become the fashion for some of them (notably ihe libertine Duc de Cadignac, his 7t
1248 2397 2703 2441 friends Francois, Vicomte de Nogeant, and the Marquis de Lansac, with his wife, 4
1235 2428 2717 2487 Severine,) to frequent an underground cabaret, known as The Green Parrot,“ and i
1240 2470 2714 2510 supposed to be the meeting place of thieves, rogues and murderers. In reality, the 1
1191 2479 1252 2545 1
1333 2518 1819 2577 TIOGRAN COTHNTE
1918 2511 2045 2579 S10
2291 2512 2557 2582 FOLLOWING
2141 2512 2288 2581 PACH
1544 2573 1582 2597 —
1191 2570 2733 2617 iummmmmmmmmummmmmmmmmmmmmmmmmmmm
2026 2620 2500 2675 Aual.KNnaAA 0•108
1224 2615 1819 2667 4110 4104 4194 Anapnolsj 718
2166 2646 2717 2709 SSMknVI A8LAOsaV
1303 2645 1936 2713 Psonn Avnd „usny Jjusojog.K
1460 2682 2512 2755 G 78OMM JHJ NI 1838 SHOaNVINVLSNT
1198 2756 2730 2820 aul.10s00 Jleg 8.19sjja0og 787
1839 2891 2244 2957 22te-23te Straße
1306 2885 1655 2960 4 Broadway
2348 2882 2706 2960 Fünfte Avenne
1411 3010 2711 3086 FEATION RESTAURANT
1728 3084 2397 3149 Ein Sehenswürdigkeit New York's
1529 3132 2619 3199 — Musikalische Attraktionen—
1707 3185 2408 3239 Mittags 1-3 Uhr Abends 6-12 Uhr
215 3164 710 3267 1000r E
1522 3217 2581 3300 Erster Klasse Deutsche Küche
1746 3284 2362 3345 Pilsener und Würzburger an Zapf
1403 3337 2685 3406 Ein idealer Platz für Suppers nach dem Theater
400 3461 697 3544 ELSMIAN
1278 3481 1439 3541 Use
2350 3486 2612 3543 In Vour
2635 3529 2687 3566 „
419 3532 765 3594 Ist and 2d Aves., N. V.
2289 3492 2646 3589 ·HIGHBALL‘
1209 3506 1473 3600 Nothing
1494 3485 1731 3632 1
395 3578 648 3623 o Odd Fellows Hall
1784 3514 2654 3635 E MTLOFRICKEY
1285 3578 1427 3634 But
344 3581 398 3648 810
406 3611 606 3670 s and Evening:
1775 4174 1860 4222 —
