3392 4384
990 261 1180 335 Mas
1476 257 1960 356 box 34/7
215 260 1340 374 8. Die letzten seoken
746 1775 1010 1875 JNTA
862 1862 1637 1969 Pankischel Gosrter, Kurnber
644 1971 1562 2048 00. — — u-ausgabe.
2092 1999 3140 2091 Frünkischer Rarsen=Hacabesn.
537 2003 656 2079 —
1585 2089 3337 2159 Schluß und gänzlich pointelos ab, eine Sünde, die ich alters entziehen, und so mag dem
687 2086 1421 2190 Theater und Musik.
1570 2134 2632 2184 dem Verfasser noch am ersten zu verzeihen bereit wak,
2631 2141 3336 2193 Samstag abend seine, spinnenhaft
1571 2176 2636 2229 eingedenk der Wahrheit des Sprichwortes: „Lieber ein
2620 2180 3328 2236 Kurzärmlichkeit nicht allzu schwer a
854 2172 1272 2258 Kammerspiele.
1584 2220 2633 2278 Ende mit Schrecken als ein Schrecken ohne Ende.“ Da¬
2624 2213 3339 2290 Aber diese Sprache! Diese Sprach#
588 2230 1577 2298 G. Nürnberg, 17. Juni. Der zweite Schnitzler¬
1577 2265 2621 2317 von, daß der Dichter die verzweigtesten Ehebruchs¬
2626 2265 3305 2332 gemütlicher österreichischer Graf
514 2273 1572 2358 Abend am Samstag brachte „Die ree
1571 2299 2622 2366 schfteme nicht nur als harmlos normale, sondern sogar
2619 2300 3323 2374 Menelaus der Gute! Ueberhaupt
515 2324 1584 2400 Masken“ und „Komtesse Mizzi“. Das
1578 2360 2623 2429 als vorbildliche Zustände hinstellt, wollen wir weiter
2616 2349 3338 2414 Herren die österreichische Gemütlicht
512 2366 1585 2441 erstere Stück darf als eine nicht übel gelungene, wenn
1571 2390 1890 2461 nicht sprechen.
2613 2401 3331 2450 wie sie sich abmühten, dieser ihrer
515 2420 1581 2487 auch etwas grob gezeichnete Skizze von tiefer Ge¬
1632 2419 2631 2508 Die Darstellung der beiden Werkchen war durch¬
2617 2443 3328 2496 druck zu geben, das war herzlich kon
510 2460 1579 2523 danklichkeit, interessanten psychologischen Reizen und
1568 2470 2627 2544 aus analog ihrem literarischen Wert. Sehen wir von
2615 2490 3333 2553 aber schoß Herr Franck als Professe
524 2511 1579 2573 stellenweise großer Bühnenwirksamkeit angesprochen
1572 2521 2624 2584 der durch Frl. Berger mit gewohnter Virtuosität ge¬
2615 2519 3326 2586 da der Spielleiter Herr Wolf von
518 2545 1580 2612 werden. Der literarische Wert des zweiten Stückes ist
1573 2571 2632 2631 gebenen, gewissermaßen aus dem Aermel geschüttelten
2614 2571 3339 2630 denn bei der Probe nicht, daß Herr
516 2587 1578 2649 beträchtlich geringer. Nach einer Idee sucht man ver¬
1565 2605 2634 2671 Hauptfigur der Komtesse Mizzi ab, so vermögen wir
2621 2615 3329 2671 Professors einen Schwerverbrecher
518 2624 1580 2689 gebens, die Charaktere sind fürchterlich primitiv und
1578 2645 2626 2699 nur noch Herrn Schmelz — er machte aus der Rolle
2606 2660 3331 2716 Typs gab? Seine Maske war ger
517 2680 1573 2745 konventionell, die Handlung leidet an einer zu langen
1566 2685 3336 2759 des Fürsten Egon, was sich nur immre aus ihr intrigantenhaftes Benehmen sude
510 2715 1576 2789 Vorfabel, was die Notwendigkeit viel zu breiter Dia¬
1576 2738 2624 2801 machen ließ — uneingeschränktes Lob zu zollen. Frei¬
2607 2736 3339 2805 treppenmäßig. Besser gelang Herrn
511 2761 1569 2834 loge mit sich bringt — übrigens eine bei Schnitzler
1567 2773 2625 2839 lich hatte auch der Graf Arpad des Herrn Korter
2621 2784 3339 2844 letzten Masken der sterbende Jour
516 2796 1579 2875 häufige Erscheinung, die er sonst durch die Grazie
1567 2819 2618 2887 starken Erfolg, aber dank einer zweifellos zu 80 Pro¬
2617 2815 3329 2892 hier viel zu starke Pointierung, viel
508 2846 2617 2919 seines Konversationsstils wieder wett zu machen weiß. zent unfreiwilligen Komik. Dabei müssen nun aller¬
2614 2870 3329 2942 Pathos! Das war überhaußt der
524 2893 1579 2960 Allein diesmal entbehrt die Konversation der ge¬
1567 2898 2622 2967 dings die besonderen Zeitverhältnisse berücksichtigt
2609 2918 3321 2980 samstägigen Aufführung: Das G
522 2933 1577 2997 wohnten Reize und schließlich bricht die Komödie, um
1563 2947 3343 3009 werden. Auch Grafen können sich am Ende nicht ganz dilettantisch, klobig! Kein Fluß, kein
518 2980 3353 3056 eine solche handelt es sich doch wohl, ohne eigentlichen! den Folgen des Fleischmarken= und Bezugsschein=Zeit= ebesten scheint mir Herr Sondinger
