3344 4320
1498 160 1971 250 box 34/7
232 177 1362 285 8 Die letzten Nasken
1582 1268 3330 1356 ## #nn memmmmimrrsst #k. 11
632 1287 1536 1363 Kmkeldips, di Krene han Menig
2693 1376 3354 1448 „Die letzten Masken“. Schau
1520 1389 2613 1457 würde, der Rückstand des stimmlichen Ausdrucks¬
2608 1430 3337 1486 zuge von Arthur Schnitzler. (Zun
1523 1431 2603 1503 vermögens. Hier, wo für die Titelrolle nicht wie im
636 1425 1313 1528 Kunst und Wissenschaft.
2625 1476 3354 1538 „Literatur“ Lustspiel in einem Au
1527 1486 2606 1546 „Don Jnan“ und „Barbier von Sevilla“, die meister¬
446 1493 930 1586 — W
2619 1511 3274 1582 Schnitzler. (Zum ersten Male.)
1523 1532 2624 1594 liche Beherrschung des Parlando die Hauptsache ist, wo
2682 1567 3343 1625 Hätte die Leitung unserer Hofbühn
1524 1564 2612 1630 sich vielmehr die Lavaglut südländischer Leidenschaft in
485 1579 1524 1637 Königl. Opernhaus. — Am 27. d. Mts.: „Rigo¬
2624 1589 3356 1675 Schauspielabend, der drei neue deutsch
1534 1616 2605 1671 breite Kantilenen ergießt, hier ward es empfindlicher
425 1620 1529 1667 letto.“ Romantische Oper in vier Akten. Nach dem
2622 1648 3346 1708 führte, die lehrhafte Absicht verbund
1529 1663 2606 1717 bemerkbar, daß das nie besonders große Organ bedenklich
434 1661 1521 1731 Italienischen des F. M. Piave von Grünbaum. Musik
2628 1696 3346 1757 äußersten Pole vor Augen zu rücken,
1518 1715 2611 1764 nachgelassen hat. Das Schwinden des eigentlichen Timbre,
433 1719 927 1791 von Giuseppe Verdi.
2631 1741 3341 1810 Poeten der Gegenwart in fieberhaf
1533 1745 2620 1808 wie die Neigung zum Zutiefsingen machte sich mit der
505 1754 1517 1806 Dem liebenswürdigen Figaro, dem „Muster aller
2628 1773 3357 1846 gezogen fühlen: unklare, traumselig
1523 1794 2621 1851 wachsenden Ermüdung der Stimme im Verlaufe des
423 1798 1529 1855 Barbiere“ ließ Hr. Francesco d'Andrade als zweite
2621 1828 3356 1883 schwelgende Neuromantik hier, deutlich
1537 1830 2616 1901 Abends recht bemerkbar, und wenn der Künstler trotzdem
430 1829 1518 1905 und letzte Gastrolle den Rigoletto folgen. Der Künstler
2621 1874 3355 1939 schärfster Beobachtung durchtränkte Wi
1534 1881 2625 1947 auf einen starken Erfolg zurückblicken konnte, so hatte
428 1895 1520 1944 gewann auch hier gleich im ersten Auftritt die volle
2626 1919 3336 1987 dort — sie würde ihre Absicht v
1533 1938 2618 1990 er es, wie schon Eingangs angedeutet, vornehmlich seiner
436 1923 1523 1986 Fühlung mit dem Publikum, das zunächst verblüfft war
2617 1955 3354 2022 Das den Abend eröffnende dramati
1523 1970 2624 2033 fesselnden Darstellung und deren kräftiger persönlicher
431 1986 1532 2042 von der Stilechtheit seiner Maske und Kostümierung, die
2624 2006 3345 2069 sterblichkeit“ von Königsbrun=S
1535 2015 2628 2068 und nationaler Note zu danken. Sie aber war es auch,
439 2018 1524 2074 er beide, wie man erfährt, einem alten Originalbilde
2624 2054 3321 2114 und Heldin der eben von seiner
1534 2055 2618 2111 die diesmal unseren einheimischen Künstlern den Stand
443 2065 1527 2117 Triboulets nachbildete, des gefürchteten Hofnarren König
2630 2102 3356 2149 römischen Kapitol in die Provence zu
1538 2104 2620 2162 erschwerte. Einen Herzog, der im Spiel ein Partner
443 2111 1525 2161 Franz I. von Frankreich, des Helden des Victor Hugo¬
2632 2130 3345 2200 Francesco Petrarca und die Mado
1534 2151 2624 2213 für diesen Rigoletto hätte sein können, besitzen wir in
441 2151 1536 2217 schen Dramas „Le roi s'amuse“, das bekanntlich Verdi
2626 2184 3344 2255 Sonette sind, gehört mit Haut und Ha
1539 2196 2618 2248 Hrn. Gießen nicht, und auch Frau Wedekind mußte
437 2198 1541 2266 zu seinem „Rigoletto“ begeisterte. Ganz im Sinne jener
2628 2226 3357 2296 Hymnen, mit dem Apparat von Bli
1529 2252 2622 2293 ihr ganzes darstellerisches Vermögen zusammennehmen,
428 2230 1527 2299 Dichtung, wie dessen kongenialer Vertonung führte Hr.
2636 2275 3354 2326 von Altären und Weihrauchsfässern,
1536 2279 2626 2336 um sich neben Hrn. d'Andrade zu behaupten. Hier blieb,
428 2294 1542 2352 d'Andrade mit bewunderswerter Konsequenz die Rolle
2629 2322 3355 2370 Düften, mit seinen dekorativen und n
1534 2326 2624 2386 im Gegensatz zu diesem, die Wiedergabe des gesanglichen
429 2336 1546 2391 durch, d. h. mit allen Mitteln einer die überschroffen
2634 2362 3355 2437 lichtern, mit dem Drang im halbver
1537 2372 2619 2430 Parts der Leistungen bester Teil. Die weitere Rollen¬
425 2368 1539 2430 Kontraste der Charakteristik der bizarren, zwischen teuf¬
2637 2410 3330 2471 einer kleinen Stunde des ganzen
1540 2414 2630 2463 besetzung des Werkes war die übliche geblieben. Am
441 2419 1526 2476 lisch wollüstiger Grausamkeit und schmachtender Sentä¬
2638 2440 3356 2507 Widerspruch zu spiegeln, mit dem T
1544 2458 2624 2517 Pulte aber waltete diesmal nicht der Verdi=Dirigent
441 2464 1512 2524 mentalität pendelnden Gestalt in grelle Beleuchtun
2629 2491 3320 2560 füßigen Jamben den Versuchen
1535 2508 2622 2577 par excellence Hr. v. Schuch seines Amts, sondern
443 2513 1538 2566 rückenden Darstellung. Gewiß, unserem maßvolleren
2629 2531 3355 2600 neu zu beleben. Trüge es statt de
1537 2548 2633 2600 Hr. Kutzschbach. Wohl aber empfand man es bei
437 2556 1540 2613 Empfinden erscheint sich hier bisweilen die Grenze des
2637 2582 3352 2650 die Jahrzahl 1803 auf seinem Tit
1530 2600 2636 2648 dessen temperamentvoller und feinfühliger Leitung, daß
431 2602 1524 2656 ästhetisch Erlaubten oder wenn man will auch des
2629 2633 3336 2692 Dichter nicht Königsbrun=Schaup,
1542 2637 2630 2688 jener Schule machte, und das wird man um der ferneren
441 2644 1523 2699 Glaubhaften zu verrücken — wie beispielsweise bei denk
2640 2676 3347 2734 Pellegrin, Isidorus Orientalis oder
1536 2681 2629 2743 Pflege der italienischen Musik willen nur mit Freuden
443 2697 1479 2743 Durchbruch des Nachedurstes Rigolettos im dritten Akt¬
2639 2713 3354 2782 zeichnet, wir würden leicht glauben k
2422 2721 2587 2788 O. S.
1536 2730 1896 2804 begrüßen-dükfen.
442 2726 1523 2796 aber mit dem Charakter der Tonsprache Verdis har
2632 2764 3342 2830 mit einem schwächeren und unbeseelten
443 2768 1535 2833 moniert diese Explosion der Leidenschaft ohne Zweifel
2629 2812 3352 2864 den Tagen des Tieckschen „Oktar
2220 2789 2638 2881 Am 27. d. Mts.:
439 2810 2160 2884 vollständig. Nur Eines allerdings trat bei dieser oriß — Königl. Schauspielhaus.
2640 2855 3323 2916 Brentanoschen „Ponce de Leon“ zu
1975 2856 2639 2920 Dramatisches Gedicht in einem
1548 2855 1947 2923 „Unsterblichkeit“
446 2863 1457 2923 ginalgetreuen Auffassung der Rolle kräftiger in
2634 2901 3354 2973 den Versuch, die Gestalt Petrarcas Ie
448 2906 2633 2977 Erscheinung, als es sonst der Fall gewesen seiny Aufzuge von Königsbrun=Schaup. (Zum ersten Male.)
