3344 4256
1515 67 1958 157 box 34/7
1014 79 1109 149 Ma
246 88 1360 186 8. Die letztensken
1824 1268 3038 1309 standsschilderung völlig zurück. In dieser sind so viele seine Spitzen
1831 1308 3038 1355 angebracht, daß der nicht unbedingt mit jenen Dichterjünglingen durch
782 1261 1549 1380 „Welt und Wissen.
1830 1349 3041 1398 Dick und Dünn gehende seine Freude darau haben muß. Gespielt
586 1337 909 1436 D
945 1359 1418 1435 Theater in Köln.
1828 1380 3038 1435 wurde das Stück von Emmy Wyda, Hans Siebet und Rud. Schaper
1821 1419 3038 1485 recht flott. Die erstere muß noch mehr Gewicht auf eine dentliche
636 1426 1798 1484 O Im Alten Stadttheater sahen wir gestern drei Neuigkeiten:
575 1472 1795 1518 Zwei Einakter von Arthur Schnitzler und einen von dem Frau¬
1868 1492 3034 1545 Daisy ist eine Komödie mit drei Hochstaplern als Helben, die
571 1510 1792 1555 zosen Tristan Bernard in der Uebersetzung von Wolff=Jacoby.
1828 1540 3044 1594 sich auf der Rennbahn zusammengefunden haben. Zwischen zweien,
579 1553 1794 1595 Die letzten Masken nannte sich das erste Schauspiel, das mehr
1833 1580 3033 1623 Charley und Dago, bricht wegen einer „Dame“ ein Streit aus. Ein
570 1595 1786 1640 durch die ausgezeichnete Wiedergabe als durch seinen Stoff anziehend
1830 1616 3046 1678 Kriminalbeamter sucht die Taschendiebe dadurch zu fangen, daß er
578 1631 1797 1672 wirkt. Die letzten Lebensstunden eines armen Jourualisten, den sein
1820 1657 3044 1697 an denselben Ort, wo schon ein Ueberzieher beraubt worden war,
573 1664 1789 1715 Mißerfolg im Leben zum heimtükischen, neidischen und rachsüchtigen
1824 1696 3049 1759 einen anderen als Lockvogel hinlegen läßt. Charley, der die Falle
582 1706 1799 1748 Menschen gegen seinen vom Glücke begünstigten Freund hat werden
1830 1736 3037 1788 gleich durchschaut, freut sich mit einem Genossen, daß sein Feind und
581 1746 1790 1795 lassen, bilden den Gegenstand der Handlung. Einem ebenfalls im
1827 1777 3039 1817 Nebenbuhler darauf hereinzufallen droht, singt aber im letzten Augen¬
579 1786 1793 1835 allgemeinen Krankenhause untergebrachten, dem Tode geweihten
1829 1815 3043 1858 blicke, als die Kameradschaft, das instinktive Gefühl der Zusammen¬
580 1832 1800 1877 Schauspieler gesteht er, seine letzte Genngthnung beim Abschied von
1832 1853 3051 1894 gehörigkeit die persönliche Feindschaft besiegt, die Dacresche Melodie
579 1863 1791 1903 seinem verfehlten Leben werde es sein, dem früheren Freunde die
1830 1895 3044 1945 des Daisy, das Warnungssignal für nahende Gefahr. Die Gauner
581 1903 1798 1943 Vergangenheit seiner Frau zu enthüllen. Aber als der herbeigernfene
1823 1935 3050 1982 wurden von Rud. Leyrer, Jul. Stetiner und Willy Benthien charak¬
583 1942 1792 1983 Gatte, der Dichter Alexander Weihgast ihm freundliche Worte des
1826 1972 3049 2037 teristisch dargestellt. Köstliche Nebenfiguren gaben der Jockey Bearns und
568 1981 1795 2036 Vorwurfes sagt, daß er sich in seiner Not nicht an ihn gewandt
1827 2008 3046 2055 sein Freund und Dolmetscher Sharpey ab, in denen man Rud. Wein¬
583 2028 1798 2078 habe, da wird er besiegt von dem Wohlwollen des andern und nimmt
1836 2052 3047 2108 mann und Hans Marr nur mit Hülfe des Zettels wiedererkannte.
575 2059 1801 2104 sein beabsichtigtes Gestandnis mit sich aus dieser Welt. Psychologisch
1826 2088 3046 2149 Beide sind zweifellos sehr begabte, vielseitige Künstler, die die ver¬
583 2101 1793 2141 ist das Stück nicht unwahrscheinlich, aber ein Gefühl der Be¬
1836 2127 3049 2174 schiedensten Charaktere individuell verarbeiten, in ihrem ganzen Wesen
574 2141 1799 2192 friedigung läßt es gerade nicht aufkommen. In dem elenden Helden
1838 2172 3049 2235 erfassen und wiedergeben, so daß man nicht ihr eigenes Sein unter
586 2178 1803 2213 sowohl wie in dem totkranken, aber an sein nahes Ende nicht
1831 2202 3039 2260 der Maske erkennt. Von den neuen Kräften besitzen auch besonders
573 2218 1803 2267 glaubenden Schauspieler schufen die Herren Haus Marr und Rudolf
1823 2248 3051 2305 noch Hans Siebert und Rud. Schaper diese höchste Kunst des Schau¬
586 2255 1793 2299 Weinmann Typen von einer meisterhaften Realistik. Auch die
1840 2288 3052 2355 spielers. Das Publikum zeigte sich für den Abend durch reichen
574 2296 1789 2340 anderen kleineren Rollen wurden von Oskar Borcherdt (Weihgast),
1818 2322 2208 2395 Beifall sehr dankbar.
583 2338 1790 2382 Rich. Aßmann und Georg Kiesan (die beiden charakterverschiedenen
581 2383 1756 2411 Aerzte) und Frl. Marie Palik (Wärterin) entsprechend verkörpert.
627 2419 1809 2451 Ein feines, satirisches Lustspiel Schnitzlers, in dem nur drei Personen
584 2455 1802 2501 mitwirken, ist Literatur betitelt. Es ist eine Persiflage auf die
580 2505 1800 2547 (vornehmlich Wiener) Kaffeehausdichter und =Schriftsteller. Aus ihrem
583 2533 1810 2580 Kreis holt ein Baron sich eine junge Witwe, Margarete, um sie
581 2569 1804 2613 zu heiraten. Sie hatte aber ein Verhältnis mit einem jener Schrift¬
582 2610 1803 2654 steller unterhalten, die mehr durch Blasiertheit und Selbstberäuche¬
584 2647 1797 2700 rung sich auszeichnen als durch ein tüchtiges Können. Dieser Gilbert
578 2679 1806 2735 hat in einem Roman, der nach seinem Grundsatz nur Selbsterlebtes
584 2720 1814 2781 bieten darf, den Briefwoechsel zwischen ihm und seiner Freundin Mar¬
577 2769 1800 2812 garete veröffentlicht, denselben, den auch diese in ihrem in einigen
574 2819 1805 2864 Tagen herauskommenden Roman hat abdrucken lassen. Der Baron
573 2848 1804 2889 vertritt den gesunden Menschenverstand, der all den Extravaganzen
576 2902 1804 2945 der kleinen aufgeblasenen Uebermenschenwelt abhold ist. Die Hand¬
576 2931 1840 2997 lung ist aber hier nur Mittel zum Zweck und tritt gegenüber der Zu¬
