3344 4352
758 172 801 241 t
1025 167 1175 241 Mas
1525 175 1985 254 box 34//7
257 176 1379 279 8. Die le zten sken
1012 580 2459 684 Dew Horker EScho. —000
2462 543 2717 692 0X 3
472 718 1218 779 verlangen) Der ganze Rialto würde zu¬
1236 722 1981 793 lers sonderartigsten und kühnsten Arbei¬
2010 722 2770 786 zuerst nicht ganz leicht seine Auswahl
1240 775 1994 827 #teu zählende Revolutions=Stück „Der
475 771 1224 819 gegen sein, denn nichts freut einen Mi¬
2014 777 2758 833 zwischen dem, was hier gespieltes, oder
468 816 1226 879 men so sehr, Us wenn ein Direktor was
1246 815 1987 866 grüne Kakadu“ Ganz gleich, ob der Au¬
2008 820 2762 872 nur geschauspielertes Bühnentreiben war,
471 849 1053 902 „aus der Armenlasse“ abkriegt.
1237 853 1995 899 tor die unter dieser zoologischen Abnormi¬
2009 846 2765 904 treffen zu können schten, athmete denn
1235 891 1980 933 tät von Titel verstandene Pariser Schau¬
570 882 1212 933 In Albanydwird an höchster Stelle
2006 900 2766 945 auch bei der, im Schluß ein wenig an die
467 910 1209 989 wieder mal für Abschaffung der soge¬
1233 924 1998 979 bühnen=Speinnte oder, wenn dies besser
2018 929 2753 984 Pagliacei“ erinnernden doppelten Büh¬
459 968 1088 1015 nannten Sacred Copcèrte agitirt.
1231 972 1982 1013 klingt, Spelunten=Schaubühne des wacke¬
1999 957 2771 1011 nen=Hetzjagd mit einem unverkennbaren
1222 1007 1994 1059 ren „Prospere“ frei erfunden hat, oder
565 1001 1221 1059 Mit ihrem Plate, die Academy of
2006 1010 2755 1054 Befreiungs=Vergnügen auf, das sich
465 1036 1217 1085 Music in Philadelphia zu kaufen, werden
1230 1044 1995 1094 ob er mit ihr auf dem Boden historischer
2012 1045 2764 1089 prompt in einem halben Dutzend und
461 1075 1212 1123 die Herren Kuiv und Erlanger wohl kei¬
1229 1077 1994 1130 Ueberlieferung aus einer Zeit steht,
2015 1089 2760 1133 mehr, schließlich selbst den Direktor vor
466 1118 1226 1173 nen Erfolghaben, obschoy ihr Angebot
1233 1119 1982 1176 weiche allerdings die unglaublichsten Blü¬
2002 1116 2762 1176 sich her auf die Bühne fegenden Hervor¬
1242 1154 1987 1193 then und Blasen trieb: er hat mit dem
461 1157 1220 1220 auf 81,198,000 gelautet haben soll. Die
2005 1161 2759 1212 stürmen Luft machte. Dieselben erinner¬
464 1192 903 1241 Aktionäke wollen nicht.
1235 1193 1987 1242 Stuck so leck, so fest und so massengriffig
2004 1199 2760 1250 ten unwillkürlich an die Echtheits=Gewalt
1239 1231 1988 1284 in den Revolutions=Beginn hineingepackt,
567 1233 1225 1283 (In Philadelphia ist, in Alter von
2006 1231 2763 1277 derjenigen, welche einst das nämliche
462 1254 1204 1312 91Jahren, der einst außerordenklich tüch¬
1237 1266 1985 1317 daß man thitsächlich, wenn auch kein hi¬
2005 1275 2758 1334 Haus nach dem dritten Akt der Conried'¬
1232 1303 1996 1360 storisches Gemälde, doch mindestens ein
453 1313 1203 1370 tige Klarinettist Wilhelm Stoll gestorben.
2000 1320 2763 1357 schen „Weber“=Premiere, — „lang, lang
1232 1345 1977 1401 historisches Kinematograph vor sich zu ha¬
2009 1349 2758 1409 ist's her!“ — erschütterten. Und wie die
1222 1385 1982 1426 ben und von der Bühne auf sich eindrin¬
2006 1385 2755 1449 damaligen neben den „Solisten", gleich
462 1390 1214 1450 Shnmialimitsmmmmalmmmmmeammmmnmalmmntte
1227 1416 1683 1474 gen zu sehen vermeint.
1679 1424 1992 1472 In so bei aller
2012 1425 2767 1475 stark dem die Möbel des Fabrikanten
1231 1453 1994 1512 Krausheit (Schnitzler selbst nennt das
2007 1464 2758 1517 Dreißig demolirenden Ensemble galten,
558 1445 1126 1526 Deutsches Theuter.
1145 1457 1226 1550 1
1235 1505 1993 1549 Stück eine „Groteske“) seiner Vorgänge
2001 1497 2764 1551 so thaten die diesmaligen, neben den Da¬
451 1538 1218 1589 Summmmamminesimmimsmmmesmmmmammmunte
1232 1536 1976 1584 diese und mit ihnen den Zuschauer zwin¬
1997 1550 2763 1596 men Hofer und Reicher und den Herren
1226 1574 1983 1627 genden Weise stößt der Autor die Ele¬
2001 1588 2753 1633 Marlow, Weigert, Collot, Winds, Sauer¬
499 1580 1211 1643 Ein Schnitzler=Abend, und wie gleich
1229 1613 1981 1660 mente seiner schier chaotischen Handlung
2003 1622 2762 1665 mann und Liebl das Nämliche gegenüber
462 1629 1218 1683 hinzugesetzt werden muß, ein Schnitzler¬
1239 1658 1978 1705 und seines fiebernden Milieus, sowie die
2006 1659 2761 1711 dem die Bühne in der Schlußszene mit
465 1671 1210 1719 Ehrenabend, — und ein Ehrenabend un¬
1224 1691 1980 1735 sie bald tragenden, bald durchkreuzenden
2000 1692 2756 1749 einem ganzen Urbrei von Köpfen, Stim¬
459 1705 1213 1755 seres neuen deutschen Theaters dazu!
1227 1730 1994 1782 Personen, deren der Zettel volle zwanzig
2011 1740 2757 1791 men, Gliedern und sonstigem Meininger
456 1748 1201 1795 Mehr hätten wahrlich selbst die hochnoth¬
1229 1768 1986 1816 Redende aufweist, durcheinander und in
2003 1768 2761 1813 Zubehör überschwimmenden zur neuen
448 1786 1212 1838 peinlichsten Ansprüche nicht fordern, mehr
1223 1807 1993 1856 diesem Durcheinander vor sich her, daß
2005 1812 2752 1861 Freiheit erwachten Volkes von Frankreich.
447 1821 1210 1868 die wohlwollendsten Erwartungen nicht
1231 1845 1985 1900 man schließlich, wie aus einer Phantas¬
2045 1850 2761 1903 Den Schluß dieses Wiener Schnitzler¬
461 1857 1208 1909 hoffen können. Und doch war es diese
1227 1881 1983 1936 wagorie von wirklichem und gespieltem
2004 1875 2760 1925 Menus bildete, wie sich's gebührte, ein
454 1895 1218 1948 dreifache Signatur, in welcher, gleich
1226 1916 1986 1968 Theater=Rummel zu sich zu kommen
2003 1925 2750 1973 Dessert. Ein leichtes und mit vollende¬
451 1939 1211 1982 siegreich auf der dreifachen Linie, der eine
1237 1960 1973 2005 glaubt. Schließlich, d. h. wenn der Vor¬
2009 1959 2758 2002 ter Leichtigkeit in Spiel und Dialog von
458 1974 1207 2027 Novitäten=Abend des vorigen Dienstag
1238 1997 1949 2036 hang über dem Jubelgeschrei ob der er¬
1997 2001 2740 2052 dem Trio Hofer, Burg und Weigert kre¬
454 2011 1203 2068 am Irving Place stand. Als Schnitzler¬
1233 2035 1964 2080 stürmten Bastille und einem vom Ple¬
2001 2038 2744 2094 denztes Wiener Dessert: „Literatur".
457 2050 1220 2101 Abend brachte er zunächst wirklich drei
1233 2072 1977 2126 bejer=Schauspieler „Henry“ (Herr Wei¬
1991 2077 2760 2126 Ein beständiges Lächeln lag über den
463 2087 1196 2143 auf dem New Yorker Theaterboden ab¬
1224 2111 1978 2164 gert) wirklich ermordeten wirklichen
1991 2115 2756 2172 fünfundzwanzig Minuten, welche das rei¬
458 2129 1205 2177 solut neue Neuheiten. Nicht genug da¬
1225 2152 1970 2195 „Herzog von Cadignan“ (Herrn Mar¬
1998 2157 2755 2202 zende Ding in Anspruch nahm. Lächeln
451 2161 1216 2219 mit, zeigten diese drei Neuheiten den am
1229 2179 1978 2222 low) niederfällt und man gewahr wird:
1995 2196 2753 2234 auf der Bühne Seitens der drei Darstel¬
449 2202 1203 2249 Irving Place bereits von drei früheren
1228 2222 1980 2269 daß sich das Pennen=Tingeltangel da im
1994 2231 2757 2283 ler, und Lächeln im Zuschauerraum über
457 2234 624 2285 Stücken,
455 2239 1200 2328 „Vermächtniß“ „Freiwild“,
1222 2262 1987 2303 Handumdrehn zum großen historischen
2000 2271 2758 2317 den Leckerbissen von Stück, wie über die
806 2285 1203 2334 wenn auch nach den
1223 2298 1483 2345 Revslutions
1479 2302 1972 2349 Cabaret ausgewachsen hat
1990 2308 2759 2364 Anmuth, mit der er von dem weiblichen
443 2321 1206 2373 unvergleichlichen „Liebelei"=Vorstellungen
1232 2333 1480 2389 und daß die
1484 2336 1981 2383 von Frl. Reicher in schier
1993 2341 2754 2400 Mitglied dieses Baumfeld'schen Lustspiel¬
453 2357 1218 2404 mit der Sorma ein wenig in absteigender
1224 2368 1482 2422 unheimlicher
1483 2377 1962 2429 Weise veranschaulichte)
2002 2387 2754 2425 Kleeblatts erster Güte servirt wurde, wie
459 2393 1204 2446 Linie, doch darum nicht weniger als erst¬
1221 2422 1975 2462 Schluß=Hysterie der „Marquise Severine
2005 2424 2746 2477 über die portraithafte Charakteristik fein¬
454 2439 1201 2482 rangigen Modernen erkannten und an¬
1227 2450 1987 2509 von Lansac“ dem Beginn einer Historie
1995 2458 2758 2506 sten Calibers, mit welcher hier die beiden
448 2460 1202 2523 erkannten Wiener Bühnendichter in
1230 2493 1984 2545 gilt, die ihr sehr bald an den eigenen
1987 2496 2759 2556 Männer ihren „Literatur"=Kampf um
451 2505 1207 2552 duerchaus neuem und vortheilhaftesten
1222 2532 1983 2587 schönen Hals gehen wird. Das Publi¬
1992 2539 2621 2592 ihr schöneres Drittel auskämpfen.
453 2547 1211 2600 Licht. Und endlich kam im Dienst dieser
1221 2560 1987 2622 kum, das trotz seines Elite=Charakters
2267 2576 2725 2633 Udo Brachvogel.
444 2588 1205 2625 glänzenden Schnitzler=Musterkarte neue¬
466 2625 1201 2674 en Datums auch ein wahrhaft glänzen¬
451 2648 1212 2707 der Theater=Abend zu Stande. In der
451 2699 1204 2756 That ein so brillanter Theaterabend, daß
448 2735 1204 2786 die Aufführung der literarisch, wie dra¬
445 2765 1224 2830 matisch gleich sehr voneinander abstechen¬
439 2804 1182 2856 den Einakter. — „Die letzten Masken“.
1150 2840 1197 2881 7
452 2853 1181 2898 „Der grüne Kakadu“, und „Literatur“!
506 2885 1209 2939 unter der gleichfalls dreifachen Regie
444 2913 1209 2978 der Herren Baumfeld, Marlow und Burg
447 2957 1214 3019 unser New Yorker deutsches Theater in
445 3001 1208 3070 geradezu hoftheaterlichem Brillantlicht
441 3033 749 3088 erscheinen ließ.
489 3070 1209 3130 Der Einsatz dieses Schnitzler=Trios
439 3119 1206 3171 war in Moll. Und mehr als das, tieftra¬
439 3154 1201 3207 gisch, aber auch tiefmenschlich zugleich.
449 3193 1208 3239 So menschlich, wie das Bischen, was man
444 3229 1198 3276 auf diesem von Bipeden belebten und be¬
447 3272 1205 3327 herrschten Planeten Menschen=Leben zu
439 3303 1202 3358 nennen pflegt, nur in seinem letzten und
443 3339 1199 3387 darum allein schon wahrsten Licht zu er¬
457 3378 1214 3435 scheinen vermag. Im Licht des Todes
452 3418 1215 3470 selbst. Des großen Schluß=Auslösers und
448 3456 1206 3518 Erlösers, der ohne irgend welche religiöse,
445 3503 1208 3552 oder philosophische, oder sonstige rein äu¬
451 3536 1208 3598 ßerliche Beihilfe, lediglich aus den letzten
445 3577 1208 3629 Zuckungen eines sich eben noch auf's
455 3608 1204 3671 Feindseligste zusammenkrampfenden Herz¬
442 3653 1201 3705 Muskels heraus auch zum großen Ver¬
442 3688 1204 3746 söhner, zum Sterbe=Erleichterer, zum
440 3730 1208 3780 Sterbe=Verschönerer wird. Allerdings
446 3760 1207 3804 kommt auch hier diese Erlösung insofern
445 3804 1203 3858 von Außen, als das letzte große Um¬
445 3830 1210 3898 schlagen eines „galligsten“ Hasses in
441 3866 1206 3930 Verzeihen und Verstummen durch ein
438 3909 1209 3965 versönliches Begegnen des sterbenden
440 3953 1201 3991 Hassers mit dem Gegenstand seines Has¬
440 3991 1200 4038 ses herbeigeführt wird. Aber diese Be¬
442 4034 1203 4083 gegnung im Sterbezimmer des öffentli¬
452 4066 1190 4122 chen Krankenhauses ist so sehr des Erste¬
445 4102 1206 4152 ren eigenes Werk, daß auch das daraus
462 4136 822 4176 füt ihn erwächsende
