3344 4352
747 200 815 251 2
1045 189 1114 254 a
1505 188 1966 274 box 34/7
233 183 1332 292 8. Die 1eHen basken
625 416 1720 614 dee Torhee 16/11 0r
2178 661 3129 740 ne? Di coloro che pin ei sembrano meritevoli
1247 659 2176 728 l’amor proprio, la gelosia, prevalgono in
286 663 1237 744 certo Frnosto, col quale era venuto a questione
289 714 649 774 per futili motivi.
1244 716 2182 767 Jui. Vedendosi piantato si irrita, vuol ven¬
194 673 289 796 —
329 733 1233 811 Lo Specola fu giudicato guaribile in pochi
2215 742 3126 798 Per ora accenniamo ancora al caratteristico
1248 747 2177 806 dicarsi e dichiara ad Annetta che egli la
296 778 451 848 giorni.
2173 770 3139 834 studio dell'’incisore, di eni gia parlammo gior¬
1246 785 2066 856 tradi assai prima, tanto tempo prima.
334 801 1243 876 — Omonimin — Il sottoseritto, fattarino presso
2183 826 3132 875 ni sono: un laboratorio d’incisione all’acqun¬
1279 837 2168 881 E l’atto si chiude con una semplico rifles¬
235 851 1238 904 inf la spettabile ditta Richard-Ginori, non ha nulla
2190 868 3139 924 forte, decorato con molto gusto, ove imperano
1250 868 2172 924 sione di Annetta: — Perché dirmi questo?
209 894 295 940 ail
306 898 1230 955 di comnne col Bosco Emilio, stato arrestato per
3000 906 3125 956 — al
2180 907 2959 957 il Ferro, il Gariazzo e il Bernardi,
1242 912 2176 956 Non é oncsto. Io, per esempio, che valgo as¬
214 930 307 981 dei
302 933 433 995 kurto.
2187 943 3138 994 dire di un artista — si stampano & cartoline¬
1239 948 2177 1013 sai pitl e meglio di te, non te l'ho mai detto!
884 938 1211 1028 Bosco EMiLio.
233 973 310 1020 ro¬
837 976 901 1032 —
2188 986 3124 1052 fcordo 's proprio.,, sulla faccia degli acqui¬
1286 997 2175 1046 Annetta era Emma Gramaticn — cios im¬
207 1005 306 1062 esti
2185 1026 2327 1081 ienti.
1245 1036 2173 1081 personata squisitamente; Anatolio era il Fer¬
210 1049 309 1101 mti
1228 1069 2177 1120 rero; la commediola fu ginocata con aglilitü e
2237 1049 3126 1118 — Un caratteristice frattenimento al po¬
217 1089 307 1143 del
320 1028 1210 1156 Notizie Teatrali, Artistiche
2189 1113 2631 1163 Steama Chinrella
2697 1112 3126 1166 ligi Romagnini, il ge¬
1245 1116 2169 1183 con sicurezza. Ed il successo fu pieno ed a
199 1126 298 1183 1ve
2172 1149 3127 1215 giale poeta in vari dialetti, ehe gia tanto sne¬
1238 1148 1550 1218 voli unanimi.
422 1134 1137 1222 R LETTERARTI
207 1171 304 1231 pa¬
2180 1179 3135 1241 4sso riportö in molle ciltà d’ltalia, farà gusta¬
1273 1180 2105 1261 Tre o quattro chiamate agli esecutori.
2185 1218 3132 1271 #undhe ai Terinesi la sun musa originale la
1970 1231 2151 1290 e. a. d.
2175 1247 3060 1302 stra del 24 corrente al politeama Chiarella.
305 1209 1247 1335 Tre comigedie nuove al Teatro Alfieri
1339 1266 3124 1328 Per venerdi si annunzie—e-eer#tn-de¬—lI pocta, assai conoscluto nella nostra città
208 1297 309 1370 che
2189 1318 3125 1362 come brillante uiliciale di envalleria o come au¬
1234 1312 2177 1389 nore di Ugo Piperno, cios di uno degli at¬
404 1316 1145 1392 MONSIGNORE IN VACANZA.
204 1344 319 1411 evi¬
2196 1342 3127 1404 tore drammatico dinlettale, ha accolto l’invito
1245 1360 2178 1420 tori piü studiosi e pin simpatici che siano
2190 1383 3137 1434 rivoltogli da on Comitato costituitosi nel nome
210 1395 311 1451 5d1,
338 1387 1236 1442 La prima, in un atto (come in un atto so¬
1255 1402 1875 1462 attualmente nell’arte italiana.
2190 1417 3136 1475 della beneficenza, essendo 1l provento destinato
298 1416 1245 1500 no anche le altre due). 6 di Giulio Claretie,
1280 1444 2181 1502 Egli ha scelto la commedia di Sardou:
2187 1456 3070 1508 ai piccoli corrigendi ceme Albero di Natale.
308 1478 1246 1525 ed é stata tradotta da Ugo Piperno, il quale
1255 1481 2188 1532 gI borghesi di Pentarcy, ed un’altra com¬
2228 1491 3136 1550 Daremne cenni, jüh dettagliati nel programma
211 1478 299 1558 gli
302 1517 1237 1562 Itrova in esss il modo di fare una di quelle
2197 1525 2862 1591 di questa interessantissima scrata.
1257 1528 2177 1574 media in un atto, & Casa da vendere „, da
295 1555 1239 1612 figure austere e buone di prelato, che sono
1257 1563 2184 1615 lni tradotta e gid eseguita altrove con calo¬
2209 1575 3129 1630 II centenario del Conservatorio musicale di Milano.
308 1592 811 1648 una delle sue specialità.
1259 1604 1654 1659 rosissimo süccesso.
199 1615 306 1672 dot¬
2234 1620 3130 1673 Telefonano da MILANO in data 15 dicem¬
337 1611 1255 1687 & Monsignor vescovo, é Ugo Piperno, cho
1291 1643 2182 1705 Attenti ad accaparrarsi un posto per vener¬
207 1661 305 1702 no-
2197 1668 2351 1717 bre: —
2355 1659 3135 1727 Stamane, alle ore 10, nella vecchia
310 1664 1239 1719 non solo tradusse, ma animo, tenne in pieli
1254 1673 1445 1750 di sora.
191 1680 293 1746 Lui¬
2189 1699 3138 1752 sala dei concerti del Conservatorio, ha avuto
306 1716 1246 1762 il non breve attoe lo fece arrivaro alla fine,
1331 1730 2185 1799 Teatro Torinese — Ricordiamo che
2197 1739 3146 1814 Inogo T’inaugurazione del Congresso musica¬
192 1748 308 1807 800-
307 1751 1245 1806 il ehe non sarebbe forse accaduto se l’attore
1258 1766 2185 1840 va in scena questa sera la rivista di sogget¬
2184 1782 2469 1844 le didattico.
199 1798 296 1842 ice¬
316 1794 894 1847 non fosse stato Piperno.
1246 1820 1886 1877 to torinese: 4 La Turineide „.
2233 1813 3138 1875 II salone era gremito, tra cui si notavano
211 1831 312 1878 am¬
345 1826 1247 1887 Poiché questo & Monsignore in vacanza ),
204 1868 294 1910 lent¬
1278 1839 2189 1914 Si tratta di una bizzarria comico-musicale,
2203 1858 3140 1917 antorita e notabilita, e tra esse il prefetto
317 1861 1248 1921 che occupa le sue ferie a risalire ai tempi
203 1899 295 1954 opra
1253 1902 2186 1951 scritta da Amileare Solferini e Giovanni Ga¬
2192 1893 3147 1960 comm. Panizzardi, il cav. Galvagnim, dele¬
322 1904 1237 1963 della sua gioventü, ed a ricevere — sia pure
227 1936 300 1980 da
1265 1943 2178 1990 staldi. e musicata dal maestro Alberto Consi¬
2194 1937 3143 2001 gato dal ministro della pubblica istruzione, e
319 1958 1243 2008 nella piü corretta delle forme — una signora
210 1972 299 2032 nze
1262 1982 2184 2037 glio, per la Compagnia dialettale piemontese
2193 1987 2825 2043 numerosi macstri compositori.
301 1996 1239 2051 matura, che prima di essere tale fu amata
1262 2026 1854 2071 che agisce u questo teatro.
2227 1995 3150 2076 Parlarono il prof. Gallignani, direttore del
301 2036 1243 2091 Ida Jui quando egli era militare, e che appun¬
1285 2055 2194 2119 Solferini e Gastaldi (Tito Livido) sono due
2194 2056 3158 2130 Conservaterie,e dopo di lui parlarono i1
299 2069 1247 2128 Ito per lei, non credendosi amato da lei, la¬
1259 2100 2194 2144 ben noti e valorosi cultori del nostro verna
2204 2099 2804 2168 prefetto, il sindnco ed altri.
303 2104 1254 2158 sció la sciabola per il bastone., pastorale;
2236 2140 3134 2197 Tarlarono ancora il cav. Salvagnini in
1264 2140 2191 2191 colo, o Alberto Consiglio é un giovane stu¬
303 2141 1243 2196 questo " Monsignore in vacanza 9, anche se 0
1259 2179 1956 2235 dioso e promettente compositore.
2200 2178 3151 2226 rappresentanza del ministro Rava; i maestri
305 2196 1254 2250 un discreto motivo drammatico, 6 troppo let¬
1298 2210 2190 2261 E insieme con l'’intento di für cosa sovra¬
2209 2218 3142 2272 Falchi e Zulli, II segretario lesse quindi le
301 2227 1243 2282 terario, troppo prolisso e non pud divertire,
1253 2248 2189 2314 tutto divertente, hanno dato mano a questa
2205 2259 3138 2316 adesioni numerosissime venute da ogni par¬
343 2277 1254 2326 Non neghiamo che l’atto contenga delle fi¬
1266 2301 2188 2354 curiosa rivista, ehe va in scenn — ripetianio
2205 2292 3149 2350 te d’Europa, e finalmente il signor Berthier,
182 2307 313 2358 utore
315 2291 1250 2356 nezze e dei tratti buoni; non neghiamo che si
1311 2340 2187 2408 questa sera, ed alla quale facciamo i nostri
2208 2344 3141 2393 rappresentante 11 Comitato francese, disse po¬
187 2347 315 2404 pato¬
323 2353 1265 2398 possa leggerlo con vivo interesse; ma non
1266 2376 1540 2444 vivi auguri.
2190 2380 3112 2447 che parole di saluto vivamente applandito.
179 2392 312 2441 nero¬
306 2385 1259 2460 possiamo riconoscergli quelle qualità che fan¬
2226 2419 3150 2481 La presidenza viene cost costitulta: presi¬
308 2430 807 2491 no il successo teatrale.
2202 2456 3151 2509 dente, per acclamazione, Falchi di Roma;
359 2446 1244 2519 Questo fu auche il parere de.l’uditorio, che
1256 2436 2189 2552 Linauguraz. dell'Esposizione di Belle Arti
2196 2491 3145 2554 Nicola De Rienzi di Napoli, vice-presidente;
176 2499 312 2557 lizio.
323 2502 1256 2557 decretó la enduta di & Monsignore“, malgra¬
2202 2529 3149 2592 Fano di Parma e Zulli di Palermo, segretari.
188 2547 314 2603 erina
1433 2529 2002 2611 al Circolo degli Artisti.
327 2548 1258 2601 do la valentia di Ugo Piperno, della Barach
2290 2579 3162 2633 La commedin d’un giornalista
315 2583 1257 2658 e della Piperno, che recitarono l'atto di Cla¬
1297 2582 2191 2650 leri, alle ore 15, con l’intervento della
2887 2624 3159 2680 e egrata i1
2197 2627 2793 2695 acclamata # Padorn —
1253 2642 2187 2699 Principessa Lactitia, ricevuta dal cav. avvo¬
187 2669 326 2733 io.
2213 2655 3160 2732 nostro corrispondente da I’ADOVA, in data
474 2663 1092 2737 LE ULTINE MASCHERE.
1258 2687 2187 2735 cato G. Lavini, presidente, dall’avv. Arba¬
210 2706 320 2770 acid
2198 2712 2509 2765 15 dicembre:
1271 2722 2187 2764 rello, segretario, e dal pittore Carutti, consi¬
355 2708 1251 2784 Orlesto é un dramma di Arturo Schmitzler,
2243 2719 3156 2792 Stasera, al teatro Garlbaldi, la Compagnia
1266 2762 2195 2809 gliere, fu inaugurata la consueta Esposizio¬
306 2782 1250 2836 autore di un & Intermezzo, che su queste
2207 2786 3161 2845 Benini rappresento & ba gran causa ,, com¬
1272 2801 2194 2856 ne promossa dalla Società d’incoraggiamento
322 2808 1248 2857 stesse scene non ehbe fortuna tempo addietro.
2198 2835 3176 2878 snedia del giornalista veneziano Attilio Schia¬
1267 2840 2106 2891 delle belle arti al Circolo degli artisti.
348 2854 1257 2894 La fortuna non fu piu propizia al dramma
198 2866 316 2935 dala
2218 2868 3096 2918 voni. La commedian ebbe esito lusinghiero.
1300 2869 2205 2942 E la festa quasi famigliare, ma resa pin
330 2881 1276 2952 di ieri sera, che si svolge nel fetro ambiente
2218 2900 3180 2957 furono numerose chinmate agli artisti ed al¬
1265 2916 2115 2969 animata del consueto dalla ricorrenza
2107 2925 2189 2981 del
312 2926 687 2983 di un ospedale.
2205 2951 2404 3014 Tautore.
184 2953 284 3008 sta.
1260 2956 2203 3020 cinquantenario della fondazione della Societä.
401 2941 1262 3009 protagonista 6 Rademacher, un giorna¬
190 2985 312 3044 isera
2308 2986 3098 3065 giro di confarenze di Guglielmo Ferrero
1276 3007 2205 3060 si svolse fra notevole affluenza di socie di
325 3004 1254 3057 lista ridottosi a morire all’ospedale, forse per
185 3029 325 3084 asare
1272 3043 2212 3091 invitati, fra cmi notammo il comm. Davide
327 3050 1256 3105 onestà, forse per non aver saputo essere ab¬
2497 3041 2851 3108 nagli Statl Unii.
187 3073 320 3127 ia di
1275 3085 2215 3143 Calandra, presidente del Circolo; il profes¬
322 3086 1253 3139 bastanza furbo, fors’anche per predostinazio¬
2251 3072 3155 3146 Telegrammi giunti da NEW-YORK rechno
1273 3127 2189 3172 sore Piero Giacosa, presidente dell Accade¬
322 3127 1255 3195 ne. Ma prima di morire egli sente il bisogno
2204 3129 3146 3184 che Guglielme Ferrero, dopo una settimana
240 3157 304 3197 un
1255 3167 2192 3210 mia Albertina; il comm. Barisone, intendente
327 3167 1110 3222 di vendicarsi, di slogarsi finalmente.
2212 3172 3158 3229 di conferenze a Roston, e dopo una settima¬
186 3185 328 3260 dico-
1272 3203 2187 3245 di finanza; il prof. Giacomo Grosso; il rot¬
356 3202 1260 3254 Ed ottiere di poter parlare un'ultima volta
2203 3208 3163 3268 na di permanenza a Washington presso i1
1265 3240 2192 3300 tore dell' Università prof. Camerano e molti
308 3246 1254 3308 col celebre pocta Weigasth, al quale ha tante
2209 3244 3167 3300 presidente Roosevelt e Tambasciatore italiano
173 3262 310 3331 to un
327 3287 1258 3334 cose da rimproverare, da rinfacciare, da far
2196 3284 3152 3350 Mavor, ove ebbe accoglienze festose, tenne
179 3314 316 3372 cadu¬
1293 3321 2197 3374 La Mostra fu assai apprezzata, e bene pud
321 3320 1272 3390 sdontare. Al riccoe glorioso pocta che vive
2211 3332 3160 3385 ieri, 15 corrente, a New-York, una prima
1262 3360 2199 3407 definirsi una fra le migliori di questi ultimi
327 3369 1254 3413 felice, mentre egli muore cosi miseramente,
2204 3377 3045 3420 conferenzs destande grande entusiasmo.
1269 3406 2202 3454 anni, malgrado Tastensione forzata di alcuni
320 3406 1253 3462 prepara una sorpresa che gli fard assaporare
2233 3403 3140 3462 La colonis italiana a Boston diede al
166 3443 277 3494 t1.
1267 3452 2194 3489 artisti, eni certo ferveva i: cnore il vivo de¬
330 3447 1144 3503 tutte le ebbrezze divine della vendetta.
2214 3437 3147 3499 coniugi Ferrero un pranzo di 200 coperti. La
173 3480 327 3532 0; ma
1273 3486 2191 3539 siderio di inviare un segno visibile del loro
357 3475 1264 3540 Egli urlerà in faccia al poeta tutte le bas¬
2216 3490 3149 3542 signora Perrere-Lombroso inaugurd con una
181 3522 322 3571 dave¬
1277 3515 2210 3575 walore, un segno che fosse come ein consen¬
322 3527 1262 3569 sezze. tutte le vigliaccherie à prezzo delle qua¬
2208 3525 3155 3594 conferenza i lavori italiani femminili a Bo¬
192 3563 323 3618 2zan0
1278 3557 2200 3614 timento ed un augurio, e non poterono larlo
333 3568 1264 3617 li si conquisto fama e quattrini; ma gli avve¬
2206 3574 2333 3623 ston.
1273 3607 2200 3656 o per motivi di salute o per trovarsi sopraf¬
2352 3578 2629 3656 —
328 3598 1268 3661 lenerà l’esistenza dicendogli che egli, Rade¬
201 3621 317 3701 dopo
325 3652 1254 3694 macher, fu per due anni l'amante della mo¬
2333 3640 3070 3720 Vedi continunzione a pagina 6.
1275 3678 1751 3736 urgenti ad un tempo.
203 3679 324 3744 abbin
335 3691 1264 3737 glie di lui.,, In ques o pensiero il moribondo
1306 3703 2204 3780 Cosl notammo T'assenza del conte Corsi.
229 3724 328 3787 sul
334 3735 1274 3776 trova forze ed energie inattese... Ma quundo
2426 3701 2757 3802 W
2663 3732 2886 3807 Se,
327 3762 1258 3804 Weigasth gli sta di fronte ogni proposito di
1274 3762 2212 3817 decano fra gli espositorj, e fra essi uno dei
195 3779 325 3856 della
1271 3814 2211 3861 pill assidui (a lui l’augurio di una completa
342 3799 1267 3851 vendetta cade ed il colloquio diventa un tri¬
2245 3795 3161 3873 Siahiaro" spegnera
334 3836 1089 3900 ste e melanconico saluto supremo.
1271 3844 2202 3902 guarigione), quelle di Marco Calderini. di
175 3841 338 3910 nediei
2219 3847 2722 3919 nel hacio del Siguore 1
373 3879 1269 3926 La macchietta di un attore, malato anch’es¬
1281 3871 2208 3936 Vittorio Avondo. di Paolo Gaidano, di Loo¬
2550 3893 2780 3950 SVATIETA VI
1270 3926 2214 3976 nardo Bistolfi, di Davide Calandra, di Pie¬
348 3924 1268 3977 so, posto a flanco del giornalista, mette qual¬
185 3908 334 3982 atanto
2246 3913 3120 3991 Pref. Gar. Macaan GEsmTE
1276 3961 2220 4018 tro Canonica, di Luigi Pelli, del Rubino, del
352 3967 1268 4012 che Ince, non lieta perd né vivida, nel gri¬
194 3969 335 4029 quello
2363 3979 3005 4036 Dottero in filosefla e lettere
339 3994 1268 4055 giore del quadro che all’uditorio di ieri gern
1267 4001 2218 4063 Reduzzi e d’altri e d’altri ancora, specialmen¬
200 4012 335 4069 certo
2242 4029 3113 4080 Dirottore Senole Municinali di Torino.
330 4042 1698 4100 non piacque troppo, fors'anche perché il con¬ te fra gli scultori.
2342 4065 3130 4123 iglie Liis4 velova FEA e. VIVINA, cor
2246 4077 2317 4121 Le
332 4078 1270 4134 cctto fondamentale parve alquanto involuto e
1298 4057 2194 4142 Figura invece ancora il povero Deileani (o
2220 4104 3153 4157 parenti #utfi, cel engre in isc hiento, no danno
334 4123 1270 4176 nebbioso, e perché lascia come un senso di
177 4096 340 4167 timo
1279 4111 2197 4174 rivive nel rapido e forte ritratto dipinto in
2221 4150 3143 4192 il deloresiselme angemgioe ringraziano antici¬
242 4155 454 4195 none inesr
