3344 4352
1492 234 1963 327 box 34/7
235 236 1366 345 8. Die letzten Masken
1959 1339 2071 1425 —
1852 1423 3003 1499 verstärkt, sich selbst steigernd. Hier ließ man die Dichtung
825 1433 1828 1549 5# Feuilleton. e
1851 1455 3000 1549 der Theaterbequemlichkeit zu liebe fallen und, vielleicht weil
1853 1492 2995 1583 sie am dankbarsten und leichtesten zu spielen sind, hatte
1056 1501 1480 1596 Neues Theater.
1859 1542 2994 1624 man sich das dritte und vierte Stück herausgesucht. So gab
1846 1588 2763 1659 man ex abrupto die „Letzten Masken“;
691 1567 1111 1654 Die letzten Masken.
1184 1575 1837 1668 Literatur. — Der Dieb. — Der
2764 1602 2989 1658 sie fallen
1841 1610 2986 1697 angesichts des Todes. Ins Spital an sein Sterbelager
1028 1629 1502 1698 gemütliche Kommissär.“
1849 1656 2993 1739 läßt ein Armer und Elender den einstigen Freund rufen.
784 1667 1832 1744 Der Abend (Samstag), im „Neuen Theater“ der zu
1837 1697 2990 1765 Er ist in journalistischer' Frohn verkümmert; den an¬
679 1710 1827 1782 besserer und guter Unterhaltung zusammengestellt war, be¬
1849 1730 2986 1815 deren sonnt leichtlich errungener Schriftstellerruhm. Drum
694 1757 1834 1825 gann mit einem Einakter von Schnitzler. Schnitzler hat in
1848 1773 2976 1856 haßt ihn der Todkranke; daß er ihn hassen, verachten darf,
684 1791 1825 1862 der Wienerstadt, in einer engen, liebewarmen Welt vir¬
1854 1815 2977 1894 will er dem Glücklichen sagen. Wie er das sagen will,
694 1842 1828 1903 tuos begonnen. Anmut umso bestrickender als sie nicht
1847 1854 2978 1927 „probt“ er erst mit einem Gefährten, dem schwindsüchtigen
688 1865 1826 1931 ein der Art unserer Schriftsteller liegt, und die süße Melan¬
1842 1894 2982 1977 Komiker, dem Nachbarn in der Spital= und bald in der To¬
692 1918 1826 1984 cholie der Wollust wie das Bourget nennt, lebte und webte
1840 1936 2979 1995 tenkammer. Als der Schriftsteller kommt und von seinen
686 1954 1824 2016 in seinen Theaterskizzen. Die „Liebelei“ war von dem
1843 1970 2977 2035 platten, kleinen Kümmernissen und Aengsten spricht, da fällt
694 1993 1827 2061 Schlag, doch schon Aus= und Einblick in tiefere Menschlich¬
1840 2018 2969 2092 vor dem brechenden Auge des Anderen die Maske und er
686 2031 1833 2101 keit. Von den „Anatol“stücken, die mit so viel Charme und kul¬
1848 2049 2977 2132 sieht die armselige Menschlichkeit, die am Leben zu grunde
694 2076 1825 2138 tivierter Sinnlichkeit vom Menschen= und Liebesleben kon¬
1843 2096 2973 2174 geht, am Erfolg oder Mißerfolg, im leeren Glanz oder in
687 2116 1821 2166 versieren, befreite er sich in dem großen Auflachen des
1840 2130 2976 2200 dunkler Kammer. Er stirbt. Aber der Schauspieler treibt
687 2159 1809 2222 „Reigens“, der „das meiste über das meiste sagt.“ In
1844 2169 2985 2254 seine Studien im Spital weiter und der Schriftsteller fand
683 2197 1822 2260 dem „Grünen Kakadu“ und den dazu gehörigen zwei Akten,
1843 2209 2977 2302 den Besuch interessant. Die tiefste Seelenbewegung hat
681 2231 1821 2286 die ja hier auch gegeben worden sind, hatte Schnitzler schon
1836 2250 2977 2333 Schnitzler in die Handlung gedichtet und um die Tragik pein¬
686 2274 1810 2338 eine größere Welt gewonnen, mit gereifter Kraft und
1832 2286 2973 2378 licher Erdenreste spielt überlegener Humor. Herr Eckel¬
677 2319 1815 2365 großen, zukunftsträchtigen Willen, zog er vom verschleier¬
1829 2332 2977 2388 mann traf den Journalisten im Charakter, Herr Kal¬
683 2352 1821 2416 ten Bild den geheimnisvollen „Schleier der Beatrice“; dies
1834 2367 2970 2447 lenberger versuchte sich an der tragikomischen Figur
685 2387 1825 2458 Schauspiel von Weibeswelt= und =Räthsel scheint unserer
1831 2401 2959 2481 des Schauspielers mit halbem Gelingen, Herr Jaco bi
682 2419 1826 2495 Bühne von ihrer Leitung nicht beschieden, wenn es auch die
1838 2446 2969 2530 hatte für den Schriftsteller und Phraseur einen passenden,
691 2469 1827 2517 Aufführung so wohl verdiente, als die letzten Werke Su¬
1833 2488 2958 2563 und gezierten Ton. Tieferen Eindrucks fähig war die Dar¬
677 2514 1828 2576 dermanns, des Theatertemperaments, und auch Hauptmanns,
1823 2531 2975 2599 stellung nicht, deren Intimität auch in dem Saale gar
671 2544 2122 2601 —des Fein= und Vielseitigen. Neben ihnen steht, immer Künst=] leicht vergeht.
671 2581 1822 2649 ler und oft Dichter, Schnitzler; das Problem seinereige
1943 2594 2676 2683 u S
685 2626 1815 2681 nen Art und Genessen zu deuten. hat ihn gereist und die
676 2653 1261 2720 „Lebendigen Stunden“
1329 2666 1427 2726 eschaff
1513 2671 1824 2739 In dem ersten
667 2703 1812 2757 Stück, von dem die vier Einakter den sie begreifenden Na¬
680 2742 1802 2808 men haben, sagt ein junger Dichter: „Lebendige Stunden“?
682 2778 1511 2842 Sie leben doch nicht länger, als der Letzte
1584 2797 1820 2856 r sich ihrer
698 2817 765 2849 B#r
735 2815 1801 2897 #tt. Es, ist nicht der schlechteste Beruf, solchen Stun¬
793 2856 1642 2918 Dauer zu verleihen, über ihre Zeule hmaus
695 2896 1829 2962 ist der schwerste. Denn der Künstler der die fliehende Stundt
697 2943 1779 2991 „für ewig belebt, lebt die Stunde nicht. Er beobachtet sie,
706 2985 1758 3050 und das Leben wird ihm zum Probtem, Objekt, O#
795 3016 903 3071 Kunist
969 3013 1046 3065 Dies
700 3017 771 3066 der
1105 3017 1725 3069 ragik des Künstlerseins vereins
699 3062 1693 3117 vier Einakter Schnitzlers zu einem Drama. Zuerst ##
701 3092 1809 3150 These aufgestellt und recht verständlich genmicht; dann wir
697 3139 810 3195 geze
1202 3131 1826 3196 ##, der das Leben zu meister
708 3181 1822 3226 meint, ihm entfremdet und sein Herr wird, und der keine
701 3220 1824 3270 schwache ihm unterliegt. Und weil, wie Stockmann jagt, a#f
695 3258 1831 3308 gemeine Wahrheiten nie länger existieren als zwanzig un
693 3305 1818 3349 dreißig Jahre, so repetiert das Schlußspiel seines Dichter
690 3338 1806 3391 Kunstauffassung mit recht vergnüglicher Ironie den ein
701 3376 1798 3424 Ernst parodieren in einer aktuellen Satire. Die Ein#e
701 3417 1808 3474 (Lebendige Stunden Die Frau mit dem Dolche, Die letzre
690 3451 1794 3498 Masken, Literatur.) sind vom Dichter aneinandergeschlosse
691 3489 1833 3564 und wachsen an einander durch den gemeinsamen Sinze
