3392 4352
1540 182 1984 269 box 34/7
1057 196 1118 263 M.
269 202 1375 306 8. Die letzten Lasken
2333 1133 2779 1222 Telephon 12801.
929 1137 988 1227 74
510 1197 1532 1303 Telephon 12801
284 1239 424 1309 „
1946 1216 3169 1317 Alex. Weigl’s Unternehmen für Zeitungs-Ausschnitte
2896 1288 3120 1359 Ausscanitt
445 1309 1674 1392 Alex. Weigl’s Unternehmen für Zeitungs-Aussohnitte
2958 1334 3229 1442 Nr. 57
2215 1313 2879 1451 „OBSERVER
682 1372 1612 1515 „OBSERVER“
1833 1443 3289 1510 I. österr. behördl. conc. Bureau für Zeitungsberichte u. Personalnachrichten
1319 1427 1733 1524 1 Nr. 50
2108 1496 3040 1580 Wien, I., Concondiaplatz 4.
336 1510 1792 1585 L. #etard berde conc. Bareau für Zeitungsberichte u. Personalnachrichton
1850 1545 3284 1623 Vertretungen in Berlin, Budapest, Chicago, Genf, London, Newyork, Paris, Rom,
607 1577 1538 1660 Wien, I., Concondiaplatz 4.
2220 1616 2922 1676 Stockholm, Kristiania, St. Petersburg.
343 1638 1789 1723 Vertretungen in Berlin, Budapest, Chicago, Genf, London, Newyork, Paris, Hom,
690 1691 1417 1754 Stockholm, Kristiania, St. Petersburg.
1851 1716 3186 1821 Ausschnitt aus: Fklanzherold, Frankfürt aw.
335 1786 1638 1893 Ausschnitt aus: Eästhnor Nencste Fachrichtm
1855 1880 2464 1981 vom: 400
348 1956 923 2046 vom: 77700
2893 2044 2986 2106 im
2008 2072 2975 2185 Verlauf des Abends lernten wir noch eine unerqdick¬
1994 2132 2977 2216 liche Spitalscene kennen aus Arthur Schnitzlers
2017 2165 2994 2264 „Lebendige Stunden“, die bereits an verschiedenen
2011 2222 2991 2301 Bühnen gegeben und öfters in den Tagesblättern be¬
567 2216 1485 2297 H. Frankfurter Schauspielhaus. Aus dem Einalter¬
2025 2253 2997 2337 sprochen wurden. Gespielt wurde die tief beobachtete
537 2284 1483 2338 zyklus „Lebendige Stunden“ von Schnitzler hat Herr
2016 2291 3000 2383 und stimmungsvolle Studie sehr gut von den Herren
532 2319 1471 2382 Intendant Claar nur die Szenen „Die letzten Masten“
2023 2328 3000 2410 Diegelmann, Bayerhammer, Pfeil,
542 2373 1485 2415 und „Literatur“ hier zur ersten Aufführung gebracht
2021 2367 3002 2458 A. Meyer, Marlitz und Frl. Klinkhammer.
536 2400 1488 2448 und zur Ergänzung des Abends dezu die Uraufführung
2015 2409 3008 2488 Solche Stimmung scheint aber auch nur einem kleinen
530 2454 1486 2493 eines Einakters von dem englischen Schriftsteller Bernhard
2031 2445 3012 2534 Theil des Publikums zu bebagen, während die kleine
533 2480 1490 2551 Shaw gegeben. Das Stück heißt „Der Schlachten¬
2023 2473 3006 2579 Satyre „Literatur“ von demselben Verfasser, dank ihres
530 2518 1493 2568 lenker, hat Napoleon den Großen zum Mittelpunkt, ist
2028 2518 3011 2626 flotten witzigen Dialogs und des zeitgemässen Vorwurfs,
541 2561 1497 2607 ohm Handlung und ohne Charakterisierungsvermögen
2028 2565 3003 2656 einen guten Heiterkeitserfolg hatte. Herr Bauer
535 2601 1495 2644 geschrieben, behnt sich in endloser Breite und wurde vom
2027 2602 3011 2693 gab vortrefflich in Haltung und Sprache den gewisser¬
542 2644 1493 2686 Puhlikum wenig freundlichaufgenommen. Leider schadete
2032 2627 3017 2720 maassen bornirten adligen „Pferdemenschen“ wieder
530 2672 1491 2738 dieser durch den Engländer heraufbeschworene Unmut
1992 2682 3043 2758 Scn.d Fräulein Irmen (Margarethe) war ihm eine vor¬
537 2721 1489 2763 des Publikums auch der prächtigen Studie Schnitzlers, an
1871 2716 1979 2784 Für
1979 2698 3280 2801 100zügliche Partnerin. Herr Bolz, der den früheren !.— inclusive
3096 2750 3251 2795 Porto.
531 2754 1574 2811 dessen „letzten Masken“ man sich durch heftiges Zischen15.—
1592 2768 1778 2838 inolusie
1976 2758 3058 2843 200 Liebhaber der Margarethe gab, trifft den Ton seiner,
3080 2784 3271 2837 Zahlbar
357 2774 473 2851 Für
545 2791 1567 2850 direkt verging. Einen starken Erfolg hatte dagegen des##
1585 2817 1742 2868 Porto.
1979 2803 3031 2880 900 Rollen immer mit der grössten Sicherheit. Diese drei,
458 2806 1129 2892 10 Dichters „Literatur" zu verzeichnen.
1437 2838 1562 2896 50.—
1963 2826 3311 2922 1000im Bunde sicherten dem kleinen Stück, das von lau¬, im Voraus.
1591 2853 1770 2907 Zahlbar
461 2866 543 2908 200
578 2876 997 2934 V Stannn
1427 2881 1565 2929 110.—
1582 2884 1807 2960 im Voraus.
460 2903 565 2949 500
1996 2874 3022 2972 ##nigen, treffenden Worten wimmelt, eine ungemein leb¬
1417 2919 1567 2972 200.—
1883 2888 3313 3014 Abonnemchafte und graziöse Wiedergabe. Ihnen verdankt zum Schitte ist das
2946 2918 3330 2995 ##ich steht es den
441 2941 582 3000 1000
488 2953 1818 3039 Im Gegensatze zu anderen Bureaux für Zeitungsausschnitte ist das
2973 2965 3206 3041 In ändern.
1889 2967 2890 3054 Abonnentglossen Theil das kleine Opus seinen Erfolg.
1445 2987 1830 3062 auch sicht es den
379 3030 1412 3077 Abonnement durch keine bestimmte Zeitdauer begrenzt;
373 3044 1701 3124 Abonnenten frei die autgegebenen Themen zu ergänzen oder zu ändern.
2016 3042 3328 3141 Der „OBSERVER“ verrnstdiret täglich einen Auszug enthaltend die
1884 3124 3323 3181 Innaltsangabe aller wichtigen Mittheilungen der Wiener Mergen¬
506 3102 1815 3202 Der „OBSERVER“ veranstaltet täglich einen Auszug enthaltend die
1888 3136 3324 3230 blätter (Tagesjonrnale ausser „Neue Freie Presse“ und „Wiener Zeitung“)
361 3178 1809 3239 Inkaltsangabe aller wichtigen Mittheilungen der Wiener Morgon¬
1901 3177 3326 3258 wodurch eine Uebersicht übel das gesammte politische und wirthschaftliche
379 3204 1801 3287 blitter (Tagesjourunle ausser „Neue Freie P’resse“ und „Wiener Zeitung")
1895 3208 3340 3299 Leben des In- und Auslandes in drastischer Kürze geboten wird. Diese Mit¬
381 3246 1819 3321 wodurch eine Uebersicut über das gesammte politische und wirtbschaftliche
1919 3268 2925 3344 thellungen werden in Wien um 9 Uhr Früh verschickt.
370 3286 1813 3346 Leben des In- und Auslandes in drastischer Kürze geboten wird. Diese Mit¬
374 3343 1419 3410 thulungen werden in Wien um 9 Uhr Früh verschiekt.
2225 3354 2987 3443 Prospecte gnatis und fnanco.
710 3424 1496 3499 Prospecte gnatis und fnanco.
