3344 4352
895 572 2936 629 Abendblatt der Neu-Yorker Staats-ZeitungMlittmoch, den 30. Pktober 1907.
2362 630 2411 676 1
1541 661 2302 744 Das hat der Schnitzler allerliebst gemacht
237 669 1434 780 Ein wichtiges Vorgefecht.
1547 718 2298 787 und höchst graziös durchgeführt; dazu hat
2313 668 2954 825 Wall Street
1554 764 2301 840 Direktor Baumfeld einen stilgemäßen
1554 807 2312 887 Rahmen geliefert und verschwenderisch
152 811 1540 882 In ein paar Tagen werden die freien Bürger der Republik, und der Stadt New
1563 861 2297 925 schöne Kostüme (Prachtwerke von Prof.
89 850 1558 934 York im Speziellen, an die Wahlurne treten und durch ihren Stimmzettel kundthun,
2534 813 3036 962 zufrieden.
1554 906 2307 974 Leffler in Wien entworfen und von der
93 915 1552 972 ven sie zu ihren County=Beamten, ihren Richtern, ihren Gesetzgebern haben wollen.
1562 946 2316 1034 österr. Kostümgesellschaft hergestellt); dazu
88 963 1549 1039 Theoretisch ein wunderbar idealer Gedanke, sich durch das allgemeine Stimmrecht
1554 1004 2310 1068 haben sich fast alle Kräfte des Ensembles
101 1016 1525 1084 — das zu erringen in Europa Völker ihr Gut und Blut in die Schanze schlagen —
1561 1061 2307 1127 mit ihren besten Leistungen eingefunden:
86 1061 1547 1137 eine Diener, die Diener des Volkes, zu bestimmen! Aber in der nackten nüchternen
2417 975 2925 1151 Lage gebessert.
1552 1103 2300 1175 Hedwig Reicher als Marquise von einer
94 1107 556 1178 Praxis kommt es anders.
1552 1152 2295 1217 prickelnden, hinreißenden Perversität, ge¬
143 1153 1549 1229 In der Praxis zeigt es sich, daß diese am fünften November zu entscheidende
1562 1208 2285 1257 niale Décadence; Ernst Sauermann
82 1187 1548 1275 Wahl, die von der größten Wichtigkeit ist, schon deshalb, weil es keine wichtigeren
2303 1138 3032 1294 Goldimkort und Waaren¬
1549 1239 2293 1312 in seiner bewußten Theatralik unwider¬
86 1250 1549 1320 Beamten für die Freiheit des Volkes giebt als die Richter und die Gesetz¬
1563 1295 2306 1353 stehlich komisch; August Weigert der
89 1303 1553 1369 eber, dem Gros des Volkes ziemlich schnuppe ist. Der Klimbim, das Panem et
2342 1289 2995 1419 Export üben günstigen
1561 1349 2307 1422 hohle Phantast, eine vorzügliche Leistung;
79 1355 1545 1422 ircenses“, das Feuerwerk, die Raketen, die Musik der „Little German Band“ fehlen
1558 1402 2296 1463 Otto Collot in der Rolle des Wirthes
85 1401 1554 1465 1 und die Aussicht, durch die zu erwählenden Kandidaten in Form von fetten Pöst¬
1561 1443 2294 1509 sehr anerkennenswerth. Und über alledem:
2525 1355 2878 1522 influß aus.
75 1451 1557 1525 en und dergleichen viel für die eigene Tasche profitiren zu können. Das „Voll“
1562 1496 2298 1567 steht Heinrich Marlow als Regisseur;
76 1497 1553 1571 vill nun einmal durch Cirkusclowns — heißen sie nun Demagogen oder „Volks¬
1561 1537 2300 1613 lebendige Bühnenbilder, heißpulsirende
80 1545 1541 1630 ribun“ — erst dazu animirt werden, sich die Privilegien zu Nutze zu machen, über
2371 1552 2953 1653 Banken erholen sich.
1544 1580 2297 1655 Leidenschaft in den realistischen Volks¬
97 1600 1455 1649 eren Manges es 364 Tage im Jahre am ungeeignetesten Platze schwadronirt.
1551 1637 2297 1693 gruppen, abgetönte Details, die sich zu
136 1650 1547 1706 Aber auch aus anderen Gründen wie die, welche die Wichtigkeit der zu besetzenden
1547 1689 2280 1750 einer unbeschreiblich tiefen Gesammtwir¬
2284 1672 3045 1767 Bankbeamte resigniren. — Morse's
70 1686 1539 1761 lemter bedeuten, ist die Wahl des 5. November als eine außergewöhnliche zu betrach¬
1559 1737 2280 1806 kung vereinen. „Elementar“, das ist wohl
2298 1744 3031 1821 verunglückts Spekulation. — Deposi¬
76 1743 1542 1820 ken. Die demokratische Partei von New York muß in dieser Wahl eine Gelegenheit
1561 1784 2289 1854 die treffendste Bezeichnung für den Ein¬
76 1786 1549 1854 ehen, das vor einem Jahre begonnene Werk zu krönen und, wie Herman Ridder
2300 1800 3024 1879 toren konzen bedrängtem Institute
1552 1836 2140 1898 druck des eigenartigen Werkes ..
2153 1830 2292 1903 .. ele¬
94 1853 1542 1904 estern in der Massenversammlung der Citizens' Independent Democracy sagte, die
2540 1855 2780 1941 entgegen.
1542 1883 2027 1950 mentar bis zur Hysterie!
91 1891 1562 1968 etzte Spur von Hearstismus zu vernichten. Die Spur jener von Zeit zu Zeit in
1590 1924 2295 2001 Aufgewacht, liebes verehrtes Publikum,
96 1945 1554 2004 er amerikanischen Politik sich breit machenden Erscheinung eines Demagogen, der
2309 1948 3050 2045 Die Fiffanzsituation hat sich bereits
1551 1985 2289 2052 aufgewacht! Geh und schau Dir das an,
93 1998 1547 2070 ilt Hülfe seines Checkbuchs sich Amt und Ehre und Volksgunst zu erwerben trachtet,
2294 2015 3044 2082 wieder so febessert, daß im Geschäfte das
1550 2032 2277 2101 denn New York hat sonst nichts dergleichen
154 2054 1540 2111 „Im politischen Leben Ameritas,“ sprach der Redner, „hat es keine unheilvollere
2286 2048 3052 2121 Gefühl des Unsicherheit wieder fast völlig
1555 2078 1812 2137 aufzuwarten.
75 2086 1554 2141 Persönlichkeit gegeben, seitdem Aaron Burr's verrätherische Carrière endete, als
2287 2112 3038 2161 geschwundch ist und in Wall Str. ist man
1590 2092 2278 2187 Es gab außerdem noch zwei andere
80 2139 1546 2194 earst. Er wurde vom Volke nicht allein zurückgewiesen als Kandidat für das
2291 2138 3042 2206 mit der Lage sehr zufrieden. Die Nach¬
1554 2146 2285 2232 Einakter von Arthur Schnitzler, allein die¬
80 2177 1544 2238 rhabene Amt des Gouverneurs, sondern es verlangte gleichzeitig, daß er von den
2289 2181 3038 2241 wehen des Krisis sind natürlich nun im
1560 2214 2288 2286 ser eine, dieser „Grüne Kakadu“, ist schon
93 2217 1544 2280 Berathungen der Partei ausscheide. Den Mann, dessen Waffen der Todtschläger
2289 2227 3045 2282 ganzen Lände mehr oder minder fühlbar,
86 2256 1550 2318 ud das Checkbuch gewesen, wies das Volk zurück. Trotz dieser vernichtenden Lektion
1561 2270 2277 2328 den Abend werth. Der Schnitzler ist
2287 2278 3035 2336 aber es Furden überall Schritte gethan,
92 2303 1543 2362 ietet der Hearstismus wiederum den anständigen Wählern dieses Gemeinwesens einen
2286 2308 3039 2365 drohenden Katastrophen vorzubeugen. Die
1550 2313 2275 2374 eigentlich praktischer Arzi und so hat er
79 2347 1540 2405 Kampf an. Das ist eine goldene Gelegenheit, die letzte Spur von Hearstismus zu
2291 2355 3037 2410 Regierunghilfe und der angekündigte
1549 2361 2285 2419 auch einen Einakter geschrieben, der im
86 2393 1550 2466 ernichten. Je größer jetzt die Majorität gegen Hearst, umso besser für die demo¬
2296 2396 3039 2441 Import In 820,000,000 in Gold tragen
1549 2403 2283 2472 Hospital spielt — ein unerquicklicher Platz,
82 2426 377 2499 ratische Partei.“
2299 2428 3042 2500 sehr viel zur allgemeinen Beruhigung bei.
1551 2450 2276 2508 ein unerquickliches Thema. ein unerquick¬
2287 2474 3054 2534 Die Haußsache aber ist das Zurückkehren
131 2468 1549 2542 Und nocheine Bedeutung, die größte, hat die Wahl des kommenden Dinstags.
1549 2507 2288 2579 liches Stück. Das Wurmstichige! Es
2293 2511 3051 2581 des Vertiauens des Publikums, welches
81 2509 1542 2596 Sie ist das Vorspiel zu dem nationalen Waffengang, durch den es zum Austrag
1560 2553 2258 2606 mag Leute geben, die so etwas mögen —
2276 2554 3040 2618 großentheit gezogene Gelder wieder depo¬
76 2577 1552 2648 ebracht werden muß, ob die Trusts auch fernerhin durch den Hoch=Schutzzoll berechtigt
1545 2603 2281 2675 ich nicht. Zwei langsam sterbende Lun¬
2279 2602 3050 2669 nirt. Dersgewaltige amerikanische Export,
82 2635 1554 2701 kein sollen, vom Publikum unmäßig hohen Tribut zu erheben. In seiner Rede führte
2296 2649 3032 2710 hauptsächlh von Baumwolle und Ge¬
1550 2653 2278 2704 genkranke .. .. erst hustet der Sauermann
80 2671 1552 2759 Herr Ridder aus, daß die demokratische Partei seit 1860 nur zweimal gesiegt habe,
2289 2691 3040 2747 treide, bestrkt auch das Gefühl der finan¬
1547 2697 2285 2770 etwas, dann hüstelt der Burg etwas (na¬
2286 2719 3042 2786 ziellen Sicherheit, denn es ist ein bedeu¬
82 2732 1561 2817 884 und 1892, und beide Male auf Grund des Prinzips der Tarifreform. Unter
1553 2748 2284 2819 türlich meisterhaft wie bei Euzen Burg
2288 2777 3019 2854 tender Bilsnz=Ueberschuß des auswärtigen
82 2781 1553 2841 iesem Panier hätten sich ihr damals auch die von Jahr zu Jahr wachsende Schaar
1551 2799 2287 2852 selbstverständlich) und schließlich ... hustet
2293 2818 2692 2886 Handels zu erwarten.
85 2835 1544 2905 nabhängiger Wähler zugewandt, welche nicht nach Parteinamen fragen, sondern sich
1542 2842 2291 2922 das Publikum dem Dichter was. Wie
2326 2852 3019 2914 Gouvernur Chamberlain von Oregon
79 2882 1160 2953 ahin wenden, wo sie das Interesse des Volkes verfolgt fänden.
1548 2892 2196 2965 gesagt — ich mag die Sorte nicht.
2284 2895 3020 2951 ist dem Bispiele des Gouverneurs ven
135 2928 1556 2997 „Ich kenne,“ sprach der Redner gestern, „kein Prinzip, das echter demokratisch
2289 2944 3022 2997 Oklahoma gefolgt und hat einen Feiertag
1573 2927 2276 3018 Als belustigender Epilog nach dem auf¬
2295 2985 3028 3040 bis 3. Nohember erklärt. Alle Banken
93 2960 1544 3030 st, das geeigneter ist, in seiner Durchführung die großen Massen des Volkes wohl¬
1559 2990 2277 3056 regenden „Kakadu“, als Satyrspiel ein
2289 3027 3029 3079 sind daher ##schlossen und nur die German
88 3027 1542 3083 hätig zu treffen, als die Tarifreform. Ist sie nicht die Krystallisation des Wortes
1555 3043 2276 3101 Lustspiel: „Literatur“. Sehr amüsant;
84 3068 1412 3136 Pefferson's: „Gleiche Rechte für Alle, besondere Privilegien für Niemand“?“
2281 3068 3028 3145 American Bank in Portland machte heute
1538 3095 2271 3161 natürlich auch Wurmstich, aber trotzdem
2290 3111 2486 3180 Geschäfte,
144 3111 1537 3171 „Man reformire den Tarif, gerecht und ehrlich, und diese Monopole, welche
1547 3142 2288 3208 nett, unverschämt nett. Eugen Burg
2477 3129 2850 3214 Jenkins resignirt.
78 3134 1546 3201 Fuhig die stürmischen Angriffe unseres Präsidenten überlebt haben, werden verschwin¬
1544 3190 2285 3245 und August Weigert gaben dieses jecke
77 3197 1541 3257 en, wie eine Krankheit, wenn ihre Ursache behoben ist. Hierbei nöchte ich hervor¬
2319 3176 3015 3263 Frank Jettins, der Präsident der Wil¬
83 3235 1547 3287 eben, daß der Präsident trotz all' seiner, wirklichen oder gemachten, zur Schau getra¬
1555 3234 2278 3310 Stückchen ganz im Schitzler'schen Sinn,
2290 3233 3023 3309 liamsburg Frust Co., welche am Freitag
82 3282 1546 3339 enen Demokratie, niemals unterlassen hat, vor dem Schutzzoll seine Verbeugung
1553 3286 2281 3356 im leichten Plauderion und mit der über
2288 3295 3013 3338 wegen Mantel an Baargeld die Zahlun¬
82 3320 1546 3375 u machen, wenn dies Idol ihm vorgeführt wurde. Während er hier und dort
2282 3336 3015 3396 gen eingestellt hat, und Sekretär W. Ad¬
1553 3333 2273 3404 alle Schlüpfrigkeiten graziös weghüpfen¬
81 3360 1535 3412 inen Trust verdammt und verfolgt hat, ist er nie dem wahrhaften Octopus, dem
2287 3375 3026 3430 dison Field haben gestern als Direktoren
1548 3382 2269 3452 den Nonchalance. Die Damenrolle lag in
89 3406 1542 3452 Erzeuger aller Trusts, dem Schutzzoll zu Leibe gegangen. Sein Interesse an Tarif¬
2284 3420 3022 3477 resignirt und die Resignation von John G.
1547 3429 2270 3486 den schönen, wohlgepflegten Händen der
85 3452 1542 3503 eform ist ein mehr akademisches gewesen. Hätte er seine wunderbare Energie an
2281 3455 2493 3510 Jenkins ist
2497 3447 3023 3515 verlangt worden. Der Di¬
1550 3478 2273 3549 Ella Hofer, die immer noch nicht die
78 3486 1541 3542 er Lösung der Tariffrage wirklich bewährt, er hätte sich auf die Höhe wahrer Staats¬
2285 3484 3016 3555 rektorenrath hat nach der gestrigen Sitzung
93 3532 471 3591 nannschaft gehoben.“
1540 3524 2279 3592 Aufgabe gefunden hat, in der sie ihre
2281 3538 3019 3596 bekannt gegeben, daß die Bank vollständig
1551 3575 2274 3640 Meisterschaft unanfechtbar darthun konnte.
146 3564 1547 3637 „Wenn,“ so schloß der Redner, „in der Nacht des 5. November die Drähte die
2281 3584 3014 3644 solvent ist Hnd nach Beendigung der Un¬
81 3587 1545 3673 berwältigende Niederlage des Hearstismus melden werden, dann wird jeder Demo¬
2286 3626 3032 3685 tersuchungsdurch den Bankprüfer die Er¬
1574 3623 2280 3693 Ein Abend, wie ihn besser unsere deut¬
89 3663 1535 3719 rat in jedem Staate frischen Muth fassen, die Reihen der Demokratie werden ver¬
2278 3663 3017 3732 laubnis zur Wiedereröffnung wieder er¬
1548 3673 2266 3736 sche Bühne selten gehabt und darum: Auf
2274 3701 2647 3755 langt werken wird.
87 3706 1541 3765 särkt werden. Und unsere Gegner werden wissen, daß der erste Kanonenschuß für
1553 3724 2279 3786 nach dem Irving Place. Das Parfüm
90 3746 1533 3817 ie große Schlacht des Jahres 1908 gefallen ist, und daß zum ersten Male seit vielen
2308 3745 3011 3805 Ein Spfcial=KoKmmittee, bestehend aus
1537 3771 2270 3825 von Creosot und Carbol, Patschuli und
82 3783 735 3854 Fahren das Ziel richtig gewesen ist.“
2277 3789 3013 3852 Charles Jerome Edwards, Marshall S.
1539 3820 2273 3882 Alkohol, Stallduft und Lysol ist eine son¬
2276 3818 3017 3894 Driggs, Fred. C. Lemmermann, John
128 3823 1541 3900 Drei große, gewichtige Gründe, weshalb am 5. November jeder Amerikaner,
1549 3871 2267 3924 derbare Zusammenstellung, aber die mo¬
2275 3872 3018 3918 J. Coonch und John W. Weber ist er¬
84 3894 1535 3953 der sein Land lieb hat, dem es daran gelegen ist, daß es mit dem wirthschaftlichen
2280 3914 3011 3972 nannt worden, um den Direktorenrath zu
1541 3911 2277 3984 dernen Geruchsnerven sind für solche Mi¬
70 3935 1534 4000 Alufschwung auch politisch sich auf der Höhe halte, auf der es Jahrzehnte lang Vor¬
2267 3959 3023 4005 vertretenkund die Interessen der Deposi¬
1550 3965 2246 4028 schung recht empfänglich. H. R. H.
75 3988 1556 4063 bild für andere Völker gewesen, der sich nicht zufrieden giebt, mit Raisoniren allein
2241 3994 2947 4071 toren und Aktionäre wahrzunehmen.
69 4038 1552 4088 us der Distanz zu reformiren, dem Pflichtruf folgen und von seinem souveränen
2309 4042 2897 4119 rust Co. of America.
1598 4048 2258 4155 K Heren
75 4080 891 4164 Mecht des Ballots Gehrauch-machenter
2300 4099 3011 4171 Fünfzehn Männer und Bankboten stan¬
2268 4144 3006 4205 den heute Früh 7 Uhr in der Colonial
1539 4152 2270 4213 Abenteuerliche Fahrt eines jungen Ver¬
3018 2801 3238 2867 Administra
3027 2857 3232 2910 hingewiesen
3031 2867 3281 2954 spekulative A
3035 2941 3280 3007 Lohn der Sü
3029 2979 3252 3053 im Leben.“
3062 3017 3289 3082 SanFr
3032 3050 3289 3124 Anrathen der
3025 3104 3292 3164 haben die hie
3021 3147 3273 3205 von den Depe
3024 3194 3274 3246 von 10 bis 9
3024 3228 3280 3295 Finanzkreisen
3022 3276 3275 3331 vorausgesetzt,
3024 3316 3263 3370 Geldmarkte
3025 3356 3184 3417 dürfte.
3065 3393 3278 3455 Olympi
3031 3433 3269 3495 Gouverneur
3025 3481 3272 3544 Feiertag für
3025 3526 3272 3581 erklärt, als
3021 3565 3283 3638 Banken im S
3062 3638 3282 3720 Umgeste
2999 3664 3263 3744 Herren, die
3016 3719 3283 3787 „Und was we
3012 3774 3138 3819 len?“
3019 3775 3281 3870 Würstelst
3016 3842 3283 3933 „Diese „Leute
3023 3897 3131 3965 stel!“
3029 4041 3277 4103 Plywonth
3011 4076 3284 4145 tund traf heut
3021 4106 3273 4158 nach Cherbourg
3041 4135 3283 4186 Brow Hea
3009 4162 3276 4208 raine“ von New
