3344 4352
1508 149 1979 254 box 34/7
251 151 1372 277 8. Die letzten Masken
2644 708 2812 808 Jieft 1
1682 704 1994 782 „Die (Duelle“
882 699 1087 788 Seite 14
1849 827 2843 907 erhalten, man würde Begriffe kennen lernen,
846 825 1851 910 Glücklichen ist in den Armen des Gestrandeten
1853 909 2839 961 Ansichten und Aussprüche hören, daß mon der
845 899 1841 970 gelegen! Der Sieger war eigentlich der Besiegte!
1846 947 2850 1007 Idee, ein Erziehungssystem zum Lesenlernen zu
846 967 1837 1020 Eine letzte Regung von Neid und Haß peitscht
1852 1012 2500 1063 schaffen, nur beipflichten kann.
855 1013 1845 1072 den Kranken auf, dem Nebenbuhler in der letzten
1919 1042 2849 1099 Abgesehen davon, daß die meisten sogenannten
857 1053 1836 1111 Stunde die Wahrheit zu sagen. Aber dann sieht
1851 1101 2850 1169 „Gebildeten“ viel lieber „schöne“ Bücher haben,
840 1098 1844 1173 er ihn wirklich vor sich, den gehetzten Menschen,
2251 1151 2847 1206 ein Laster, von welchem die
848 1154 1838 1211 der täglich für sein bißchen Ruhm zittern muß,
1844 1148 2205 1213 als gute lesen,
1853 1202 2853 1256 ärmeren Klassen aus naheliegenden Gründen ver¬
843 1205 1845 1265 einen armseligen, in tausend Aengsten zitternden
2162 1248 2852 1297 = findet man in allen Ständen
1845 1251 2172 1317 schont bleiben
855 1257 1841 1314 Sklaven des Glückes, und plötzlich erkennt er,
1851 1301 2848 1356 und Kreisen eine derartige Wahllosigkeit im Lesen,
841 1300 1837 1359 wie nichtig und wertlos das bißchen Ruhm,
1858 1343 2847 1406 daß man sich unwillkürlich fragen muß: „Warum
850 1344 1836 1423 Ehre, Erfolg ist. Da schweigt er und läßt den
1849 1397 2853 1458 herrscht gerade auf dem Gebiete der Literatur
842 1403 1844 1463 Nebenbuhler laufen. Vor dem Tode werden so
1847 1443 2851 1513 eine derart erschreckende Unwissenheit?“ Und doch
851 1455 1850 1510 viele Wichtigkeiten zu Nichtigkeiten! Der arme
1854 1493 2843 1569 ist die richtige Antwort nicht schwer zu finden.
855 1492 1839 1563 Journalist im Krankenzimmer schweigt und sein
1919 1544 2846 1615 Wie der geübte Hochtourist erst kleine Wege
864 1558 1709 1628 Schweigen ist ein überlegenes Lächeln ...
1845 1587 2857 1671 unzähligemale gehen muß, um dann führerlos
942 1588 1844 1663 Der Einakter „Literatur“ ist das Ueber¬
1853 1644 2852 1702 einen gefährlichen Pfad beherrschen zu können,
857 1645 1846 1700 mütigste, was Schnitzler je geschrieben hat. Es
1852 1694 2842 1767 ebenso bedarf es auch Anleitungen zu einem ver¬
852 1691 1844 1756 ist eine Verhöhnung der kleinen Gewerbetreibenden
1851 1747 2848 1803 nünftigen, zweckdienlichen Lesen. Das Lesen hat
851 1744 1841 1817 der Feder, die aus ihren Liebesnächten sinnliche
1851 1804 2853 1864 nicht bloß den Zweck, müßige Stunden auszufüllen,
861 1795 1835 1847 Gedichte und aus imen Verhältnissen erlebte
1851 1845 2840 1905 sondern es soll unterhalten und bilden zu¬
848 1833 1845 1903 Romane machen. Ueber diesem Einakter konnte
1850 1902 2849 1955 gleich; ein Buch soll ein Lehrer sein für solche,
854 1899 1838 1960 das Wort eines norwegischen Dichters stehen:
1846 1937 2856 1999 die nicht mehr auf der Schulbank sitzen können.
860 1943 1839 2003 „Leben wird zu Kunst verpfuscht und die Kunst
1914 1985 2845 2064 Als so eine Anleitung, besser gesagt, als ein
856 1992 1843 2065 wird zum Geschäft.“ Auch hier hat Schnitzler
1861 2034 2835 2096 Führer in die Literatur — für die Massen ge¬
854 2046 1843 2106 mit dem ruhigen, unbeirrbaren Forscherblick des
1861 2093 2852 2156 dacht — erscheint mir die vorliegende Zeitschrift
855 2085 1839 2166 Arztes und mit dem leichten Lächeln des Drüber¬
1852 2146 2851 2199 „Die Quelle“. Dieses Blatt soll nicht etwa
857 2140 1829 2203 stehenden eine Lebenslüge durchschaut und zer¬
1849 2180 2851 2240 Bücher entbehrlich, sondern unentbehrlich
857 2187 1844 2251 zaust. Er schildert in den männlichen und weib¬
1858 2230 2852 2299 machen. Es ist ein Mittelding zwischen Zeitschrift
845 2236 1850 2298 lichen Schreibtischmenschen die ganze kümmerliche,
1857 2277 2861 2350 und Buch, sicher aber der beste Behelf, um den
859 2298 1829 2351 eitle, grundverlogene Gattung. Andere Geschäfts¬
1851 2335 2865 2409 Dichter für den Leser und den Leser für den
848 2349 1855 2399 leute handeln mit Tuch oder mit alten Kleidern
1850 2388 2326 2458 Dichter zu gewinnen.
854 2384 1846 2442 oder mit Eisenbestandteilen, diese Literaten
1928 2417 2848 2500 Und das ist gerade in unserer Zeit — wo
846 2438 1841 2499 handeln mit ihren Erlebnissen. Die Sympathie
1858 2480 2860 2546 der Verlagserfolg oft ein größerer ist, als der
852 2489 1844 2566 des Zuschauers gehört eigentlich jenem ein
1866 2531 2860 2608 Buchwert, wo der Büchermarkt überschwemmt
855 2540 1842 2595 bißchen einfältigen, aber redlich empfindenden
1853 2581 2809 2633 wird von einer Flut täglicher Erzeugnisse —
850 2586 1841 2648 Aristokraten, der liebt, um zu lieben, und nicht
864 2632 1843 2699 liebt, um zu schreiben. So freimütig scherzen konnte
1861 2628 2855 2693 eine Notwendigkeit, um sich zurechtzufinden, um
1862 2670 2857 2762 zu lernen, welche Bücher gut, und welch Bücher
851 2684 1850 2742 kein Literat. Diese kleine, meisterhafte Komödie
1857 2729 2360 2806 schlecht geschrieben sind.
863 2734 1788 2816 „Literatur“ konnte nur ein Dichter schreiben!
1935 2763 2860 2840 Was in Deutschland neben anderen Volks¬
1859 2814 2849 2894 bildungsvereinen der „Dürerbund“ durch Ver¬
1857 2874 2853 2939 sendung von Flugblättern, Bücherlisten und durch
1646 2827 1841 2958 W W
887 2876 1074 2962 W W
1862 2919 2833 2986 die umfassende „Schatzgräber=Bücherei",
1124 2897 1617 3013 Bücherschau.
879 2944 1077 3039 W W
1579 2942 1829 3063 B B
1860 2972 2852 3031 was der Verlag Hesse durch G. Witkowskis
1856 3027 2850 3090 Broschüren „Was sollen wir lesen?" (Preis
1860 3073 2847 3141 20 Pf.) und „Die Kunst und das Leben“
1862 3137 2861 3202 (Preis 40 Pf.) sowie Th. Herolds Bändchen
975 3143 1726 3232 Von K. F. Escuyer=Wittich, Wien.
1861 3178 2863 3233 „Moderne Literatur und Schule“ (Preis
1854 3219 2855 3286 20 Pf., Max Hesse, Leipzig) besorgt, das geschieht
942 3205 1853 3292 „Es gibt weder moralische noch unmoralische
1857 3274 2851 3331 in Oesterreich allein durch diese wirklich volks¬
858 3277 1845 3356 Bücher. Bücher sind gut oder schlecht geschrieben.
1864 3328 2870 3397 bildend gehaltene Zeitschrift in sachlicherer und
856 3327 1150 3395 Nichts sonst.
1856 3372 2243 3447 praktischer Weise.
945 3360 1859 3444 So sagt Oskar Wilde, „der Schöpfer schöner
1927 3402 2854 3482 Der Leser wird hier nicht erst auf den Dichter
865 3421 1844 3489 Dinge“ im Vorwort zu seinem Romon: „Das
1862 3471 2858 3525 und seine Werke aufmerksam gemacht, sondern er
858 3473 1600 3545 Bildnis des Dorian Gray“.
1861 3524 2860 3575 lernt beide durch Biographien und Proben aus
934 3507 1843 3586 Würde man nun, diesen Worten nachgehend,
1860 3574 2857 3646 seinen Schriften zugleich kennen. Daneben gehen
861 3577 1855 3639 die Frage auswersen: „Welche Bücher sind gut,
1864 3620 2854 3674 noch andere bedeutende Autoren auf Schritt und
863 3625 1814 3687 und welche Bücher sind schlecht geschrieben?“ si
850 3670 2868 3760 würde man sicher die sonderbarsten Antworten Tritt mit, mitsingend und mitredend! Das ist
