3436 4352
1224 221 1728 310 box 35/10
273 210 1080 306 The Lonely Nau
1334 560 1595 680 V.
1614 518 2808 716 T.meb dL 110
2743 693 2809 764 2
853 827 1471 911 oohS
1621 748 2002 920 AN
2245 780 2349 919 ∆
2716 762 2813 928 K
2571 908 2832 994 S.
2460 909 2534 986 e
2530 950 2657 1030 8
724 955 1904 1090 LITERARY CRITICISM
1940 1000 2046 1086 828
520 958 673 1129 2
1816 1079 2057 1149 r
1067 1064 1813 1217 AND BOOK
914 1158 967 1217 810
873 1187 1135 1264 ee
974 1226 1221 1312 e
705 1292 1951 1380 Plays by John Galsworthy and Leonid
472 1242 561 1400 4
791 1363 2036 1469 yev—Schnitzler at His Best—An Ameri¬
872 1455 1947 1540 can Civil Attaches War Book.
934 1502 1257 1586 THE DRAMA.
1416 1515 2146 1589 1pathy. Oue cannot help agreeing with
773 1550 1385 1616 BIT 0° LOVE. A Play in Thres Acts. By N
1444 1580 2149 1636 the very sensible lady of the rectory,
742 1576 1423 1662 Gelsworthy. 12mo., pp. 34. Charles Beribner
732 1618 839 1659 Sous.
1445 1612 2142 1664 if not with the peasants. Which is, no
721 1635 1428 1694 THE SORROWS OF BRLGIUM. A Play in Siz
1435 1653 2137 1703 doubt, Mr. Galsworthy's very reason
752 1685 1426 1722 Sceues. Bv Leonard Andreyev. Authorized trans¬
1432 1687 1858 1752 for writing this play.
744 1706 1419 1761 lation by Herman Bernstein, 12mo., pp. vil, 132.
737 1719 1118 1767 The Macmillan Company.
1462 1726 2155 1798 The title of Andreyev’s drama prom¬
726 1747 1431 1799 THE LONELT WAT. INTERMEZZO. COUNTESS
757 1773 872 1807 MIEZI.
953 1770 1125 1817 ce Plays h
1155 1774 1417 1819 Arthur Schnitzler.
1445 1773 2145 1829 ises more than he gives us. Truth to
759 1802 1425 1843 Translated from the German, with an Introdue¬
734 1816 1423 1862 tion, by Edwin Blorkman. The Modern Drama Se¬
1441 1810 2148 1870 tell, this play of his rises but little
733 1848 1415 1900 #ries. 12mo., pp. xllil. 323. Mitchell Kennerley.
1442 1845 2143 1901 more to the occasion than did Barrie's
746 1884 1419 1939 Mr. Galsworthy'’s new play is for the
1442 1885 2140 1944 Der Tag.“ The task of bringing home
1431 1916 2138 1981 to us the realities of this war seems to
708 1912 1409 1979 closet rather than the stage—a plea for
1430 1956 2125 2009 be beyond the resources of even the
709 1970 1407 2023 the love that forgives everything re¬
1433 1993 2133 2052 best-trained pens. The Russian dram¬
706 2009 1422 2059 gardless of self. The love is that of an
1438 2029 2134 2074 atist merely tells us in dialogue what
713 2042 1421 2097 English curate for the wife who has
1442 2069 2130 2111 we already know; he resorts to Maeter¬
712 2075 1405 2136 deserted him for another man; his
1434 2104 2133 2144 linck’s trick of repetition of words and
712 2121 1412 2171 crowning sacrifice is that, at her own
2871 2102 2947 2168 530
1431 2145 2120 2196 phrases to produce an atmosphere of
2289 2134 2657 2203 Arthur Schnitzler.
2866 2150 2910 2200 405
710 2163 1405 2213 request, he will not divorce her be¬
1435 2181 2117 2229 terror and of unseen horrors yet to
2132 2164 2841 2256 (The Lonely Way“ etc.: Mitchell
708 2188 1407 2238 cause the publicity of the scandal
1428 2211 2117 2270 come, but with far less effect; and he
2350 2216 2597 2280 Kennerley.)
700 2228 1410 2279 would ruin the career of her lover, a
2264 2251 2399 2308 ann
1433 2248 2112 2302 fails utterly in suggesting the grandeur
706 2268 1404 2309 poor young medical man. He will al¬
1422 2291 2109 2335 of the young King of Belgium, who is
709 2299 1410 2355 low her to live with him quietly and
2134 2308 2918 2357 pied with Viennese triangles and the
1426 2317 2118 2379 che true hero of this war. Surely, in
697 2325 1406 2384 unsuspected in a new environment.
2123 2348 2918 2393 ingenious patterns he can compose with
1423 2358 2115 2413 drama at least, he should be more than
701 2371 1400 2420 The rectory, in the person of its mis¬
2130 2394 2828 2442 them. The subject long ago began to
1421 2394 2117 2447 the modest young man who, in this
693 2416 1397 2459 tress, demands, in the name of Church
2126 2416 2975 2485 pall unon us, as it has palled unon1#
1429 2429 2111 2478 play, visits incognito his country's
692 2433 1402 2493 and morality—and of the manor house
2120 2462 2885 2506 the French. But certain it is that aur
1416 2478 2103 2518 greatest poet, wounded in its defence.
727 2486 1400 2539 that he apply for a divorce; the vil¬
2130 2496 2983 2560 reading of these three plays will auf-4
1418 2508 2110 2570 The chief characters are, indeed, of
688 2529 1401 2580 lagers, assembled at the local pub.,
2127 2531 2969 2586 fice to give the student of the contem-½o
1417 2538 2105 2597 little interest. The mother alone, among
692 2558 1392 2611 opine that he should bash in the otk¬
2127 2577 2890 2637 porary drama a thorough understand-Fa.
1412 2576 2111 2636 them, strikes the tragic note in her
698 2587 1403 2638 man's face, and see to it, by the meth¬
2127 2608 2870 2674 ing of the work of Austria's best-|o
1412 2623 2110 2672 approaching madness. That note is re¬
699 2632 1398 2683 ods applied by them in such cases, that
2109 2639 2713 2711 known and cleverest playwright.
1419 2651 2114 2710 peated more strongly in the demented
699 2660 1393 2717 his wife shall thereafter love him
1415 2692 2117 2742 peasant girl ceaselessly asking the way
684 2700 1388 2751 faithfully. And they agree with their
1410 2729 2125 2775 back to her village which exists no
697 2742 1400 2787 betters that the only alternative is di¬
1421 2770 2116 2825 more; and it sounds most ominously—
697 2780 1391 2829 vorce. So they treat him to achissing
1420 2798 2132 2842 in the Maeterlinckian manner again—in
691 2809 1391 2871 and booing serenade at the end of
1411 2841 2104 2882 the rising of the waters after the
684 2843 1399 2906 evening service. The curate, driven to
1412 2871 2114 2932 Cikes have been cut, and in the distant
696 2895 1385 2941 the end of his power of endurance, i
1415 2915 2118 2954 roar of the voices of the drowning
685 2920 1394 2977 accidentally preserved from suicide,
1418 2947 2121 3010 Germans—an echo, perhaps, of the
690 2962 1388 3029 finding companionship and solace in a
1406 2984 2117 3041 horror of the Maaurian lakes. An¬
678 2999 1328 3046 sorrowing widower, just bereaved.
1412 3017 2116 3062 dreyev, however geod his intention,
722 3031 1398 3091 This curate, then, is an embodiment
1409 3055 2120 3108 might well have left the writing of the
678 3061 1385 3130 of an ideal, rather then a man. The
1409 3096 2102 3164 drama of the sorrows of Belgium to a
681 3110 1396 3167 ideal must be left tothe judgment of
1406 3125 1665 3183 Belgian pen.
692 3149 1401 3210 the reader or spectator, but the qual¬
1439 3158 2119 3232 The translator furnishes a brief
687 3177 1390 3250 ity of the man fails to win our sym¬
1400 3208 2118 3262 preface, in which he assures us that
1409 3246 2103 3302 the Russian writer has written 'an¬
1389 3254 2104 3336 other masterpiece' in which he de¬
1392 3306 2104 3378 nounces the sufferings of the Russian
1396 3345 1754 3395 Jews in the war.
946 3362 1161 3450 Pc,
1418 3380 2127 3451 Mr. Björkman's selection of the three
1384 3427 2115 3497 Schnitzler plays is unexceptionable.
1026 3470 1072 3502 NN4
991 3478 1159 3537 S
1381 3455 2114 3524 They present to the full this author'’s
717 3494 854 3562 .—
1381 3504 2126 3572 Lattitude toward life, which is the es¬
1395 3548 2132 3610 sence of the Weltanschauung of all
1389 3582 2116 3640 Vienna, intense in its enjoyment or
781 3576 1316 3665 #ner 18 Akull
1401 3625 2099 3675 the fléeting hour, yet always with an
1400 3664 2097 3713 undercurrent of melancholy, like the
765 3643 1300 3733 Novelette by
1402 3696 2091 3751 city’s famous waltzes. In“The Lonely
764 3702 1302 3792 Kate Douglas
1399 3728 2089 3781 Way,“ indeed, the hour for seriousness
1400 3766 2098 3831 has struck, the time has come for all
784 3764 1293 3849 Wiggin, a very
1401 3805 2099 3863 its characters to begin to think of the#
1391 3845 2083 3900 bill that must be paid. They are ap¬
770 3836 1292 3907 pretty love story,
1393 3879 2089 3935 proaching the “youth of old age,)
771 3883 1307 3950 and G of the Bert
1395 3921 2089 3970 verging on fifty—the woman whose in¬
769 3931 1309 4016 Short Stories of
1378 3951 2090 4008 discretion lies twenty years behind
1384 3985 2093 4041 her; the man she has loved, his friend
761 3990 1048 4059 the year
1378 4024 2096 4079 and confidant—both of them butterflies
1390 4057 2091 4117 who have gayly spent their summer
762 4044 1299 4147 inthe August
1381 4100 2090 4157 and now face the autumnal road of
1377 4129 1841 4174 loneliness. But the husb.
1150 4140 1195 4172 14
