3436 4384
1270 180 1736 284 box 22/3
313 186 1203 302 16.4. Literatur
486 439 1552 536 Husschnitt aus: Fremdenblatt, Wien
501 528 978 620 vom: F9
2977 593 3207 674 Seite 35
2366 594 2774 681 1. Februar 1914
1539 602 2141 695 Fremnden-Slatt.
927 643 1286 708 Wien, Sonntag
467 665 657 718 Nr. 52
2959 753 3023 853 1
1100 710 2868 927 Feuilleton-Beilage.
2868 849 3000 956 1
3016 860 3244 956 A
1687 890 2012 993 CU
458 906 637 1002 2
1870 1040 3253 1127 Reibung. Dieser Kammersänger ist kein Halbgott, wie aufgeregte
919 1074 1355 1186 Burglheater.
1875 1094 3270 1179 Frauenherzen glauben, kein Priester der Kunst, kein Sängerfürst mit
1872 1153 3264 1210 erhabenen Gesühlen. Er ist ein Luxusartikel auf dem internationalen
427 1147 1818 1231 („Der Kammersänger“, drei Szenen von Frank Wedekind. —
1857 1212 3278 1269 Markt. Ein Wertgegenstand für die wohlhabenden Leute in Europa
432 1221 1838 1290 „Boubouroche". Tragische Posse in zwei Akten von Georges Courteline.
1864 1239 3272 1315 und Amerika. Er ist einem Unternehmer verpflichtet, der ihn überall
442 1260 1855 1353 Uebersetzt von Siegfried Trebitsch. — „Literatur", Lustspiel is einem
1869 1287 3271 1356 umhersendet, um Kapital aus ihm zu schlagen. Er arbeitet in der
962 1302 1816 1369 1er. — Zum erstenmal am 31. Jänner 1914.)
466 1317 942 1391 Akt von Artur Schui
810 1351 952 1408 Seten mt nk
1870 1332 3259 1412 Frohnde seines Kontrakts, für das viele Geld, das in ihm in¬
938 1354 1381 1428 Von Felix Salten.
1871 1407 3270 1452 vestiert wurde, für sich, für seine alten Tage und für drei Dutzend
542 1416 1854 1478 Gerardo, der berühmte Kammersänger, hat morgen abends in
1868 1449 3274 1507 Operndirektoren, die mit Hilfe seiner von ihnen gemieteten Stimme ein
432 1455 1849 1533 Brüssel den Tristan zu singen. Kontraktliche Verpflichtung! Er hat
1872 1477 3260 1546 Geschäft machen wollen. Daß er in all den Mädchen und Frauen,
442 1508 1856 1580 jetzt hier in Berlin (oder wo das Stück sonst spielen mag) eine Woche
1864 1539 3274 1597 die ihm als Tannhäuser oder Tristan hören, mancherlei Sehnsucht
442 1549 1850 1623 lang gesungen. Kontraktliche Verpflichtung. Die ist nun erfüllt. Die
1863 1571 3271 1649 weckt, das weiß er. Aber er kann nichts dafür. Er stellt sich auch als
446 1593 1843 1673 Koffer stehen gepackt. Morgen abends also Brüssel. Und dann weiter.
1864 1627 3276 1699 Tannhäuser oder Tristan nicht deshalb so edel, weil er die Frauen
432 1649 1854 1727 Immer weiter. Der Manager, der solch eine Künstlerreise komponiert,
1870 1673 3265 1745 und Mädchen berücken will, sondern weil diese Rollen es verlangen,
444 1698 1846 1774 muß ein klug berechnender Kopf sein und Erfahrungen haben. Alles
1872 1720 3270 1803 daß er sich edel stellt. Daß er die hundertfache Sehnsucht, die er wach¬
431 1762 1854 1824 ist in Bedacht genommen. Die Gastspiele sind so gelegt, daß nutzlose
1877 1763 3272 1848 gerufen hat, auch selber stillen müsse, kann kein Mensch von ihm ver¬
448 1798 1852 1867 Strecken vermieden werden. Von Berlin nach Brüssel, von Brüssel
1877 1796 3292 1899 langen. Es geht über seine Kraft. Er ist nicht dazu verpflichtet. Er.
446 1859 1848 1915 nach Paris, von Paris nach Monte Carlo, von da nach Mailand.
1867 1873 3268 1940 war früher Tapezierergehilse. Eine starke, bürgerliche Anständigkeit des
437 1907 1851 1972 Und so fort. Der Kammersänger kann schon im August, wenn alle
1864 1916 3266 1987 Denkens ist ihm geblieben. Das Geschäft, das er jetzt betreibt, kann
444 1940 1862 2025 Abschlüsse fertig sind, genau vorhersagen, wo er am 12. Dezember oder
1873 1968 3270 2045 er als Geschäft sehr gut begreifen. Vor dem Geschäft hat er Achtung.
448 1987 1861 2075 am 26. März sein wird. Alles ist vorgesehen, auch einzelne Ruhe¬
1868 2019 3276 2095 Das möchte er den Frauen und Mädchen, die ihn umschwärmen, so
436 2040 1858 2114 tage, da und dort. Und jeder Zug, der benützt wird. Hauptsache
1870 2074 3275 2137 gern erklären. Aber sie verstehen ihn nicht. Und in diesem Mißver¬
443 2090 1856 2169 bleibt, daß die Sache klapp., daß kein Anschluß versäumt wird. Kein
1886 2105 3275 2187 ständnis steckt eine Komik, die Wedekind so voll herausholt, die er so
440 2136 1866 2203 einziger. Wenn der Faden, der da abgehaspelt werden oll, an einem
1887 2150 3298 2239 stark emportreibt, daß selbst der Selbstmord auf offenev Szene, der
442 2186 1859 2254 einzigen Punkt in Verwirrung gerät, dann ist die ganze, sorgsam
1875 2203 3283 2274 losknallende Revolver und die maustot hinstürzende Frau noch
443 2250 1857 2319 kombinierte Sache zunichte gemacht. Es gibt einfach eine Katastrophe.
1871 2249 3280 2323 umwittert erscheinen von einer unentrinnbaren Komik. Reizvoll und
455 2286 1861 2369 Kein Wunder, wenn man bedenkt, wieviele Interessen da auf dem
1881 2304 3281 2397 kühn an diesem Stück bleibt es, daß in der Weltanschauung, aus der
445 2338 1860 2401 Spiel stehen, wieviele große Operninstitute ihren ganzen Apparat auf
1871 2337 3287 2432 es entstand, sowohl Großartigkeit als Pathos sich bergen. Nur daß
440 2377 1868 2456 die vereinbarten Abende eingestellt haben. Der Sänger, der sich als
1880 2393 3280 2468 beides immer anderswo, gleichsam in einem anderen Rhythmus betont
453 2435 1858 2511 ein unzuverlässiger Kunde zeigen wollte, wäre verloren. Kein Impresariv
1876 2439 3278 2530 ist. Und daß die landläufige Großartigkeit, die landläufige Pathetik
452 2481 1854 2562 würde es zum zweiten Male mit ihm wagen wollen. Er hätte einfach
1873 2496 3288 2585 dagegen überall, wo sie in solcher Musik hörbar werden, einfach
444 2539 1869 2603 seine Existenz ruiniert. Künstlerlaunen ... die gibt es nicht in solchen
1883 2563 2233 2635 lächerlich wirken.
460 2574 1864 2647 Dingen. Die können auf der Probe, im Verkehr mit den Interviewern,
1984 2579 3296 2675 Herr Reimers spielt den Kammersänger besser als die meisten
450 2630 1871 2686 in Gesellschaft losgelassen werden. Hier heißt es, hübsch fleißig an der
1877 2648 3272 2716 seiner Vorgänger ihn gespielt haben. Er gibt einen wirklichen Menschen,
458 2682 1870 2751 Stange bleiben. Geschäft ist Geschäft. Deshalb hat der Kammersänger
1883 2705 3282 2766 er läßt die persönliche Rechtschaffenheit des Kammersängers merken, er
460 2719 1873 2797 auch nur einen einzigen Gedanken: er muß morgen abends in Brüssel
1884 2735 3286 2822 zeigt hie und da den früheren Tapezierergehilfen. Er grundiert das
455 2774 1872 2836 den Tristan singen. Daß ihn enthusiastische Mädchen in seinem Hotelzimmer
1886 2784 3279 2857 Wesen des Kammersängers gleichsam mit der soliden, geschäftstüchtigen,
449 2817 1873 2919 überfallen, gilt ihm bloßals Zeitverlust. Daßihm die Postkurz vor seiner Abreise
1884 2837 3303 2913 ehrlich einfachen Natur des Handwerksburschen. Und es ist sehr fein,
462 2869 1870 2963 noch hundert Liebesbriefe ins Haus trägt, daß Champagnerkörbe
1888 2888 3304 2956 wie er die vielen kleinen Mätzchen des routinierten Opernstars über
468 2919 1877 3008 gebracht werden, ganze Berge von Blumen, daß ein alter Komponist
1895 2928 3290 3006 diesen gesunden Menschen hingleiten läßt. Als Unwillkürlichkeiten. Es
462 2967 1873 3039 ihm durchaus seine Oper vorspielen möchte — Zeitverlust. Und daß
1886 2990 3296 3070 ist wie Kulissenstaub, der sich im Lauf der Jahre in die Kleider gelegt
454 3022 1873 3091 die Frau, die sich ihm hier, während der kurzen acht Tage, an den
1884 3028 3305 3108 hat. Sehr sein, wie er auch sein eigenes Wesen dabei hütet. Wie dieser
454 3054 1871 3150 Hals geworfen hat, jetzt in Liebesraserei verlangt, er soll sie mit
1889 3078 3302 3159 Kammersänger nichts von sich selbst hergeben will, wie er alle Zugänge
458 3109 1872 3200 nach Brüssel nehmen — Zeitverlust! In jeder Stadt wirft sich ihm
1890 3120 3298 3213 zu seinem Innern verschlossen hält. Die eine Stelle: „Dann habe ich
462 3167 1881 3240 irgend eine Frau an den Hals, und obwohl er nun schon zu jeder
1892 3173 3302 3271 freilich das Leben in vollen Zügen genossen", läßt er zum Beispiel
475 3204 1878 3295 ganz aufrichtig vorher sagt: „Von Gefühlen kann zwischen uns nicht die
1895 3225 3286 3309 ganz fallen. Er sagt das mehr zu sich als zu der Frau, die ihn be¬
472 3251 1878 3320 Rede sein“, fällt jede, wenn's an's Scheiden geht, in Raserei. Jede
1899 3266 3291 3362 stürmt. Er gibt acht, daß er nichts von seinem wirklichen Empfinden
459 3305 1874 3373 möchte mitgenommen werden. Jede möchte bei ihm bleiben und mit
1890 3321 3303 3400 an diese Figürchen, die ihn flüchtig umtanzen, verstreut. So bleibt der
474 3349 1878 3435 ihm reisen bis aus Ende der Welt. Er kennt das. Diese da tobt
1899 3368 3294 3456 Kammersänger des Herrn Reimers denn auch die einzige Gestalt in
475 3397 1881 3483 und droht, sie werde sich töten. Er hat nicht einmal die Geduld, sie
1894 3417 3304 3500 der Komödie, mit der man menschliche Teilnahme hat, Freilich ist die
478 3459 1883 3529 aufmerksam anzuhören. Er hat andere Dinge im Kopf. Seinen Kontrakt,
1898 3467 3300 3552 leidenschaftliche Frau gerade in diesem Betracht sehr gut gegen die
478 3493 1886 3579 seine Pflicht und sein Geschäft. Und in einer halben Stunde geht der
1895 3521 3294 3591 Gestalt des Kammersängers abgestimmt. Frau Kallina trifft es,
476 3547 1878 3637 Zug! Die Frau erschießt sich wirklich. Sie stürzt zu Boden. Donner¬
1893 3560 3302 3641 Verzweiflung, Liebesnot, Raserei zu spielen und doch dabei ganz leicht,
463 3600 1889 3678 wetter! Der Kammersänger hat nur einen einzigen Gedanken: der
1903 3614 3299 3688 fast gewichtlos zu bleiben. Sie trifft das, ohne den Charakter der
476 3639 1887 3720 Zwischenfall darf ihn nicht kontraktbrüchig machen. Wenn er sofort
1903 3663 3305 3734 Rolle im Stich zu lassen oder ihn (was sehr billig wäre) zu paro¬
478 3690 1888 3790 verhaftet wird, dann ist das force majeure. Also rasch einen Schutz¬
1906 3713 3301 3795 dieren. Herr Straßni als alter Komponist war diesmal zu be¬
474 3742 1886 3842 mann holen lassen. Und einen Arzt. Ach ja, natürlich ... auch einen
1903 3749 3307 3845 weglich, zu fahrig im Spiel, zu sehr auf Komik und zu wenig auf
480 3817 618 3889 Arzt
1903 3803 3307 3896 die Gestaltung eines Schicksals bedacht. Fräulein Leschka ist doch
598 3828 1886 3918 Als diese Komödie vor fünfzehn oder sechzehn Jahren zum
1901 3850 3295 3925 noch nicht geschickt genug, um einer so knappen Episode wie der Eng¬
1173 3894 1883 3945 — es war in der Josefstadt und
474 3899 1175 3975 erstenmal in Wien gespielt wurde
1909 3905 3141 3985 länderin mit ein paar Strichen Leben und Wirkung zu geben.
487 3940 1884 4007 ein Berliner Ensemble gastierte — hatte dieser Humor einen neuartig
2027 3952 3298 4018 Die breite Mitte des Abends nahm der gute Boubouroche von
481 3983 1891 4057 schrillen Klang. Er war herb und messerscharf. Wie sich das Ohr
1913 3996 3302 4079 Georges Courteline ein. Boubouroche, der dicke Spießbürger, der brave
488 4027 1890 4117 heute den neuen Harmonien der modernen Musik noch verweigert, so
1904 4046 3314 4126 Kerl, das weiche Herz, den alle Welt ausnützt, den alle Welt betrügt.
511 4078 1897 4152 weiaerte man sich damals dieser spöttischen Lustigkeit. Sie entzauberte,
2745 4092 3394 4168 Ain mandemt bose tein kann.
