3484 4384
1239 270 1710 381 box 22/3
285 273 1100 403 16.4. Literatur
1247 632 2087 751 „Etl Grosserer Ludv. Londs..
740 658 1251 785 piende* 70 Kr.
1508 701 2234 798 Maleren Allred Larsen, 32 Aar.
600 700 758 798 isen
624 768 777 846 fra
1183 790 1247 881 1
614 805 748 879 be¬
1473 868 2294 992 der skal alligevel vire Maade med
609 903 738 979 Hs.
2381 934 2669 1027 (Fra „Dase
1495 942 2293 1033 Afbankningen. Naar den tvivisomme!
579 928 1479 1072 th. Det kgl. Theater.
574 1005 722 1061 sesse
2497 1004 2673 1085 Medi
1495 1000 2294 1099 Forfatterinde har gjort op med sin
1481 1055 2279 1138 Fortid, kommer hun maaske kun fra
827 1078 1405 1182 Fru Anna Harboes
1487 1114 2672 1230 Dynen i Halmen. Men Processen er Dens Historl
841 1162 1410 1261 Alskedsforestilling.
1497 1163 2285 1254 sardeles fornejelig. Hun maa betro
1484 1234 2277 1309 sin adelige Elsker, at hun har be¬
2449 1235 2662 1342 Den
800 1246 1414 1363 Literatur. — Napoli.
570 1263 662 1357 Kar
1482 1283 2286 1379 gaaet en Roman, og efter at han i
1501 1344 2291 1432 Vrede herover har forladt hende,
2319 1334 2658 1418 Hvad Ban
771 1349 1494 1462 Fru Harboe havde i Gaar megen
1495 1398 2278 1477 indfinder hendes tidligere Galan sig,
714 1449 2288 1545 Glaede, men maeppe sterlig stor Ind-Den herlig Type paa en dekadent
2409 1439 2645 1533 Moskva,
596 1458 2291 1607 Padtegt af sin Afskedsforestilling. Detl Blanding af Storsnudethed og Feig¬
579 1510 723 1585 lau¬
2327 1491 2648 1617 Her ved Ud
711 1540 2636 1623 vilde utvivisomt have veeret klogt, hed. Ogsaa han har skrevet en Ro-gennemgaaende
563 1572 726 1631 ren
552 1620 716 1705 10 Kr.
719 1601 2641 1701 om Beneficiantinden, naar hun ikkel man, og det viser sig nu, at baade Lerdag fra Mos
692 1659 2639 1758 kunde faa nogen Aften til sin Raa-han og hun har behandlet deres eget inem Asiens Hje
702 1707 2628 1795 dighed, havde bibeholdt de sedvan-Elskovsforhold lige til i Romanen atforinden jeg i“
554 1784 2635 1870 tog ilige Eftermiddagsforestillings-Priser.meddele de imellem dem vexledeitager min aller
565 1818 717 1885 keds¬
716 1831 2636 1934 Theatrets Styrelse havde imidlertid Kerlighedsbreve. Den ene har skre-siden bestilte F
610 1866 713 1917 fra
727 1897 2276 1990 vist Fru Harboe den Opmarksomhedl vet Kladde, den anden taget Afskrift.
614 1914 722 1971 Tü
2270 1917 2598 1989 det naturligt
553 1928 719 2031 havde
721 1953 2271 2039 at overlade hende en Première, ogEt herligt Opger felger, hvori der
2265 1956 2635 2051 over Tilblivelser
562 2007 716 2062 enner
713 2007 2273 2103 hvis den esterrigske Forfatter Ar-Isiges mange sande og traffende Ting
2269 2029 2619 2100 ste og interessa
562 2061 2265 2151 leatretlthur Schnitzler havde veretsom moderne Literaturmagere. Knu¬
2263 2076 2635 2171 den store sibiris
559 2100 2268 2206 lendes bedre kendt herhjemme, vilde sikkert den loses ved, at Adelsmanden ven¬
2311 2134 2612 2208 Ingen, som
551 2146 731 2209 dende
717 2179 2269 2255 ogsaa hans Enakter have trukketder tilbage. Han har opkobt sin
2267 2183 2628 2266 end 1000 dans
542 2222 847 2307 ilde- Hus.
1484 2222 1857 2316 Elskerindes Bog.
2253 2244 2620 2326 Stillehavets Kys
568 2290 2626 2391 Prins. Det saakaldte Lystspil „Litera-] Fru Emmy Drachmannslendnu for 10 #
1960 2345 2236 2388 le
571 2334 2270 2412 sendtltur“ er nemlig ercovermaade vittig) Oversettelse lod meget“mundfet“ Hr.
2264 2358 2591 2439 var begyndt
551 2370 716 2445 Roser,
716 2406 2257 2475 og tidssvarende Satire over adskillige[Liebman var en morsomt udha¬
2258 2393 2631 2492 Skinnevej. Ales
548 2427 709 2484 yrber-
717 2461 2269 2538 af de Godtfolk, der „ger i“ Literaturjiet Veddelebshelt, og Hr. Hof¬
541 2471 717 2532 Isigne¬
2262 2474 2650 2547 Mil“ og „10.
540 2520 722 2577 leaters
714 2515 2658 2584 og navnlig seger deres Inspirations-jman fortreffelig som Romanforfat- Beundring for rus
548 2567 717 2643 d red.
719 2556 2595 2650 kilder i levende Modeller. Man for-jteren, vistnok det bedste, denne Skue-I Ingenierkunst.
693 2587 2651 2716 taeller, at Forf. har haft en virkeligl spiller endnu har ydet paa det kgl. Kejsere, under he
575 2647 2638 2775 sendt Begivenhed til Usgangspunkt for sin Theaters Scene. Masken var udmzer-Itil, har vist de
588 2708 715 2763 Grev
715 2725 2590 2821 Historie, men forevrigt er denne saalket, og de drastiske Repliker blev marksomhed,
543 2747 720 2813 irekter
540 2819 2266 2882 Kapel- gammelkendt, at man kunde begynderafleverede med komisk Aplomb.
2260 2807 2649 2883 i et Selvhersker
534 2860 2619 2912 Zureau-med Musset og George Sand. En Fru Emma Thomsen havdel men selv under
533 2896 2261 2990 let kgl. IForfatterinde er af en Adelsmand! derimod ikke fulgt sine medspillendes
2263 2905 2638 2996 der Stof nok tik
543 2956 2247 3049 n (enrevet ud af sine, temmelig bedeer-]Exempel og drevet Figuren ud
2312 2968 2643 3056 Kejser Alexa,
528 2992 2263 3103 zuespi-vede, literare Kredse i München.Satire eller Karikatur. Kunstnerinden,
529 3040 729 3097 te med
2261 2994 2641 3115 Sibirien, dette er
717 3070 2262 3159 For ham er det hele asthetiske Ve-der tidligere har vist satirisk Anlaeg
533 3085 721 3146 hendes
2272 3092 2656 3167 semte Rige, sir
540 3131 723 3192 Hans
719 3131 2266 3227 sen en Gru. Han interesserer #igrog nu jo ensker at spille Karakter¬
2259 3150 2659 3219 og at det var ha
586 3186 2266 3274 Frk. Ikun for Heste og Veddeleb, og Ar-Ikomedie, maa resolut opgive Ingenue¬
2260 3200 2678 3277 faa gjort noget K
584 3228 2258 3336 medthur Schnitzler har serget for atl Elskvterdigheden. Hendes Forfatter¬
2269 3250 2690 3335 gende Ord, som 1.
525 3274 733 3348 hle Me¬
515 3317 2275 3377 Thom-gere ham saa usympathetisk og lat-inde manglede i Gaar alle de komi¬
2275 3311 2706 3382 Margenen til et 1
521 3356 2290 3459 IEllenlterlig som muligt. Digteren vil nem-Iske Egenskaber, alle de literere
2324 3372 2679 3450 „Hvor mangen
532 3416 2722 3520 g m. fl. lig nok tugte Poeterne felelig, men Satire-Svebeslag, der mr den tilteenkt. sibiriske Generalgit
1157 3592 1757 3830 (G
