3484 4384
1267 242 1718 332 box 22/3
305 248 1190 351 16.4. Literatur
1233 1448 1567 1539 Telephon 12.801
681 1611 1330 1699 „ODSERTER
493 1700 1572 1760 1. Seterr. behördl. konz. Unternehmen für Zeitungs-Ausschnitte
670 1742 1400 1808 Wien, I., Conoordiaplatz 4.
887 1804 1197 1864 Vertretungen
490 1852 1572 1903 in Berlin, Basel, Budapest, Chicago, Cleveland, Christiania
490 1893 1567 1939 Genf, Kopenhagen, London, Madrid, Mailand, Minneapolls
484 1931 1573 1991 New-Vork, Paris, Rom, San Francisco, Stockholm, St. Peters
880 1974 1187 2027 burg, Toronto.
803 2007 1262 2078 (Quelienangabe ohne dewähr).
488 2062 889 2162 Ausschnift wnt
839 2086 1471 2234 Giernale 4 Ktalia, Rome
490 2208 631 2292 vom:
593 2283 1449 2368 Letferatura, di Schnitzler-al Metastasie
619 2361 1427 2412 Il lavoruccio diverti e piacque. Sono po¬
597 2396 1439 2439 che scene ricche di umorismo garbato, fe¬
594 2437 1434 2471 Vicemente satiriche. L’ambiente letteraric
594 2463 1435 2497 non é risparmiato dal celebre autore vien¬
601 2488 1431 2544 nese, il quale ne mette a nudo molte pie¬
595 2526 1434 2569 cole vanità e quanto di falso, di artificioso,
588 2568 1434 2609 si cela setto le apparenze sincere dell’opera
596 2596 1441 2640 d’arte. II piccolo intreccio si guasterebbe e¬
592 2627 1440 2669 sponendolo qui al pubblico, che invece si
588 2664 1437 2710 recherà al Minimo ad ascoltare il lavoro.
588 2695 1454 2753 Domani sera Sorprese un atto comico di A.
590 2734 737 2787 Glass.
2797 1352 3140 1428 Telephon 12.801.
2240 1485 2880 1581 „ODSERTER
2035 1576 3116 1641 1. österr. behördl. konz. Unternehmen für Zeitungs-Ausschaltte
2227 1625 2967 1696 Wien, I., Concordiaplatz 4.
2433 1674 2747 1743 Vertretungen
2034 1724 3130 1789 in Berlin, Basel, Budapest, Chicago, Cleveland, Christiania,
2034 1778 3136 1831 Genf, Kopenhagen, London, Madrid, Mailand, Minneapolls,
2040 1815 3135 1878 New-Vork, Paris, Rom, San Francisco, Stockholm, St. Peters¬
2433 1850 2731 1903 burg, Toronto.
2350 1897 2807 1956 (Oeolienangabe ohne Gewühr).
2030 1942 2407 2013 Ausschnitt aus:
2437 1970 2996 2058 La Tribuna, Roma
2191 2040 2484 2128 2.0K 1910
2036 2076 2175 2129 vom:
2908 2124 3067 2201 S
2288 2184 3002 2280 TEATRL
2256 2257 3006 2336 LE NOVITA AL & METASTASIO5
2203 2311 3090 2383 “ La letteratura , di Schnitzian.
2216 2359 3068 2425 Nonostante certe prolissità, il nuovo atto
2199 2401 3065 2456 di Arturo Schnitzler Letteratura incontró ie¬
2188 2435 3076 2481 ri sera il favore del pubblicoe fu largamen¬
2190 2472 3076 2524 te applaudito. Gli applausi questa volta era¬
2199 2500 3079 2561 no meritati, perché in Letteratung v'é dovi¬
2203 2541 2948 2600 zia di umorismo e sopratutto d’ironia.
2222 2570 3072 2636 L’autore ha voluto mettere in caricatura
2205 2603 3073 2670 ina specie di gente che alligna in tutti i pae¬
2203 2644 3074 2705 io da noi, onore al vero, sovrabbonda: i
2208 2678 3081 2725 letteratoidi, o se preferite i letteratucoli,
2205 2715 3078 2780 vuotl di vera essenza cerebrale, ma pieni,
2199 2757 3079 2806 gonfl invece di vanità e di pretensione,  fal¬
2212 2795 3088 2844 si e ridicoli in tutti i lero studiati atteggia¬
2201 2821 3072 2874 menti estetici e spirituali. Lo Schnitzter vi
2229 2850 3082 2917 assai felicemente riuscito. E il suo atto si
2209 2904 2642 2967 sente Con vero diletto.
2243 2900 3087 2983 La Zambuto 2 il Vitti furono, gustosissimi
2202 2964 3080 3020 mnelle vesti dei due tronfl letteratucoli; buo
2202 3007 2506 3064 mo il Frigerio.
2253 3030 3077 3093 Stasera il nuovo atto svedese di Astrilfl
2215 3070 2746 3149 Ahufelt L’ullimo incontro.
2751 3094 2797 3137 —
