3392 4352
309 215 1724 323 16.4. Literatur box 22/3
2270 612 2844 657 Eigentümer & Herausgeber
2099 623 3019 721 „DEUTSCHE ZEITUNG VON. MEXIRO,“ S. A.
2394 694 2739 754 Apartado 28 Bis.
1993 726 3115 808 Redaktion & Druckerei: 24 Dr. Carmonay Valle Ne 74,
2392 765 2738 823 MEXICO. D. F.
2188 793 2925 864 Tel. Eric. 27-26 — Mexie, 1909 Juarez.
2257 853 2876 890 Verantw Schriftleiter. Hans S. Weise.
2001 868 3124 938 Anzeigen-Annahme: In der Redaktion od. Ave. S de Mayo No. 10 A.
2358 910 2776 978 Drutsche Buchhandlung.
615 873 1121 985 At
2014 919 2439 986 Zahlstelle in Deutchland:
2049 963 3098 1013 Vivanco & Hülsemann, Hamburg 36, Grosse Bleichen No. 23-27.
2497 1043 2615 1137 —
2032 1378 2414 1482 —4
2501 1435 2589 1486 —
183 1652 374 1756 stracion
1781 1688 2557 1764 Briefe und Zuschriften sind stets an die
377 1686 1415 1806 Sonnabend, den 14. Oktober 1922.
1735 1730 2659 1805 eutsche Zeitung von Mexiko,“ S. A., zu richten.
2789 1723 3214 1831 Nummer 120.
1751 1770 2592 1833 Satzvorlagen werden nicht zurückgeschickt.
185 1853 521 1951 Nachrichten
519 1866 1390 1954 ITALIENISCHER FASCISTEN-
1392 1874 2322 1952 Türkei beruft, nimmt man an, dass es sich
2328 1894 3248 1992 divia eine solch vorzügliche Künstler¬
182 1918 505 2016 lichkeit ge¬
767 1931 1141 2014 UEBERMUT.
1403 1945 2315 2004 um ein Zusammengehen Italiens, Frank¬
2328 1955 3252 2044 truppe, wie wir sie in der deutschen
1395 1980 2313 2063 reichs und der Türkei handelt, um der Ex¬
2334 1993 3253 2085 Operettengesellschaft bewundern konn¬
1411 2034 2313 2101 pansion und dem Einfluss Grossbritan¬
553 2007 1392 2107 Rom, 12. Oktober.—Die diplomatische
2331 2043 3260 2141 ten, Gelegenheit verschafft, des Lebens
177 2052 1405 2149 ropa, unter Niederlage Lloyd Georges im nahen Osten
1414 2091 2309 2163 niers im Balkan und im nahen Orient ein
2335 2100 3244 2189 ernstes Gauklespiel durch die lebensfrohe
1409 2129 1799 2205 Ende zu machen.
180 2132 1410 2203 erbündeten und der Triumph der Kemalisten haben
2327 2134 3247 2233 Kunst der deutschen Operette auf einige
488 2186 1403 2244 bei den italienischen Fascisten eine inte¬
193 2185 495 2256 macht sich
2322 2186 3244 2283 Stunden in andere Bahnen zu lenken:
1414 2204 2324 2293 B
480 2223 1400 2300 ressante Wirkung ausgelöst. Der Depu¬
2317 2237 3244 2334 wo die Sonne der lebenbejahenden Kunst
216 2244 1413 2349 die briti¬#tierte Mussolini, der von einer tiefen Ab¬
2331 2298 3253 2382 siegreich die Schatten des Leids und der
180 2297 1415 2397 ltend. Die neigung gegen England beseelt ist, erklär¬
2329 2338 3239 2432 Kleinmütigkeit verscheucht und uns er¬
1474 2287 2269 2444 Deuischtum in Mexico
196 2360 1413 2442 hat-pfölz-Ite offen die erste Taf der Fascisten, nach¬
2317 2388 3250 2472 hebt in jene bessere Welt, in der wir un¬
197 2399 1406 2494 die Inseln dem sie erst einmal zür Macht gelang wä¬
2324 2439 3239 2517 sere Umgebung nicht mit jenem kleinlich
1412 2430 2308 2544 VERBAND DEUTSCHER REICHSAN-
188 2478 1397 2530 vie von denfren, werde darin bestehen, das britische
2318 2483 3248 2578 abwägenden Krämergeist betrachten, der
1544 2512 2178 2598 GEHÖRIGER IN MEXICO.
497 2514 1414 2589 Imperium zu zerstören, da es die verwerf¬
206 2527 493 2608 war, den
2322 2538 3241 2643 uns um die Freuden echter und wahrer
496 2557 1413 2640 lichste Herrschaft in der ganzen Welt
2324 2574 2784 2657 Lebenswerte bringt.
179 2574 479 2653 dern behal¬
1575 2563 2132 2667 HINDENBURG-FEIER.
490 2602 714 2673 darstelle.
177 2631 504 2707 tzt sie sich
2379 2627 3237 2722 So erweist sich die deutsche Ope¬
554 2641 1398 2729 Wir werden, soerklärte Mussolini,
1456 2645 2307 2725 Dem seinerzeitigen Bericht ist noch
2316 2665 3242 2767 rette als Künderin einer höheren Lebens¬
190 2694 501 2762 der Türkei
505 2698 1396 2778 zuerst, die britische Herrschaft im Mit¬
1412 2715 2303 2780 nachzutragen, dass die Spesen für die
2317 2721 3247 2821 form, als Exponent einer höchsten Kultur¬
215 2740 484 2826 Verträge.
496 2755 1389 2845 telmeer vernichten und mit Malta, das ita¬
1407 2760 2307 2837 Veranstaltung rund § 225.— betragen,
2316 2780 3239 2883 stufe, als Vermittlerin echter und wahrer
494 2806 1221 2872 lienisch ist, den Anfang machen.?)
183 2799 495 2888 orliegenden
1396 2821 2314 2882 die laut Beschluss im Vorbesprechungs¬
2318 2822 2624 2886 Lebenswerte.
542 2855 1397 2924 Die Fascisten beschlossen, die Wahlen
1397 2860 2311 2935 abend von den verschiedenen deutschen
173 2863 490 2942 eutlich das
2398 2851 3083 2959 Valdivia, den 30. August 1922.
496 2895 1392 2969 bis zum kommenden Frühjahr zu ver¬
1394 2901 2240 2983 geselligen Vereinen getragen werden.
175 2916 478 2995 liese eigen¬
2802 2937 3195 3023 R. Butendieck.
498 2953 1392 3031 schieben; niemand zweifelt indessen da¬
1467 2950 2311 3022 Wir möchten hierzu bemerken, dass
176 2973 474 3054 ise Italiens
485 2993 1394 3080 ran, dass sie einen überwältigenden Sieg
1400 3002 2302 3060 die Cia. Mex. de Artes Graficas die Prö¬
177 3034 481 3103 heint dort
494 3042 993 3117 davontragen werden.
1398 3054 2300 3119 gramme im Werte von § 33.— freund¬
2306 3018 3234 3157 ZU DEN KAMMERSPIELEN VOM VER¬
1405 3104 1856 3169 lichst geschenkt hat.
190 3085 479 3164 Italiener,
537 3094 1395 3163 Am 25. Oktober wird der Fascisten¬
2468 3108 3061 3199 GANGENEN SAMSTAG.
488 3131 1384 3208 Kongress in Neapel eröffnet werden. Mus¬
1462 3147 2304 3214 Die Sammlung ergab den Betrag von
179 3145 474 3222 ich im Ein¬
2364 3151 3237 3248 Anlässlich der letzten erfolgreichen
479 3199 1386 3263 solini hat bekannt gegeben, dass die Fas¬
1392 3201 2301 3264 Dls. 300.—, welche wir dem greisen Feld¬
193 3204 476 3271 es darauf
2302 3218 3227 3290 Aufführungen, welche vom Deutschen
486 3245 1381 3304 cisten in Spezialzügen reisen werden, die
1394 3251 2303 3321 marschall für Wohltätigkeit nach seinem
177 3257 470 3339 alkanfrage
2321 3267 3231 3350 Frauenverein veranstaltet wurden, war
480 3289 1385 3360 die Regierung zur Verfügung stellt und
1394 3297 2014 3366 Belieben, eingesandt haben.
2309 3322 3214 3399 schon mehrmals an dieser Stelle der
188 3315 474 3398 zu lassen,
482 3340 1387 3400 die von Beamten geführt werden, die Mit¬
1806 3341 2166 3410 Hermann Hitz.
2306 3350 3225 3445 Wunsch geäussert, worden, man solle sich
180 3370 470 3447 hutzen, um
485 3392 1144 3454 glieder der Organisation sind.
1868 3392 2206 3457 Schriftführer.
2304 3413 3231 3490 mit den vorhandenen vorzüglichen schau¬
174 3422 469 3502 und Tür¬
539 3421 1383 3504 Im Falle dass sich Mussolini zum Lei¬
2302 3456 3215 3542 spielerischen Kräften einmal an die Dar¬
479 3485 1383 3549 ter des Kabinetts aufschwingen sollte,
174 3479 469 3553 influss im
2306 3500 3216 3591 stellung von literarischen Werken heran¬
1445 3519 2297 3597 Laut telegraphischer Nachricht wird
471 3532 1381 3614 zweifelt niemand daran, dass er seine ge¬
193 3541 468 3626 zu berei¬
2311 3558 3214 3639 wagen. Dieser Wunsch wurde am vergan¬
472 3586 1372 3656 gen England gerichteten Drohungen wahr¬
1380 3584 2293 3656 die aus Südamerika kommende deutsche
2305 3590 3215 3687 genen Samstag mit der Aufführung von
472 3625 794 3690 machen wird.
1385 3623 2287 3692 Operetten-Gesellschaft anfangs Novem¬
2292 3644 3206 3721 Hugo von Hofmannsthals Tor und Tod“
1391 3673 1968 3744 ber in Mexico eintreffen.
521 3650 1383 3758 Rom, 12. Oktober.—Mit dem gegen die
173 3679 467 3767 nunange¬
2286 3696 3216 3787 und Artur Schnitzlers Literatur'’ glän¬
464 3717 1375 3794 Regierung gerichteten Vorwurf, es sei
1446 3732 3207 3829 Ueher die Leistungen der Gesellschaff Ezend erfüllt und gerechtfertigt. Es ist
175 3747 463 3828 hinzu, dass
475 3776 1378 3850 nichts zum Wiederaufbau des durch eine
1385 3779 3213 3877 lesen wir in der in Valdivia, Chile, er-Fkeine Übertreibung, wenn man sagt, dass
192 3805 466 3881 selbst im
468 3813 1377 3898 Explosion im Oktober des vergangenen
1385 3831 2289 3887 scheinenden Zeitung El Correo“ unter
2297 3851 3216 3928 dieser Kammerspielabend ein bemerkens¬
196 3862 465 3937 Gewitter¬
466 3860 1380 3941 Jahres zerstörten Dorfes Berggi getan
1377 3870 2296 3957 der Ueberschrift Wien und die deutsche
2301 3897 3206 3977 wertes Ereignis im Kulturleben unserer
466 3919 1382 4014 worden, besetzten die Fascisten heute die
1383 3926 1632 4000 Operette':
176 3908 467 3994 ht. Man
2284 3927 3199 4024 Kolonie bedeutet. Die Kolonie bewies ihr
473 3957 1380 4046 Ortschaft und brachten eine grosse An¬
1446 3973 1489 4031 77
191 3975 460 4051 allgemei¬
1488 3964 2277 4064 Wien.? — Der Bannkreis dieses
2292 3996 3207 4072 allseitiges und uneingeschränktes Interes¬
463 4012 1372 4095 zahl der Organisation angehöriger Arbei¬
169 4032 452 4109 angen ent¬
1379 4026 2277 4108 Wortes umspannt eine ganze Kultur.
2284 4042 3209 4116 se an dieser Darbietung durch einen über¬
468 4060 1377 4141 ter herbei, die sich sofort dem Wieder¬
1377 4088 2283 4149 Wien“, die Vorstellung dieses klingen¬
2281 4092 3215 4171 aus zahlreichen Besuch, — so zahlreich
164 4085 462 4177 amberlain
467 4116 1361 4185 aufbau der Häuser widmeten. Die Fascis¬
3032 4157 3072 4188 1b
1367 4145 2285 4204 den Wortes assoziiert sich mit der Vor¬
2289 4131 3203 4204 wie ihn bisher noch keine Auffünrung
180 4143 738 4201 loyd Geor-Tten erklänen
