3436 4384
1217 170 1673 254 box 22/3
274 177 1089 284 16.4. Literatur
761 386 1190 455 Techenungabe onde Gewaut!
804 438 866 494 2
428 497 816 561 Husschnitt aus:
888 483 1146 570 Abendan
605 558 835 637 FER 194
1001 554 1184 638 Berlin
428 604 583 661 vom:
577 642 668 701 SRE
439 654 1420 764 Wiener Theater, uns wisd=betichtet: Ein
379 685 1411 799 Satirenabend im Wiener Hofburgtheater vereinigte
396 756 1420 839 Wedekinds „Der Kammersänger“ die
381 802 1417 876 grausame seelische Persiflage auf das geplagte Leben
368 847 1421 908 der singenden Kontraktsklaven, Courtelines
377 894 1420 963 „Boubouroche“ die ironische Predigt gegen die
378 938 1415 1007 Dummheit des ewig=männlichen und die Verlegenheit
370 963 1397 1038 des ewig=weiblichen, Scchnitzlers „Literatur“
366 1012 1406 1084 die boshafte geistreiche Sartreauf die egoistische
389 1050 1401 1123 Schamlosigkeit und Selbstpreisgebung der Dichter.
382 1087 1393 1161 Alle drei Stücke wurden famos gespielt und unter¬
384 1129 1389 1194 hielten das Publikum vortrefflich. Reimers als
385 1172 1379 1245 Kammersänger war ganz reizend in seiner widerstands¬
387 1211 1387 1286 losen Liebenswürdigkeit. Frau Kallina als Helene
376 1263 1394 1332 von starker und glaubhafter Leidenschaftlichkeit.
365 1289 1387 1368 [Treßler meisterhaft von erschütternder Güte als
366 1340 1377 1412 Boubouroche und soigniert als Clemens in Schnitz¬
359 1388 1373 1448 lers Komödie. Strasni enthüllte als alter
371 1408 1397 1499 Komponist wahrhaft ergreifend ein trostloses Leben.
370 1457 1388 1521 Heine und die Marberg sind als Literatenpaar
368 1499 1386 1569 von echtester Verlogenheit. Wenn das Wagnis dieses
366 1538 1389 1610 Abends auch nicht allzu groß war, so bedeutet es
365 1578 1383 1649 doch einen Vorstoß. Was immer man einmal von
377 1618 1389 1684 der Direktion Thimig sagen mag, es wird ihr nicht
397 1660 1397 1723 rgessen werden dürfen, daß unter ihr den Dichtern
417 1710 1404 1796 wlind und Eulenburg das Burgtheater geöffgk
451 1739 624 1817 dch ist.
850 1967 1629 2078 BERIIINER TAGBLAT
501 2024 891 2106 lusschnitt aus:
686 2077 940 2153 2FEB1914
483 2135 657 2192 vom:
456 2213 1638 2315 □O Wedekind im Bürßtheater. Aus Wien telegraphiert
400 2273 1630 2351 unser Korrespondent: Das Burgtheater nahm gestern zum erstenmal
407 2313 1609 2407 Frank Wedekind auf, indem es seinen „Kammersänger“
403 2356 1631 2447 spielte, der aber vom Publikum mit kühler Reserve empfangen wurde.
401 2392 1635 2489 Auch „Boubouroche“ von Courteline fand nachher noch eine matte
407 2432 1636 2540 Stimmung, die sich erst bei Schnitzlers Lustspiel „Literatur“ das der
418 2506 1075 2590 Abend beschloß, ein wenig erwarmte.
478 2914 938 3024 Ausschnitt aus:
936 2928 1612 3029 Montags Journal, Wien
831 2983 1114 3091 2-FERR 1S
474 3039 637 3093 vom:
560 3142 1600 3238 Hofpurgtheater., Dies Hofburg mischt für den Fasching
498 3195 1593 3277 Wedelisd, Courtelite und Schnitzler. Ein seltsames Com¬
486 3260 1590 3316 positum, mehr Expetiment, als wirklich literarisches Pro¬
493 3300 1597 3355 gramm A# besten schneidet natürlich der französische
490 3335 1595 3396 Satyriker ab. Seine Lustigkeit ist eben wirklich frisch¬
489 3383 1588 3451 quellend und gerade der linkische Ehemann, der so graziös
483 3413 1582 3477 die Hörner aufgesetzt kriegt, von unwiderstehlichem Neiz.
481 3473 1580 3515 Auch Wedekind und Schnitzler gefielen; wenn sie auch
485 3497 1579 3557 heiweitem nicht so stark sind, wie der Franzose. Die
489 3538 1583 3599 Darstallung war sehr ungleich. Im „Kammersänger“ war
482 3573 1585 3632 Reimers sehr stattlich, aber zu wenig Karrikatur. Gut
486 3613 1587 3662 swaren Fr. Kallina und Hert Straßmi. — Im Courteline¬
491 3653 1580 3703 Stück kämpfte man mit der Erinnerung an die Auf¬
494 3699 1587 3760 führung im Raimundtheater, wo Balajthys Boubouroche
486 3741 1594 3795 eine Meisterleistung war. Herr Treßler karikierte zu viel
487 3778 1587 3830 und Fr. Retty, war mehr Bürgersfrau als Dirnchen. Treff¬
481 3823 1586 3886 lich Thimig und Zeska. Im dritten Stück waren Fr. Mar¬
476 3847 1416 3908 berg und Herr Heine von köstlicher Wirkung.
1445 3870 1579 3922 Herr
481 3871 1562 3981 Treßler spieltewieder etwas zu viel. Auf derartige Kleini¬
475 3923 1337 4005 keiten ist der Burgtheaterton nicht gestimme
1913 1125 2347 1191 Ausschnitt aus:
2353 1157 3032 1253 Wienen Birtags-Zeitung
1915 1233 2093 1287 vom:
2163 1224 2456 1294 3LFER1914
2020 1328 2856 1450 Theater und Kunst.
1940 1437 3003 1506 (Burgtheater.) Ein Ragout aus der modernsten
1856 1504 2983 1564 dramaiischen Teufelsküche: Wedekind, Courteline, Schnitzler.
1859 1542 2994 1593 Die Komtessenhüter bekamen Moralkrämpfe, und — es
1874 1583 3002 1646 gab ein übervolles Haus. Freilich, „Der Kammer¬
1874 1646 2986 1700 sänger“ ist eins von den artigeren Wedekindchen und,
1878 1690 2999 1757 burgtheatermäßig frisiert, fast ein gesunder, lebfrischer
1865 1736 2996 1799 Junge. Reimers, der die Bonhommie kontraktlich hat,
1871 1796 3003 1857 hat ihr den vertrackten Ueberwitz geruhig ausgelaugt,
1864 1833 3004 1896 Straßnis dünn rieselnder Rührbrei beinahe die
1872 1873 3002 1937 Groteske in gemütsweiche Tragik ersäuft. Frau Kallinas'
1860 1926 3000 1982 heiß flackernde Erotik war Blut vom Blute Wederinds;
1867 1980 2997 2050 das kleine Fräulein Leschka ein backfisch=süßes Weh¬
1870 2019 1985 2086 kind.
1982 2025 2991 2095 — Georges Courtelines tragische Posse „Bon¬
1864 2067 3005 2144 bouroche“ ward aus der scharfzackigen, das Männchen¬
1868 2113 3007 2186 Los mit männlich grimmigem Hnmor ausschreienden
1862 2170 2989 2238 Allerwelts=Tragikomödie in eine rundliche, kurzbeinige und
1859 2212 2989 2266 kurzatmige Hahnrei=Komödie von Dingsda umgebogen.
1865 2268 2990 2341 Treßler, durch eine seiner grandiosen Maskenkünste in
1868 2304 3000 2386 ein Prachtexemplar krokodildicken Spießeriums verlarve.
1865 2351 2988 2432 gröhlte den Liebesschmerz des fettbrünstig im Selbstbetrug
1866 2414 2983 2468 watenden Dickhäuters mit ergötzlich artistischem Possen¬
1867 2447 2981 2518 Humor; der schnippisch zirpenden Circe der Frau Retty
1867 2511 2998 2583 fehlten die Beißzähne, sie koste mit schmolligen Samt¬
1868 2563 2996 2621 pfötchen, anstatt mit listigen Krallen zu würgen; aber der
1858 2607 2995 2669 Liebesschrank mit seiner faden Schlummrigkeit war auch
1867 2649 2043 2714 darnach.
2195 2653 3006 2723 Arthur Sch###rs Einakter
1858 2701 2997 2760 „ Literatur" beschloß mit seiner wienerischen Witzig¬
1860 2746 2991 2814 keit den Szenenreigen, als stäumige, problemfrei hüpfende
1864 2794 2999 2863 Humoreske. Tretzler, als Verwandlungskünstler schon
1856 2834 2999 2899 brillierend, eincharmant blasierter, turfgesprenkelter Elegant;
1867 2896 2998 2945 Lilli Marberg eine entzückend angestochene Bohôme¬
1857 2935 2982 2997 Blüte, mit triebhaft fahrigen Kokotterien und diglektisch
1848 2990 2997 3050 bunten Kapriolen fingernd; Heine, als Typus des
1863 3048 2986 3109 fahrenden Bohemetums, der verschlissene Ahasver des
1862 3075 3006 3156 Literaturkaffees, mit einer schmissigen, wie automatisch
1860 3132 3003 3188 klausenden, losgekurbelten Plaudertechnik. Etwas davon
1933 3180 3070 3249 hutte veny beiden eistel Mentärguengen inniziellswerden
1942 3222 2970 3309 können„dann wären alle drei Köche besser gefahren.
2175 3320 2268 3379 „ „
2311 3323 2567 3420 RRARRRRR
