3436 4384
242 255 1659 360 16.4. Literatur box 22/3
1665 1441 2171 1540 —.—
391 1520 2319 1587 Triumph erlebt sie ja bald genug, wenn sie im Theater=; an etwas außer ihm. Und nun kommt der Tod, uner¬
1355 1572 2324 1634 wartet, unerwünscht, aber unvertreibbar. Doch aus dem
389 1573 1360 1630 ankleideraum im kurz geschürzten, verführerischen Bal¬
149 1550 404 1660 ½ +
1360 1611 2329 1670 Feinde wird ein Freund. In seinem Spiegel entdeckt
393 1626 1361 1676 letteusenkostüm ihm den Absagebrief an seine Braut in die
1358 1658 2332 1725 sich der junge Mann als einen Toren, der am Herrlich¬
396 1659 1354 1712 Feder diktiert. Das war. im Spiel der Eysoldt von einer
150 1659 350 1773 7407
1360 1701 2318 1763 sten im Leben vorbeigegangen; der gar nicht erfahren,
396 1700 1358 1763 dämonischen Gewalt. Wie das Diktat fertig, der Brief
1358 1743 2329 1790 was Leben eigentlich ist; der die köstlichsten Schätze der
392 1750 1352 1804 kouvertiert ist, da blickt sie zu Schön hinüber, den Kopf
235 1757 322 1839 (
1354 1788 2319 1846 Liebe und der Freundschaft vergendet, weil nicht ge¬
395 1793 1355 1851 auf den Tisch gelegt, das rotbraune Haar vom Schein
151 1816 235 1897 6ch
1360 1838 2331 1895 würdigt hat. „Du Tor! du schlimmer Tor, ich will
309 1834 391 1908 S
186 1825 301 1912 #
380 1839 1357 1900 =Lampe übergossen —, und man erschauert bei diesem
1363 1885 2326 1935 dich lehren, das Leben, eh du's endest, einmal ehren“:
391 1885 1354 1939 Blick: der ruchloseste Triumph liegt darin. Es ist restloses
1357 1913 2331 1980 und nun ruft der Tod mit seinen Geigenklängen die
386 1930 1355 1986 Ausschöpfen eines zum Typus gesteigerten Charakters.
140 1910 392 1996 Wertrud Cy¬
1368 1978 2325 2022 Mutter, eine Jugendgeliebte, einen Jugendfreund Clau¬
392 1973 1362 2022 Von den drei Gastspielabenden Frau Eysoldts wird
153 1975 386 2037 auf unserer
1361 2010 2329 2066 dios herbei; und aus den Worten dieser Abgeschiedenen
384 2013 1361 2085 dieser dritte vom 26. Juni vielleicht doch der eindruck¬
149 2023 385 2079 ulu in We¬
1368 2058 2337 2111 entschleiert sich dem Todgeweihten das Geheimnis des
392 2058 1358 2123 samste bleiben. Wir hoffen bestimmt, die große Künst¬
153 2067 389 2126 m Wedekind¬
1366 2096 2331 2153 Lebens: die Hingabe des eigenen Ich. Aber aus dieser
399 2107 1359 2175 lerin im nächsten Winter hier wieder begrüßen zu können.
159 2110 400 2177 g den Besuch
1358 2137 2335 2204 bittern Offenbarung der letzten Stunde quillt ihm noch ein
178 2148 403 2227 Man darf
1367 2183 2335 2259 süßes Glück: „Erst da ich sterbe, spür' ich, daß ich bin“.
437 2168 1362 2243 Herr Artur Ehrens hatte sich zur Abschiedsvor¬
155 2185 399 2260 lbt die Lulu,
1361 2230 1883 2295 Das verklärt ihm den Tod.
401 2221 1355 2294 stellung drei Einakter von literarischem Werte gewählt.
159 2241 395 2303 mörderischen
1424 2250 2336 2328 Ein langer Monolog, unterbrochen von den Worten
394 2282 1365 2341 Der erste freilich ist nichts anderes als eine lyrische
158 2288 397 2347 einer wahr¬
1371 2317 2337 2375 des Todes, der Mutter, der Geliebten, des Freundes;
393 2325 1359 2390 Szene, die der Bühne eigentlich nicht bedarf, in der das
158 2329 396 2388 cksbeweglich¬
1360 2360 2331 2420 von irgendwelcher dramatischen Spannung kaum eine
390 2361 1367 2431 Wort mehr ist als die Aktion, die innere Anschauung
147 2378 396 2443 ingesichts ist
1372 2406 2332 2466 Spur; lauter gedankenvolle, stimmungsreiche Lyrik, von
395 2413 1369 2469 mehr als die äußere Sichtbarmachung, die Seele mehr
152 2413 397 2479 gt, sagt das
1376 2451 2330 2510 feiner Dichterhand in klingende Verse geformt. Man
389 2454 1366 2511 als die Gebärde. Wir reden von Hugo von Hofmanns¬
147 2459 394 2524 genlidern so
1366 2497 2336 2545 müßte dieses Dichterwort restlos verstehen. In unserer
393 2493 1366 2563 thals Dichtung „Der Tor und der Tod“ Der
155 2501 396 2564 den nervösen
1372 2545 2337 2593 Aufführung haben nicht alle dieser Anforderung genügt.
389 2523 1366 2595 Neunzehnjährige hat sie 1893 geschrieben. Es ist doch
156 2557 392 2612 Verheißung,
1366 2583 2332 2640 Leise und verständlich sprechen ist ein schweres Kunst¬
400 2591 1368 2645 gut, wenn man das weiß. Die Konfession des Aestheten
157 2596 404 2650 en und Nü¬
1363 2621 2336 2684 stück, aber kein unmögliches. Das szenische Bild schöpfte
402 2635 1368 2681 ist ihr Inhalt, des egoistisch und kühl Genießeuden, der
158 2635 389 2698 herheit. Vor
1376 2673 2325 2731 die Stimmung nicht untadelig aus; das Studierzimmer
407 2675 1375 2728 den Bereich der geistigen und sinnlichen Lust mit wachen
166 2685 399 2738 einmal wie
1372 2712 2340 2772 eines Aestheten denkt man sich doch etwas anders. Herr
409 2721 1358 2775 Augen, delikatem Verstehen, künstlerischem Kosten um¬
158 2724 402 2783 Tönen mit
1367 2761 2337 2818 Nowotny sah als fidelnder Tod mit Rosen im Haar
407 2757 1364 2818 schreitet, niemals aber in sein Zentrum dringt, weil es
151 2765 392 2833 pfen anfängt;
1368 2794 2339 2864 sehr gut aus und sprach sehr deutlich, was auch für
401 2816 1366 2863 ihm überhaupt nirgends um ein Letztes zu tun ist, das
147 2817 401 2871 er Graf will
1364 2840 2335 2907 Herrn Kaase im vollsten Maße zutrifft; die Worte des
405 2856 1365 2905 Vorletzte ihm vollauf genügt. „Hab' mich iemals
159 2852 400 2914 re dies Lulu
1373 2891 2331 2943 toten Freundes klangen in seinem Munde überaus ein¬
392 2895 1368 2960 daran verloren“ — an das Menschenleben. Keine tiefe
162 2908 398 2964 dieses Wort
159 2946 2347 3012 ird. Und den Leidenschaft, kein heißer Schmerz, keine volle Hingabe dringlich. Leise und sein ging Frau Maria Vera als!
2995 1438 3202 1522 SARAR
2352 1451 2425 1522 — —
2320 1508 3297 1566 Mutter durchs Gemach, das sie mit ihren verhaltenen
2325 1552 3304 1620 Klagen erfüllt. Die Jugendgeliebte sprach Frl. Jäger;
2328 1604 3291 1658 von ihren lieben, guten Worten ging gar Vieles ver¬
2330 1643 3293 1706 loren. Herr Ehrens bewältigte den umfangreichen Part
2336 1689 3298 1755 des Clandio mit erfreulichem Nüancenreichtum in Wort
2327 1731 3296 1795 und Spiel; daß freilich derartige lyrische Ergüsse just
2334 1782 3302 1852 seine Domäne seien, wird man nicht behaupten wollen.
2388 1822 3291 1878 Dem zarten Capriccio folgte der scharf vorwärts
2333 1868 3294 1927 drängende, von heißem dramatischem Atem geschwellte
2327 1910 3291 1964 Akt von Wildes „Florentinischer Tragödie“.
2331 1952 3299 2011 Hier offenbarte Hr. Ehrens als Simone die Kunst seiner
2332 2001 3298 2059 Charakteristik und den feurigen Pulsschlag seines Tem¬
2328 2043 3299 2111 peraments. Die Rolle ist eine seiner besten. Sie brachte
2339 2086 3302 2147 ihm auch gestern brausenden Beifall. Hrn. Nowotnys
2330 2130 3301 2200 Guido Bardi ist eine gleichfalls bekannte tüchtige Leistung.
2338 2177 3298 2235 Frl. Ernst hatte gegen die strahlende Erinnerung an
2341 2216 3307 2287 Frl. Herterich zu kämpfen; unter diesen Umständen sei
2340 2265 3162 2345 dem, was sie bot, das Lob nicht vorenthalten.
2379 2307 3302 2358 In befreiendes Gelächter ging der schöne Abend aus.
2329 2346 3300 2412 Schnitzlers Lustspiel „Literatur“ ist ein Meisterstück
2336 2396 3305 2450 von guter Lauue, blitzendem Geist und prachtvoller
2336 2441 3313 2500 Ironie. Hr. Nowotny spielt den Clemens unübertreff¬
2338 2478 3306 2542 lich, und Hr. Ehrens ist ein unbezahlbarer Gilbert.
2343 2529 3306 2594 Munter und elegant fügte sich Frl. Winter als Margarethe
2338 2580 3044 2633 ein. Es war ein runder, reiner Genuß.
2380 2605 3316 2679 Des Beifalls war kein Ende. Hr. Ehrens mußte als
2338 2661 3320 2717 Held des Abends immer und immer wieder sich zeigen.
2340 2704 3324 2759 Er hinterläßt eine schwer auszufüllende Lücke. Wir wer¬
2343 2737 3317 2810 den ihm ein gutes Andenken bewahren und seine auf,“
2346 2787 3309 2871 wärts weisende Karriere mit lebhaftem Interesse und
2341 2836 2834 2912 besten Wünschen verfolgen.
