3436 4384
264 173 1680 283 16.4 Literatun box 22/3
840 1226 1156 1306 Uurg, Vor0l0.
743 1295 1230 1349 (Quellenangabe ohne Gewähr.)
850 1334 1552 1419 WIENER ZEITUNG
447 1368 1062 1478 Ausschnitt aus:
1092 1390 1211 1468 914
454 1463 611 1529 vom:
774 1583 1257 1673 „Theater und Kunst.
540 1652 1542 1757 (Hofburgsheater.) Das Burgtheater gab
496 1714 1547 1809 heute einen Abend von drei Novitäten, die, so moderne
494 1771 1542 1848 Dichternamen sie tragen, doch schon auf eine Reihe
497 1829 1542 1903 von Jahren seit ihrer Entstehung und ersten Wiener
484 1864 1534 1943 Vorführung zurückblicken. Gerade das erste Stück, das
480 1918 1525 1989 Frank Wedekind auf der Hofbühne einziehen läßt,
479 1969 1536 2046 erwies sich als das in unserer raschlebigen Zeit ver¬
492 2025 1536 2097 altetste, zumal da für die Hauptrolle des Kammer¬
499 2066 1541 2148 sängers in Herrn Reimers wohl ein gemütlicher
479 2131 1527 2187 und liebenswürdiger Repräsentant, aber keineswegs
489 2171 1529 2248 ein echt Wedekindscher Aphoristiker noch eine
485 2226 1521 2287 interessante Individualität zur Verfügung stand.
478 2282 1514 2330 Dagegen gab Courtelines lustiger „Boubouroche“
480 2312 1534 2377 Herrn Treßler Gelegenheit, ein nicht genug zu
472 2376 1530 2461 bewunderndes technisches Meisterstück zu schaffen, das
472 2433 1533 2495 einen der genialsten Einfälle seiner reichen Kunst¬
474 2476 1532 2545 bedeutet. Am wohlsten fühlte man sich freilich bei
468 2520 1508 2589 dem Wiener Schwühber,— dessen übermütigen Ein¬
471 2566 1523 2647 akter „Literatur“ Frl. Marbergs Charme und
467 2625 1519 2691 Herrn Treßlers Drolerie zu bester Wirkung
465 2678 1532 2738 brachten, mag auch das Parodistische und Bodenständige
479 2715 1531 2793 des reizenden Scherzes bei beiden etwas zu kurz
468 2771 797 2848 gekommen sein.
1236 2778 1472 2858 A. v. JL.
2747 233 2980 317 Seite 11
2005 239 2423 330 1. Februar 1914.
1891 353 3060 421 Hoftheaters: „Die Maklabäer“. Abends ½7 Uhr:
1890 410 2313 483 „Der Reiherbusch“.
2234 494 2738 576 Hofburgtheater.
1899 542 3068 620 „Der Kammersänger“ von Frank Wedekind.
1949 606 3064 661 „Boubouroche“ von George Courteline.—
2007 644 2986 691 „Literatur“ von Arthur Schnitter.
1922 680 3038 748 Zur Erstaufführung am 31. Jänner 1914.
1972 731 3065 781 Man wird sich ihn gut merken müssen, diesen letzten
1906 785 3075 827 Jännertag des Jahres 1914. Ein geliebtes Theater erklärte sich
1894 815 3065 852 an diesem Letzten bankerott und wendete, um es uns zu be¬
1899 851 3073 911 weisen, seine Taschen. Da fielen drei grünspanige Hellerlein
1894 902 2709 954 heraus. Nun muß man es freilich glauben.
1992 915 3078 976 Es lag schon lange in der Luft und Eingeweihte flüsterten
1900 961 3083 1025 sich's bedeutsam zu: Wedekind ante portas! Und nun hat man
1911 998 3076 1057 ihn sozusagen bei Nacht und Nebel eingeschmuggelt. Wedekind
1912 1046 3064 1094 am Burgtheater? O, bitte, nur ein kleiner Einakter. Und ganz
1905 1074 3078 1145 zahm, höchst bürgerlich. Kein Anlaß zu Besorgnissen. Der Mann
1910 1121 3068 1189 ist überhaupt besser als sein Ruf. Jetzt kann man ihn gar am
1908 1163 2855 1198 Burgtheater aufführen, ohne daß es Skandal gibt.
1981 1196 3078 1247 Also, der „Kammersänger“, der gestern abend den
1893 1233 3075 1294 Tannhäuser gesungen hat (treffliches Burgtheaterorchester, wie
1907 1275 3071 1323 lieblich bereitetest Du die Stimmung mit einem „Tannhäuser“¬
1904 1305 3080 1361 Potpourri vor!), läßt eben in fliegender Hast im Hotelzimmer
1899 1355 3077 1387 seine Koffer packen, um nach einer andern Stadt zu reisen, mo
1898 1388 3076 1447 er morgen den Tristan singen soll. Höchste Bahnhofeile. Nur
1914 1429 3073 1474 mehr 24 Minuten Zeit, nach einer halben Stunde nur mehr
1898 1472 3083 1519 19 Minuten, nach einer ganzen Stunden nur mehr 2 Minuten!
1904 1504 3077 1552 Höre, Kammerdiener, ich muß noch meine Tristanrolle stu¬
1898 1543 3077 1589 dieren und bin für keinen Menschen zu sprechen, für keinen ein¬
1901 1575 3085 1623 zigen Menschen, wer immer es auch sei. Und wirf mir die Hosen
1908 1616 3077 1674 nicht so ungeschickt in den Koffer, sondern falte sie, siehst Du, so!
1918 1661 3077 1715 Ein Haufen Blumen, von entzückten Backfischen liegt miß¬
1916 1696 3083 1742 achtet auf dem Klavier und den Pack von Briefen, schmachten¬
1916 1732 3080 1776 den Liebesbriefen, soll der Teufel holen. Nun will ich rasch
1914 1767 3086 1828 den Tristan studieren... Noch ein wenig Luft hereingelassen,
1909 1802 3075 1856 den Balkonvorhang weggezogen... aber was ist denn das? Ein
1916 1855 3087 1895 blutjunges Dingerl mit einem Rosenstrauß hat sich hinter dem
1905 1896 3083 1939 Vorhang versteckt, hat sich eingeschlichen zu dem vergötterten
1910 1931 3095 1972 Sänger und ist nicht so leichten Kaufes wegzubringen, wie kost¬
1915 1965 3096 2013 bar die Kammersängerzeit auch sein mag. Wenn der Kammer¬
1919 2007 3083 2061 sänger nicht so anständig wäre, so könnte jetzt in dem Hotel¬
1919 2042 3090 2101 zimmer ewtas passie#en. Einen Kuß will sie, aber schließlich
1915 2091 3093 2127 ist sie auch mit einem Bild zufrieden. Kaum ist der Kammer¬
1920 2113 3086 2171 sänger dieser Belästigung ledig, so stürmt der alte Professor
1922 2165 3093 2203 Dühring mit seiner Opernpartitur herein. Seit acht Tagen
1916 2185 3089 2240 lauert er auf dieseen Augenblick, zwei Stunden ist er eben im
1919 2226 3096 2282 Regen auf der Gasse gestanden, ohne naß geworden zu sein, und
1928 2272 3090 2330 jetzt hat er den Kammerdiener überlistet, indem er sich auf dem
1923 2302 3092 2364 Klosett versteckte, und nun ist er da und muß dem Kammer¬
1928 2337 3099 2402 sänger seine Oper vorspielen, denn der Sänger soll diesem ver¬
1924 2377 3095 2435 kannten, unter Warten und Hoffen weiß gewordenen Mann end¬
1916 2421 3089 2477 lich dazu verhelfen, daß seine Oper aufgeführt werde. Aber der
1925 2449 3094 2511 Kammersänger hat ja keine Zeit, muß abreisen und muß doch
1922 2489 3102 2554 seinen Tristan studieren. Nützt nichts, er muß sich die Partitur
1915 2536 3099 2599 vorspielen lassen. Anstatt den Alten glatt hinauszuwerfen, er¬
1923 2563 3094 2625 gibt sich der Sänger in sein Geschick. Und nun — erschütternd
1928 2609 3089 2671 schön, rührendste Minuten dieses Abends — krächzt der Alte
1928 2646 3093 2700 sein Werk vor, findet sich selber darin nicht zurecht, nützt diese
1933 2683 3089 2745 langersehnte Viertelstunde schlecht, kläglich schlecht. Der Kam¬
1928 2724 3090 2782 mersänger ganz ungerührt, gibt ihm eine Hoffnung, sondern
1922 2755 3099 2815 will ihm Geld geben, das aber zurückgewiesen wird. Der Kam¬
1935 2795 3092 2853 mersänger, ehe er entdeckt wurde, Tapezierergehilfe, hat andere
1931 2827 3091 2890 Begriffe von der Kunst als der arme Alte. Wir Künstler,sagt
1932 2878 3105 2934 er, sind ein Luxusgegenstand für die Reichen. Das Gefühl des
1937 2906 3095 2971 Zur=Kunst=Berufenseins ist ein Unsinn. Arbeiten! Singen, wenn
1928 2962 3087 3010 man Stimme hat und schon entdeckt ist, sonst Tapetenkleben!
1939 2988 3100 3056 Aber nicht zwei Stunden im Regen auf der Gasse stehen! — Da¬
1932 3043 2608 3097 macht sich der Alte enttäuscht davon.
2000 3054 3106 3131 Neuer Auftritt. Helene hat den Kammerdiener, der ihr den
1939 3108 3099 3168 Eintritt verwehren wollte, einfach geohrfeigt und ist nun da.
1939 3155 3098 3205 Heftig erregt bestürmt sie den geliebten Sänger, sie nicht zu
1937 3185 3101 3242 verlassen, sie mitnehmen. Sie ist die schönste Frau der Stadt,
1931 3226 3100 3273 reich, Gattin eines angesehenen Mannes und Mutter zweier
1930 3268 3108 3316 Kinder. Sie kann von dem Sänger, der sie, wie hundert Frauen
1930 3314 3110 3350 vorher, in Besitz genommen hat, nicht lassen. Sie kriecht winselnd
1931 3332 3113 3379 vor ihm auf dem Fußboden herum. Vergeblich ist all sein Zu¬
1933 3380 3114 3425 reden, all sein Vorstellen, sein Erinnern an ihre Kinder. Er darf
1935 3413 3119 3466 sie nicht mitnehmen, denn in seinem Kontralte heißt es, daß er
1938 3468 3113 3507 weder heiraten, noch in Damengesellschaft reisen dürfe. Und in
1938 3504 3105 3542 ein paar Minuten geht sein Zug. Also, nur raschen Abschied. Da
1940 3527 3100 3582 schießt sie sich eine Revolverkugel in den Kopf, diese Mutter
1932 3580 3105 3622 zweier Kinder. Der Kammerdiener schreit nach einem Schutz¬
1937 3603 3105 3649 mann, der ihn verhaften möge, damit er vis major nachweisen
1946 3653 3099 3704 könne, denn nur eine solche kann ihn vor dem Vorwurfe des
1930 3685 2581 3738 Kontraktbruches retten. Vorhang.
2015 3718 3101 3772 Der Kammersänger ist das tragikomischeste Bild eines von
1939 3761 3105 3808 fremden Eigennützigkeiten bedrängten Künstlers. Eine Ster¬
1942 3799 3103 3847 bende hört einen Witz und ein sonst immer pünktlicher Sänger
1948 3822 3113 3890 versäumt zu guter letzt doch noch seinen Zug. Unzulänglichkeiten
1949 3873 3100 3931 überall im Leben. Man soll nicht damit rechnen, jemals seinen
1949 3914 3100 3973 Zug zu erreichen, und zwei Kinder sollen nicht allzu sicher dar¬
1949 3963 2665 4021 auf hoffen, ihre Mutter zu behalten.
2017 3977 3099 4059 Gräßlich ist es immer wieder, zu sehen, wie wenig dieser
1938 4022 3109 4107 Dichter an das Leben glaubt. Aber gräßlicher noch, wie sehr er
1952 4079 2845 4137 uns um unseren Glauben an das Leben beneidet.
2616 4086 3108 4147 verlänger und stattele ihn
