3392 4352
1174 200 1703 291 box 22/3
292 199 1091 307 16.4. Literatur
1152 1429 1528 1525 Telephon 12.801
700 1615 1419 1728 „SDSERTER
611 1673 1561 1784 1. österr. behördl. konz. Unternehmen für Zeitunge¬
973 1749 1223 1810 Ausschnitte
765 1776 1415 1878 Wien, I. Concordiaplatz 4.
949 1847 1255 1905 Vertretungen
623 1856 1582 1971 in Berlin, Basel, Budapest, Chicago, Cleveland,
633 1914 1579 1998 Christiania, Genf, Kopenhagen, London Madrid,
626 1942 1577 2046 Mailand, Minneapolis, New-Vork, Paris, Rom, San
636 1978 1584 2087 Francisce, Stockholm, St. Petersburg, Toronto.
863 2032 1348 2112 (Quellenangabe ohne Gewähr.)
928 2078 1580 2192 -
632 2110 1700 2244 Aus####terreichische Morgenzeitung
642 2219 1065 2302 vom: 6-APR. 1917
1079 2238 1536 2325 nandelsblatt
1090 2309 1467 2379 Mähr.-Ostrau
794 2456 1479 2577 Theater und Kunst.
792 2545 1615 2629 (Das Schweizer Gastspiel des Burgtheaters)
649 2611 1614 2666 Am 2. April fand in Zürich die zweite Vorstellung
646 2649 1614 2730 statt. Das Burgtheater spielte „Esther“ von Grill¬
659 2719 1615 2773 parzer „Tor und Tod“ von Hofmannsthal und
1142 2740 1611 2827 tler. Es gab große Bege%,
661 2753 1035 2813 „Literatur“ von
651 2785 1305 2881 stürung in dem dichtbesetzten Saal.
2380 1489 2645 1561 — ——
2291 1518 2831 1635 Fremdenblatt, Wien
1831 1560 2289 1638 Ausschnitt aus:
2068 1599 2709 1701 # Abendblatt
1834 1656 1995 1718 vom:
1998 1776 2759 1895 Theater und Kunst.
1770 1873 3013 1979 Das Burgtheatergastspiel in der Schweiz.
1873 1950 2985 2007 Aus Zürich wird uns telegraphiert: Das Burg¬
1758 1980 2977 2072 theater setzte am zweiten Abend seinen Triumphzug durch
1761 2051 2989 2118 die rasch gewonnenen Herzen Zürichs fort; Hoffmannstals
1767 2101 2979 2146 „Tor und der Tod“ ließ allerdings bei aller Bewun¬
1773 2143 2994 2214 derung für die malerischen Reize der Sprache und die Dar¬
1764 2188 2978 2259 stellung ziemlich kühl, „Esther“ jedoch begeisterte das Pu¬
1776 2236 2992 2303 blikum durch überwältigende Pracht der Ausstattung, durch
1768 2284 2988 2337 die Schönheit der Wohlgemuth, von der bereits die
1769 2335 2969 2391 ganze Stadt schwärmt. Auch Walden und Paulsen
1761 2384 2990 2458 teilten sich mit ihr in die großen Ehren des Erfolges. Artur
1765 2425 2983 2498 Schnitzlers „Literatur“ bildete den Schluß und
1762 2470 2980 2535 wurde gleichfalls bejubelt. Die Marberg, Heine und
1755 2524 2987 2575 Treßler bildeten ein ideales Dreigespann und spielten
1769 2571 2977 2643 Schnitzler mit jenem Humor, über den nur das Burg¬
1764 2616 2976 2703 theater in seinen besten Stunden verfügt. Alle mitwirkenden
1761 2665 2624 2750 Damen wurden mit Blumen überschüttet.
