3392 4352
315 224 1114 334 16.4. Literatur
426 1068 1269 1177 schnrlanse und Welt, Berlin
336 1152 547 1278 S
544 1167 1175 1282 S
418 1254 1170 1336 Darmstadt. Vier Opern Verdis, scche
363 1304 1179 1359 Meisterwerke „Rigoletto“ (mit Walter Som¬
368 1353 1162 1418 mer als erfolgreichem Gast in der Titelrolle),
383 1390 1169 1452 „Der Maskenball“, „Aida“ und „Der Trou¬
374 1419 1178 1487 badour“, gaben bei ihrer Aufführung am
374 1461 1172 1527 Hoftheater (zur Hundertjahrfeier des
380 1491 1180 1563 Meisters) dem Italiener Arturo Vigna
376 1544 1191 1596 Gelegenheit, seine feldherrnmäßige Dirigenten¬
377 1578 1181 1637 kunst auch hier sieghaft zu entfalten. Ein
379 1613 1192 1679 hinreißendes, feuriges Temperament, gebän¬
382 1656 1185 1713 digt durch Kunstverstand — das war der Ge¬
388 1691 1184 1756 samteindruck, den man von dem Manne mit¬
383 1727 1192 1790 nahm. Nach den Goethespielen, in denen vor
383 1774 1181 1842 allem Hans Baumeister als Egmont,
382 1813 1184 1875 Tasso und Beaumarchais geglänzt, kam man
385 1848 1185 1915 uns im Schauspiel „Hochmodern“ mit drei
388 1891 1194 1957 Einaktern von Wedekind („Der Kammer¬
383 1926 1186 2001 sänger"), Salten („Auferstehung") und
393 1967 1187 2042 Schnitzler („Literatur"). Das Wedekindsche
396 2007 1191 2076 Stuck zeigt wenigstens Spüren von Leben,
396 2036 1206 2110 zeigt trotz aller inneren Brüchigkeit Ansätze
831 2084 1200 2139 Hinter den possen¬
401 2093 803 2144 von Gestaltungskunst.
398 2124 1194 2188 haften Grimassen lauert blutige Satire, in
392 2162 1202 2234 dem ganzen grotesken Ulk steckt noch ein
403 2198 1211 2259 ernster Kern. Auf den dramatischen Plau¬
408 2241 1210 2302 dereien der beiden Wiener dagegen lastet ganz
403 2282 1208 2337 der Fluch des großstädtischen Nur=Literaten=
403 2327 1193 2371 tums. Umspült vom Geiste der Frivolitäti
396 2358 1191 2415 durchseucht von fauler Erotik, aufgeputzt mit
402 2400 1203 2459 geistreichelndem Witzgeflunker, ungeniert von
403 2430 1207 2486 Rücksichten auf sittliches Feingefühl, müssen
408 2480 1224 2540 solche Machwerkchen gekunstelter Unnatus¬
407 2514 1220 2580 jeden noch nicht vor allen guten Instinktens
416 2542 1228 2613 Verlassenen anwidern. Das gilt in erhöhtems
414 2591 1218 2650 Maße von den aufgeblasenen, affektierten¬
407 2618 1230 2703 Nichtigkeiten des Wieners Peter Alten=
406 2665 1221 2727 berg, dem die „Freie literarisch¬
422 2699 1214 2767 künstlerische Gesellschaft“ einen
411 2750 452 2792 1
414 2752 1221 2812 ihrer zehn Abende widmen zu müssen glaubte.
424 2781 1220 2847 Es war ein glänzender Reinfall. Verdienst¬
417 2824 1225 2895 licher war der Versuch derselben Gesellschaft,
411 2873 1220 2933 Verhaerens dramatische Episode Phi¬
415 2890 1217 2967 lipp II. (in der Uebersetzung von Stefan
426 2938 1224 3011 Zweig) durch Berufskünstler und Dilettanten
420 2979 1224 3041 aufführen zu lassen: ganz auf lyrisches Pa¬
430 3013 1229 3076 thos gestellt, ohne dramatisches Mark und
429 3058 1233 3118 Rückgrat, vermag das Stück trotz mancher
426 3106 1233 3165 Schönheiten seinen Bühnenwert nicht zu er¬
423 3133 1232 3189 weisen. Im Grauenhaften kann sich der
430 3168 1243 3238 Dichter kaum genug tun; uns das Gruseln¬
433 3216 1240 3287 zu lehren, ist aber nicht Aufgabe jdes tra¬
426 3270 709 3339 gischen Poeten.
1265 216 1721 309 box 22/3
1733 1268 3157 1371 Die einaktige Satyre ist eine intime Ent¬
1582 1375 3150 1487 hüllung aus der Hexenküche der Literatur vel¬
1590 1499 3156 1591 che der ironischen Feder Artur Schnitzlersent¬
1596 1601 3071 1715 stammt und welche die Thalia“ Gesellschaft
1595 1724 2638 1816 zum ersten Hal aufgeführt hat.-
1748 1842 3124 1918 Aus grossen und kühnen Zügen aus der In¬
1589 1950 3081 2037 tirität der Literatur, aus Zügen, welche den
1592 2042 3121 2144 tiefsten Geheimissen der Kunstverkstätte ab¬
1600 2165 3117 2254 gelauscht sind, ist dieses ironi che Bild zu¬
1597 2258 3151 2351 sammengesetzt, aus dessen skizzenhaften Unris¬
1600 2387 3120 2475 sen, bald hier, bald dort, ein tief bitterer
1601 2478 3155 2582 Ton hervorklingt, der in der Seele der jenigen
1611 2586 3128 2687 verborgen liegt, die nit der Literatur in en¬
1592 2710 3075 2803 gen Kontakt stehen.- Es ist unmöglich, dass
1611 2829 3082 2914 diese keine Bitternisse haben und eben des¬
1600 2923 3108 3010 halb karn es nicht anders sein, als dass sie
1607 3032 3134 3128 mit wahrster Liebe, mit sehnerslichster Liebe
1610 3145 2416 3228 die Literatur Tieben.-
1744 3258 3021 3364 Als ein liensch mit soicher Seele gab
1574 3367 3125 3467 sich Artur Schnitzler in dieser seiner Satyre
1580 3480 3111 3579 und eben deshalb var er uns so sympatisch und
3144 3597 3246 3650 WRN
