3436 4384
-22 1983 43 2045 n
-23 2655 51 2732 1
1219 179 1690 278 box 22/3
273 183 1183 302 16.4. Literatur
203 1215 452 1315 Ssem an
1341 1217 1643 1316 G S
847 1301 3283 1370 als drastisch abwechselnde Nachfolge des tief= und dichterisch beinahe sympathisch werden. Er ist ein ehrlicher Mensch, er
187 1171 807 1417 heater rmiteren.
856 1352 3277 1421 empfundenen religiösen Mysterienzpieles „Jedermann“ — gleich warn alle exzentrischen und liebestollen Weiblein vor sich
367 1388 810 1461 Wien, 3. Februar,
861 1391 3281 1469 drei noderne“ Premièren serpiert, die, genan besehen, weder selbst — und hat vielleicht wirklich daran die wenigste Schuld,
190 1414 860 1497 . drei Szeuen von Frank Wede¬
2061 1444 3285 1505 daß sich diese unverbesserlichen Schwärmerinnen ihm immer
859 1454 2064 1515 gar so „modern“, noch (für Wien wenigstens) strenge genom¬
189 1492 870 1557 he“, tragische Posse in zwei Akten
855 1494 2075 1565 men, überhaupt keine Premièren mehr waren, de alle drei
2061 1498 3285 1563 wieder und wieder ungerufen — und manchmal wohl auch
179 1533 863 1598 e. Übersetzt von Siegfried Tre¬
860 1551 2068 1602 Stücke bereits auf kleineren Bühnen unserer Stadt — vor
2057 1549 3277 1625 unerwünscht — an den Hals werfen. Denn er hat doch nie
184 1586 857 1659 Lustspiel in einem Akt von Artur
862 1593 2066 1655 Jahren schon! — ihre Erstaufführung erlebten. Ein trauriges
2065 1597 3282 1661 Zeit, muß heute in Paris und vielleicht übermorgen schon
188 1644 537 1714 ni 1
864 1647 2069 1708 Zeichen fürwahr, wenn unsere Hofhühne zu den Ablegern eines
2067 1649 3271 1713 in Florenz singen, ist einmal im Norden, dann im Süden,
172 1669 860 1763 Wricht so ganz mit Unrecht bekämpf¬
859 1679 2064 1760 Theaters in der Josefstadt greifen mus! Hat Deutsch=Öster¬
2065 1693 3281 1758 und pendelt mit der Pünktlichkeit eines transatlantischen Dop¬
176 1730 868 1808 bt sich das Wiener Hofburgtheater
859 1744 2059 1803 reich wirklich so gar keine ringenden und beachtenswerten dichte¬
2058 1750 3294 1804 pelschraubenschnelldampfers zwischen Europa und Amerika um¬
182 1794 855 1858 dlichste Mühe, sein so schon mehr
851 1795 2063 1861 rischen Talente mehr, daß im kaiserlichen Burgtheater immer
2060 1796 3322 1860 her. Verdient heidenmäßig viel Geld, gerade darum, weis *
192 1839 869 1900 Renommee einer ersten deutschen
854 1829 2074 1900 wieder nur Franzosen, Ituliener, Spanier oder so ganz un¬
2061 1843 3277 1900 er so pflichtbewußt und tätig ist. Ein wenig schlägt diesem
185 1896 866 1963 en. Läßt man nämlich in seiner
858 1889 2074 1951 deutsche Deutsche und vaterlandslose, alles und jedes mit der
2063 1885 3275 1960 Abgotte aller Opernbühnen, dieser Idealgestalt eines Lohen¬
177 1938 870 2010 berbunten Reigen all jener Novi¬
858 1943 2063 2002 Lauge ihres zynischen Spottes übergießende Juden als Autoren
2057 1922 3288 2015 grin, Tristan u. s. w. immer noch der alte Tapezierergehilfe
181 1988 869 2056 che während der zwei letztvergan¬
851 1980 1279 2059 figurieren müssen.
2053 1981 3273 2060 ins Gemüt. Er singt mit einer gerade so beharrlichen Verläß¬
198 2034 868 2101 gingen, vorüberziehen, so kann
942 2020 2074 2105 Wedekinds oft genug schon besprochener und oft genug
2055 2047 3274 2105 lichkeit heute seine bezaubernden Arien, als er ehedem Ta¬
180 2091 861 2161 illen nicht des quälenden Gefühles
2063 2093 3275 2147 peten klebte. Jede Störung, die ihm den so über alles gefürch¬
851 2089 2064 2169 schon von der liberalen Presse zum „Meisterwerk“ hinauf¬
188 2140 857 2198 hauung erwehren, für mehr oder
859 2138 2071 2200 gelobter „Kammersänger“ leitete diesen gewagtester Experi¬
2059 2146 3283 2204 teten Kontraftbruch bringen könnte, sucht er aus kluger Ge¬
174 2178 859 2246 anemnandergereihte Versuche einer
851 2184 2067 2246 mentalkunst gewidmeten Premierenabend ein. Wir machen die
2060 2187 3276 2255 schäftstüchtigkeit zu vermeiden. Wer nun auch immer das
168 2218 869 2311 ühne den zumeist restlos enttänsch¬
863 2234 2063 2292 Bekanntschaft des erfolgreichen „Tenor-Tapezierers“, der es
2061 2239 3281 2304 störende Element sein mag, eine verzückte, dumme Anbeterin
193 2284 873 2356 haben ... Denn, was haben wir
850 2266 2066 2335 seiner Kehle und last not leatt seinem pfissigen Impres¬
2056 2295 3283 2368 seiner goldenen und goldbringenden Stimme, oder ein alter,
185 2332 862 2402 te mit schwülserotischeen Inhalt,
855 2322 2060 2402 sario verdankt, daß ihm die ganze Welt und insbesondere aber
2061 2339 3285 2409 weltunkundiger, aber wirklich großer Künstler, der als Opern¬
193 2367 867 2455 si wollendem, in Wahrheit aber so
856 2389 2057 2446 — worauf Hirr Wedekind seine Handlung baute, — soundso¬
2056 2383 3288 2456 komponist die Huld und damit auch die Protektion des ge¬
185 2435 873 2500 iem Phrasengeklingel ausarteten,
887 2432 2065 2489 viele schwärmerische Backsische und verrückte Weiber zu Füßen
2059 2421 3279 2509 feierten Kammersängers erwerben will, alles wird ohne viel
174 2485 867 2547 banale Lustspielmanier des seligen
858 2481 2067 2550 liegen. Darai läßt sich am Ende gar nicht zweifeln, das
2063 2492 3283 2540 Unterschied und Federlesens zu machen, abgewiesen oder nasch,
854 2530 2062 2594 ist lebenswahr und natürlich. Ein Tenor ist immer vergöttert
196 2534 862 2595 genug des grausamen Spieles!
2063 2530 3272 2588 nach einem knappen Viertelstündchen hoher Audienz, wieder
854 2569 2055 2637 worden, und ein Geleyrter, der tiefgrändig wissenschaftlichen
199 2564 860 2648 as gediegeneres Werk zu Worte,
2058 2584 3274 2649 heimgeschickt. ... Da kommt einmal das Verhängnis in Ge¬
852 2628 2072 2703 Boden kultiviert hat, ein Künsile, der schöpferisch in Marmor
200 2632 858 2689 e wahrhaftige Dichtung hätte ge¬
2056 2628 3280 2693 stalt einer exaltierten Frauensperson, einer, die, wie biele Hun¬
176 2670 861 2738 nd sie taube Ohren. Flugs spilte
854 2677 2062 2736 und Erz arbeitet, ein gottbegnadeter Tichter, ein Raffael und
2052 2688 3272 2745 derte vor ihr, den Kammersänger mit Liebesbeteurungen be¬
180 2711 2065 2795 lamm die anstürmende Flut nach= Michelangelo, ein Staatsmann m## alles, was wirklichen Wert
2054 2729 3278 2806 drängt, die ihm folgen will als getreue „Sklavin“ und die
180 2780 861 2849 n= und hausfüllender Sensations¬
861 2769 2070 2830 in sich selbst trägt, sinkt vor den Angen der Wesen mit den
2060 2791 3277 2849 zuerst rast und dann ohnmächtig wird, weil dieser edle Lohen¬
174 2826 851 2899 eiherbusch“ und „Die fünf Frank¬
855 2827 2064 2898 langen Haaren und dem kurzen Verstande einem Opernsänger
2064 2831 3280 2894 grin (der mehr nach fetten Tantièmen, als nach süßen Schäfer¬
187 2868 863 2941 das Opus gleichsam für immer
859 2880 2075 2941 gegenüber, zumal einem schmachtenden, fettigen Tenor, ins
2050 2877 3270 2945 stündchen Verlangen trägt) sie mehr oder weniger brutal ab¬
168 2898 440 2979 Parchivs ein.
852 2924 2064 2978 wesenlose Nichts zusammen. ... Und trotz all seiner Eitel¬
2062 2925 3282 2990 schüttelt. Diese Frau — die uns Wedekind als Mutter von
851 2971 2067 3029 keit und Dummheit, trotz seiner empörend professionellen Auf¬
186 2954 870 3034 freilich noch sehr wenig bewähren¬
2057 2980 3269 3041 zwei Kindern vorstellt — kommt (auch wie so viele vor ihr!)
185 3028 3283 3115 fletzten Jännertage — wahrscheinlich fassung eigener Kunst, #a## ans Wedelinds „Kammersänger“ knapp vor der Abreise des Kammersängers, also zur denkbar
