3484 4384
329 191 1173 287 16.4. Literatur
1271 192 1738 275 box 22/3
1785 628 2163 708 Wien, Sonntag
1276 635 1518 720 Seite 12
1281 726 2361 800 Zweites Bild: Bei Adele. Ein fescher junger Mann sitzt be¬
1190 773 2369 828 haglich auf dem Diwan und summt Boubouroches Lieblinds¬
1193 811 2350 877 lied: „Im Frieden nur schwingt meine Hand den Hammer...
1195 849 2368 921 Der junge Mann ist hier sichtlich daheim. Er spricht mit Adele
1202 889 2376 957 höhnisch von Herrn Boubouroche, der diese Wohnung bezahlt.
1205 930 2381 1006 Es klingelt. Gemütlich betritt der junge Mann einen großen
1206 965 2385 1036 Reiderschrank, geräumig, mit elektrischem Lichte versehen, eine
1206 998 2377 1072 bequeme Bank, Erfrischungen, Lektüre bergend= sozusagen ein
1204 1042 2383 1099 mnöbliertes Zimmer in einem Zimmermöbel. Hier kann der
1209 1078 2376 1151 junge Mann ganz gemütlich ein paar Stunden zubringen, wäh¬
1213 1115 2379 1186 rend draußen Boubouroche mit Adelen kost. Wenn es nicht
1215 1157 2389 1228 Boubouroche war, der klingelte, wenn nur jemand an der Tür
1219 1198 2394 1272 fragte oder dergleichen, so kommt Adele ins Zimmer zurück,
1213 1259 2383 1298 klopft an den Schrank und der junge Mann steigt gelassen wie¬
1218 1269 2386 1352 der aus seinem Kasten heraus. Eben läutete es zweimal auf
1211 1308 2384 1380 belanglose Art. Doch nun, beim dritten Male, Sturmgeläute!
1213 1369 2393 1424 Das ist Boubouroche. Wutschnaubend stürzt er herein. Unter dem
1212 1387 2403 1455 Tisch, unter dem Diwan sucht er, hat er doch von der Straße
1215 1425 2394 1503 aus zwei Schatten am Vorhange gesehen! Adele heuchelt Ver¬
1226 1463 2398 1531 letztsein über seinen Argwohn, ja, sie wird böse mit ihm, bis er
1220 1517 2401 1570 kirre wird und zugibt, er könne sich geirrt haben, bis er sie nach¬
1225 1544 2402 1615 gerade um Verzeihung bittet wegen seines schmählichen, un¬
1226 1581 2395 1642 begründeten Verdachtes —— da löscht unversehens die Lampe
1235 1619 2410 1696 aus, das Zimmer liegt stockfinster, nur aus dem Schrank dringt
1235 1657 2403 1728 durch das Schlüsselloch verräterisches Licht. Boubouroche reißt
1232 1698 2397 1774 den Schrank auf und ohne Erregung steigt der junge Mann her¬
1235 1740 2400 1811 vor. Boubouroche rast und kann sich nur mühsam verlockender
1226 1771 2406 1842 Handgreiflichkeiten enthalten. Kaum aber ist der junge Mann
1235 1807 2407 1889 draußen, beginnt Adele, rasch gesaßt, eine neue Komödie. Gut,
1233 1858 2402 1924 der Schein spreche gegen sie. In Wahrheit aber liege hier ein
1228 1905 2398 1985 düsteres Familiengeheimnis vor. Wenn Boubouroche es von
1238 1923 2414 1984 ihr fordere, so werde sie es enthüllen. — Nein, Boubouroche ist
1239 1965 2396 2041 ein Gentleman. Er glaubt ihr. Er bittet sie wieder um Ver¬
1235 2003 2398 2091 zeihung und ist unglücklich, da sie von getäuschtem Vertrauen und
1239 2047 2406 2101 Abschiednehmenmüssen spricht. So verzeiht sie ihm denn endlich
1241 2088 2396 2146 und macht ihn so glücklich, daß er sich, um noch eine kleine Rache
1250 2121 2407 2193 an einem benachbarten Vemeumder abzutragen, den verräte¬
1240 2152 2402 2247 #rischen alien Nachbar im Schlafkostüm herüberholt, um ihm
1236 2203 1900 2266 einen Fußtritt versetzen zu können.
1316 2223 2407 2312 Dies ist die Geschichte von der Arglist der Weiber und der
1248 2275 2410 2331 Dummheit der Männer. Sie ist tölpelhaft und eigentlich sogar
1248 2313 2403 2386 für ein besseres Kino zu schlecht. Vielleicht auch riskiert es das
1249 2350 2408 2427 Apollotheater, diese Posse, rubriziert unter der neuen Kunst¬
1260 2389 2399 2462 marke „Steich mit dem ehemaligen Burgtheaterschauspieler
1259 2424 2408 2499 Korff in der Titelrolle aufzuführen. Der Lichtstrahl durch das
1251 2469 2406 2531 Schlüsselloch würde dort außerordentlich wirken und es gäbe
1252 2523 1813 2588 13 Lachsalven in der Stunde.
1318 2535 2416 2608 — Allein sehenswert ist, wie Herr Treßler den Boubouroche
1239 2578 2418 2662 spielt. Das ist kein schlechthin dummer, leichigläubiger Mann.
1256 2618 2411 2694 Das ist ein tragischer Dulder der Dummheit. Wahrhaftig, mit¬
1249 2657 2412 2734 len aus albernen Spässen läßt dieser Künstler etwas wie ein
1242 2705 2413 2782 tragisches Motiv aufblitzen. Auf eigene Art gut ist Herr Gimnig
1252 2740 2415 2814 als alter Herr und Frau Albach=Retty als Adele bringt siegreich
1255 2791 1868 2865 die nötige Unverschämtheit auf.
1345 2859 2430 2933 Und, damit wir die Ereignisse dieses Abends zu Ende er¬
1250 2890 2422 2958 zuhlen: Eine geschiedene Frau hat sich in den Münchner Künft¬
1254 2930 2424 2997 terspelunken herumgetrieben und aurüchige Abenteuer gehabt.
1255 2971 2428 3037 Die erotischen Gedichte, mit denen sie diese Abenteuer verherr¬
1263 3007 2428 3079 licht, gehören sicher ebensowenig in die Literatur, als das Lust¬
1259 3074 2419 3139 spiel, welches Artur Schnitzler aus diesem Stoffe ge¬
1268 3069 2431 3161 macht hat und welches „Literatur“ heißt, in die Literatur
1256 3120 2432 3205 gehört. Ein junger Aristokrat, Klemens, hat Margarete einmal
1253 3150 2434 3237 #in solch einer Spelunke gesehen, hat sich von ihrer Schönheit be¬
1271 3200 2439 3277 aubern lassen und hat sie zu seiner Geliebten gemacht. Nun
1268 3251 2436 3316 hat er sie zu sich nach Wien genommen und will sie gar hei¬
1260 3271 2443 3344 ##aten. Zwan ist sie dumm und sogar ein wenig ordinär. Doch das
1266 3317 2431 3378 wäre das Geringste. Aerger ist, daß sie auf ihre Literatur stolz
1269 3352 2443 3428 # und ihren Bräutigam, der von Rennpferden viel, von Ge¬
1260 3400 2438 3459 dichten recht wenig versteht, verachtet. Da waren ihre Münchner
1269 3431 2440 3498 Freunde andere Kerle! Maler, Dichter... Heute eben, ein paar
1270 3464 2449 3537 Tage vor der Hochzeit, macht sie ihrem Bräutigam die höchst un¬
1261 3508 2442 3566 liebsame Eröffnung, daß sie das Dichten eigentlich noch immer
1270 3562 2442 3616 nicht aufgegeben habe. Vielmehr soll gerade in diesen Tagen
1268 3586 2443 3651 ein Roman „aus ihrer Feder“ erscheinen. Der Bräutigam ist
1272 3612 2444 3687 enisetzt. Welch ein Skandal! (Nebenbei: Ein ganz sympathischer
1268 3659 2437 3735 junger Mensch. Er haßt die Literaturweiber, Zndem er fort¬
1275 3689 2444 3775 stürmt, um womöglich die Ausgabe des Romanes noch zu ver¬
1273 3733 2455 3817 hindern, gibt er einem alten Münchner Bekannten seiner Braut,
1271 3776 2450 3834 dem Dichten Gilbert, Gelegenheit, auszutauchen. Gilbert ist auf
1270 3814 2448 3881 der Durchreise ir. Wien und möchte nur so beiläufig Erinne¬
1282 3854 2456 3917 rungen an eine Münchner Dachkammer und an Liebesnächte
1281 3898 2457 3952 auffrischen. Vielleicht auch möchte er wieder mit Margareten
1283 3928 2458 4008 anbandeln. Nein, das geht nicht. Sie will nichts mehr von ihm
1278 3982 2452 4034 wissen. Sie ist zwar eine durchaus unverstandene Frau, denn
1277 4006 2445 4067 weder ihr erster Gatte, ein Baumwollwarenfabeikant, noch ihr
1279 4036 2459 4111 angehender zweiter Gatte vermögen ihrem komplizierten Seelen¬
1284 4085 2455 4154 leben zu folgen. Aber sie hat nun ihre n Gefühlen in jenem
2128 4120 2586 4163 n Abschied seinen
1866 4137 1912 4162 1
