3484 4224
1045 84 2063 133 Gestalt des Drama's sich zuschreiben darf. Jedenfalls
842 89 1027 141 ber Ste
1045 115 2067 165 ist das weitaus Interessanteste an dem Stück Das, was
849 126 1022 180 Der Eine
1037 158 2067 210 nicht darin ausgesprochen werden durfte. Otto Ernst
924 168 1021 222 der
1045 207 2072 262 schildert uns in seinem Werk das moderne Christenthum
835 203 1030 268 ühlings¬
1037 241 2075 294 und im Gegensatz dazu einen tüchtigen Mann, der sich
851 249 1019 310 Augen
1047 283 2065 336 des wahren Christenthums befleißigt, dabei aber an
843 295 1029 358 n seinen
1048 324 2076 378 der Engherzigkeit und Verbohrtheit seiner Mitmenschen
838 338 1023 403 zen, es
1040 376 2069 427 zu Grunde geht. Die Tochter eines Großkaufmannes
1035 413 2077 463 entfremdet sich ihren Eltern, um ihm, dem Freidenker
836 405 1022 483 gediegen,
1049 459 2069 503 Wolfgang Behring, als Gattin zu folgen. Zwar sind
829 465 1023 520 teht, der
1042 500 2074 548 seine Subsistenzmittel knapp, denn er hat sein ganzes
821 505 1035 557 bedeutend
1047 533 2080 594 Vermögen durch Begründung einer Produktivgenossenschaft
825 546 1027 605 Herr Br.,
1050 579 2075 638 verloren. Allein die jungen Gatten, die bei Schließung
818 590 1031 642 innoneirte
1044 620 2086 675 ihrer Ehe auf den Segen der Kirche verzichtet haben,
824 633 1025 686 n Jahres,
1052 670 2072 716 sind frohen Muthes und nehmen den Kampf mit dem
814 672 1037 729 ihm sehen
1048 706 2077 767 Leben rüstig auf. Leider vergeblich. Man thut den
819 714 1037 770 em Zwecke
1051 746 2076 796 unbequemen Freigeist in Acht und Bann, man entzieht
798 753 1034 815 n fünfzehn
1046 788 2073 840 ihm die einträglichen Privatstunden, die ihm den Unter¬
798 798 1023 851 jen Dame,
1056 829 2077 894 halt gewähren, und möchte ihn am liebsten aus der
807 839 1030 890 ne bis drei
1053 879 2076 929 Stadt entfernen, weil er seinen reichen, religiös ver¬
797 880 1030 937 seiter hatte
1049 909 2081 963 blödeten Verwandten lästig erscheint. Als die Noth am
805 926 1036 978 zu machen
1044 960 2075 1014 größten ist, wird Behrings Frau wankelmüthig. Sie
779 962 1035 1021 Fentedankfest
1036 998 2075 1065 glaubt in ihrer Nothlage und in der schweren Erkrankung
830 1008 1023 1064 vertheilte.
1045 1040 2075 1092 ihres ungetauften Kindes den strafenden Finger Gottes
781 1047 1031 1108 gebacken, die
1045 1094 2080 1143 zu erblicken und bestürmt ihren Gatten, von seiner Ge¬
778 1092 1032 1149 einen Preis
1041 1125 2075 1176 sinnung abzulassen und das Kind durch die Taufe vor
770 1133 1025 1209 Bettstellen
1048 1163 2081 1223 der ewigen Verdammniß zu retten. Mit tiefer Beküm¬
1038 1225 2083 1266 merniß sieht Behring die nervöse Erregung seiner Frau
770 1210 1030 1278 Zc. angeklagt,
1045 1265 2074 1309 und muß schließlich ihrer fixen Idee nachgeben. Doch
763 1265 1032 1320 ibe, und alle
1053 1304 2077 1356 zu spät; das Kind stirbt, noch ehe der Geistliche die
809 1308 1032 1368 genutzt, er
1053 1334 2082 1393 Schwelle des Krankenzimmers üverschritten hat. Frau
794 1345 1031 1404 und in die
1050 1381 2078 1431 Behring erkrankt hierauf lebensgefährlich und nun tritt
1052 1416 2072 1466 an ihren Gatten die traurige Nothwendigkeit heran, zu
773 1420 1036 1491 immunen re¬
1050 1462 2079 1513 Kreuze zu kriechen und den Schwiegervater um die
767 1474 1039 1530 richtung von
1047 1501 2085 1550 Mittel zu einer Reise nach dem Süden, welche Frau
770 1516 1034 1573 en, zeigt uns
1056 1550 2077 1602 Behring machen muß, zu bitten. Hochmüthig nimmt
761 1559 1043 1616 teemitgliedern
1053 1585 2078 1648 der Schwiegervater den Mann der eigenen Tochter auf
788 1598 1030 1657 für Kaiser
1048 1640 2037 1691 und stellt ihm seine Bedingungen. Und Behring —
767 1637 1032 1698 theilt worden
1049 1673 2084 1732 was will er denn machen? Er acceptirt die Bedingungen
758 1685 1035 1735 es Denkmals,
1044 1712 2076 1762 und verkauft sich und seine Gesinnung an den Schwieger¬
766 1718 1038 1780 willigen Bei¬
1057 1768 2080 1814 vater, leoiglich um dessen Kind nicht dem sicheren Tode
773 1771 1029 1825 einzelnen von
1049 1809 2080 1859 preiszugeben. Frau Behring wird dann auch wieder
784 1813 1038 1862 Innern vor¬
1055 1834 2088 1901 gesund, ihre Ehe mit Behring empfängt den kirchlichen
765 1852 1036 1909 oll nicht mit
1066 1883 2080 1937 Segen und nun leben die Beiden auf Kosten des
786 1894 1039 1957 ie vorgestellte
1054 1935 2080 1974 Schwiegervaters im Wohlstande, aber die Sünde wider
780 1937 1046 1989 Sockel sollen
1059 1969 2083 2022 den heiligen Geist — die Lüge, der sie ihren Wohlstand
809 1977 1029 2029 denen Bau¬
1052 2016 2083 2070 verdanken, bricht ihnen das Herz. Es bedarf nur eines
793 2018 1041 2080 auch soll der
1058 2063 2090 2109 äußeren Anstoßes und Behring entschließt sich, die un¬
801 2064 1035 2120 chung rings¬
1065 2094 2087 2148 erträgliche Last von sich zu wälzen. Seine Frau erkennt
794 2106 1034 2163 els geplante
1051 2144 2085 2198 seine Absicht und wirft sich ihm an die Brust. Sie hat
805 2149 1045 2200 allen. Der
1059 2176 2078 2231 durch ihren Wankelmuth all sein Unglück, seine harte
824 2187 1051 2245 seitens des
1055 2238 2095 2281 Demüthigung verschuldet, sie will es nun sühnen
827 2229 1038 2302 verständigt
1062 2267 2079 2320 und mit ihm zusammen sterben. Damit endet das
1068 2307 1197 2376 Stück.
806 2297 1048 2372 rreichische
1135 2342 2094 2418 Otto Ernst hat der Tendenz einen breiten Raum
836 2360 1048 2412 bekanntlich
1069 2389 2091 2452 gewährt, khäufig auf Kosten der dramatischen Wirkung.
851 2402 1045 2458 die Oeff¬
1059 2442 2086 2490 Die Fehler dieser Art sind aber verdeckt durch das leb¬
807 2439 1043 2498 hen Konsu¬
1068 2476 2091 2532 hafte Interesse, welches die Erörterung von Zeitfragen,
822 2485 1050 2538 welche die
1064 2523 2095 2569 die jetzt im Vordergrunde stehen, erweckt. Man hört
801 2521 1055 2584 149 größten
1060 2564 2092 2621 den Gesprächen, selbst wenn sie ein bischen breit werden,
808 2567 1047 2628 #estellt hat.
1070 2604 2098 2654 aufmerksam zu, und fordert in Gedanken die handelnden
817 2606 1050 2671 19 deutschen
1070 2647 2094 2697 Personen geradezu heraus, sich nur recht unverhüllt und
816 2662 1051 2714 ngen we¬
1070 2689 2106 2736 kräftig auszusprechen. Bei dieser eigenen Gedankenarbeit
844 2693 1057 2754 Die Zahl
1069 2738 2087 2785 übersieht man die Fehler der Scenenführung und des
804 2729 1052 2796 326540 auf
1075 2784 2094 2833 ganzen Baues und das kommt den Stücken Otto Ernst's
827 2783 1057 2841 ferden, zden
1063 2810 2091 2860 sehr zugute. Gesellt sich dazu noch eine gute Auf¬
839 2822 1045 2888 mehr als
1069 2854 2116 2923 führung, wie sie hier geboten wurde, so ist der Erfolg
1072 2905 1254 2975 gesichert.
825 2891 1059 2964 ag hat sich
1162 2918 2090 3003 Der Dichter hat der ersten Aufführung am
824 2949 1055 3003 ins Knapp¬
1078 2977 2102 3029 Sonnabend persönlich beigewohnt und ist sehr stürmisch
830 2992 1066 3055 ssistentsarzt
1067 3033 2099 3081 und sehr oft gerufen worden. Am Sonntag, bei der
836 3033 1056 3086 in Altona
1074 3072 2103 3120 ersten Wiederholung des Stückes, war der Beifall zwar
818 3077 1060 3146 de ist nich
1073 3123 2110 3173 auch sehr lebhaft, aber nicht so anhaltend wie am Tage
1067 3161 2109 3215 zuvor. Das Sonntagspublikum schien dem Drama nicht so
842 3154 1068 3227 woynhafte
1085 3207 2108 3264 sympathisch gegenüberzustehen, wie die Besucher der Erst¬
841 3203 1066 3258 . Juni 1864
1081 3242 1304 3305 aufführung.
823 3244 1066 3309 4½ jährigen
1155 3261 2099 3342 Die beiden Hauptrollen, der Wolfgang Behring
821 3282 1073 3349 ürzt. Der
1075 3322 2099 3385 und seine Frau, lagen in den bewährten Händen des
833 3332 1066 3392 #en worden,
1080 3363 2107 3414 Herrn Taeger und Fräulein Laue. Den Dr. Scharff
844 3366 1068 3429 Gegen die
1075 3403 2104 3462 spielte Herr Hänseler. den Großkaufmann Wöhlers
826 3414 1066 3471 der hiesigen
1084 3443 2117 3500 Herr Borcherdt, den Pastor Meiling Herr Körner.
827 3458 1070 3516 Furcht vor
1089 3488 2109 3549 Zwei prächtige Episoden hatte Herr Huth in der Rolle
840 3501 896 3556 ein.
1089 3544 2108 3589 des Schneider Stein, eine sehr ergötzliche Episode Herr
873 3542 1063 3600 sich eine
821 3552 864 3600 :
1087 3575 2104 3633 Feistel als Julius Weber und eine andere Herr
817 3585 1066 3645 tung an der
1091 3628 2109 3671 Proft als Roloffs. In kleinen Rollen waren noch be¬
820 3626 1076 3685 jublimat zu
1076 3654 2097 3729 schäftigt die Damen Weigelt, Hensgen und Mancke
818 3668 1067 3727 dern wurde
1589 3695 2067 3758 Constantin Bulla.
1079 3701 1503 3757 sowie Herr Walter.
846 3711 1069 3767 — Selbst¬
1155 3748 2060 3802 Carola=Theater. 23. Februar. Matinée de
826 3750 1065 3807 er 3. Kom¬
841 3781 2136 3865 gen. Man] Vereins „Leipziger Presse“. — Wie alljährlich, so
