3436 4384
1720 48 1863 140 K
534 83 586 148 100
1246 208 1700 311 box 22/3
295 215 1119 330 16.4. Literatur
404 1288 661 1383 S
1526 1336 2716 1406 dem bösen Nachbar, der allein an allem Unheil schuldtragend
314 1349 1523 1423 ungünstigsten Stunde — time is moncy! Auch sie will der
1526 1391 2087 1462 ist, einen Fußtritt versetzt ..
304 1398 1515 1482 Lieblingstenor mit kurzem Abschiede abfertigen — da schießt.
1603 1428 2715 1495 Daß diese für jedes bessere Vorstadt=Kino zu blöde Posse
308 1444 1507 1527 sich diese saubere Mutter zweier Kinder eine Kugel in den
1526 1493 2715 1545 auf Widerspruch stieß, und man Courteline so wenig seinen
310 1500 1501 1581 Kopf.... Der Kammersänger ruft nach der Polizei, um ein
1531 1545 2726 1602 lächerlichen Helden als Wedekind seine liebestolle Heldin glaubte,
310 1563 1506 1627 einwandfreies Zeugnis dafür zu bekommen, daß nicht er die
1516 1575 2723 1656 darüber braucht voch wohl sein Wort mehr verloren zu werden.
313 1598 1513 1669 Schuld an dem nun doch versäumten Zuge trägt. Daß eine
319 1645 1513 1730 höhere Macht gleichsam seinen Kontraktbruch herbeiführte. Sonst
1608 1672 2717 1747 Ein wenig, und dabei doch nur herzlich flauen Beifall
306 1695 1521 1764 bewegt nichts seine Seele, die de tacto mehr eines geschäfts¬
1525 1723 2715 1791 (arrangiert von den Freunden und Stammesgenossen des
320 1747 1506 1814 eifrigen Tapezierers, als eines talentvollen Jüngers der Kunst,
1527 1777 2708 1844 Dichters) erntete bloß das diesen kläglichen Preiièrenabend
314 1803 1103 1872 eines Sängers würdig ist ... Schluß!
1531 1823 2718 1884 beschließende, gleichfalls in Wien nicht unbekannt gebliebene
404 1839 1513 1909 Wedekinds Stück wurde deutlich abgelehnt. Man glaubte
1534 1872 2715 1951 Stück „Literauur“, des so gerne in erotischem Schmutze wüh¬
321 1890 1512 1981 im Notfalle an die Möglichkeit, daß es solche Tenorgrößen geben
1528 1936 2725 1984 lenden Wiener Salondichters Artur Schnitzler. Er nannte
321 1942 1511 2014 mag, man zwang sich, sich dies einreden zu lassen. Aber jene
1526 1981 2677 2035 sein „Lustspiel“ (das einen eigentlich — Hand aufs Herz!
322 1997 1521 2064 Frau, die aus Liebesraserei Selbstmord begeht und kein dummes
1532 2036 2727 2089 mehr als einmal recht traurig stimmen könnte), bloß des¬
321 2040 1519 2117 sechzehnjähriges Gänschen mehr, sondern eine Mutter von zwei
1527 2066 2726 2135 wegen wohl „Literatur“, weil darin eine „auch“ schreibende
324 2088 1522 2166 Kindern ist, also demnach ein Weib mit Lebenserfahrung und
1539 2120 2726 2189 Dilettantin — notabene eine geschiedene Frau, die in Mün¬
323 2140 1519 2202 Lebenskenntnis sein sollte, muß wohl erst gesunden werden.
1538 2173 2722 2250 cheuer Künstlerkneiven herumagiert — als Endergebnis ihrer
313 2189 1515 2269 Das Publikum glaubte denn auch Wedekind diese Mutter nicht
1546 2229 2724 2283 mehr als anrüchigen Abenteuer erotische Gedichte machte! Die
326 2235 1192 2331 und ließ das Stück, wie gesagt, durchfallen.
1552 2262 2726 2339 schöne „Dichterin“ will diese Sumpfblüten ihrer zweifelhaften
1546 2319 2732 2385 Muse sogar drucken lassen, aber zum Glück für Sitte und
408 2330 1521 2406 Dasselbe Schicksal erfuhr „Courtelines“ tragische Posse, die
1539 2375 2725 2434 Welt hält sie ihr Bräutigam (auch ein Glücklicher!), mit dem
330 2384 1519 2463 uns das wohl zu unglaubliche, lachhafte Schicksal des gut¬
1542 2408 2733 2486 sie sich zu einer zweiten Ehe anschickt, vor diesem literarischen
333 2433 1527 2511 mütigen, dicken und philisterhaften Bourbouroche — als Typus
1539 2459 2726 2523 Verbrechen zurück, d. h. er läßt die bereits gedruckten Exem¬
334 2482 1527 2557 des französischen Provinestadt=Spießbürgers vor Augen
1541 2512 2734 2577 plare erbarmungslos einstampfen. Dazwischen spielt ein Inter¬
324 2530 1525 2602 führen will. Bourbouroche ist als der in aller Geruhsamkeit
1546 2571 2726 2630 mezzo, die Begegnung der Dichterin mit einem ehemaligen
323 2585 1526 2658 dahinlebende Hahnrei gezeichnet, der immer felsenfest an die
1541 2613 2727 2668 Geliebten. Er hat einen Roman geschrieben; indem er ihre
326 2627 1531 2700 Unschuld seines treulosen Weibes glaubt. Ein Nachbar sucht
1545 2660 2741 2728 Liebesbriefe verwertete, sie wieder einen, indem seine zärt¬
329 2684 1527 2760 ihn vom Gegenteil zu überzeugen und träufelt nach und nach
1546 2709 2737 2772 lichen Billettdoux abgedruckt werden. Nette Leute und auch
332 2726 1531 2804 Argwohnstropfen in das engelsgute und leichtvertrauende Herz
1540 2749 2737 2838 eine nette Literatur!... So ganz im Genre Schnitzlers.
329 2783 1530 2842 Bourbouroches. Der findet auch wirklich eines schönen Tages
1540 2803 2738 2865 Man war wirklich froh, endlich in die Garderobe zu kommen.
333 2833 1541 2900 den Liebhaber seiner Frau in einem Kasten versteckt — Tableau!
1554 2851 2744 2925 Fazit: Das Experiment des Burgtheaters mit der „modernen
327 2868 1529 2952 Doch was tut Vourbouroche, dieser Hohn auf alle Männlich¬
1556 2902 2755 2978 Literatur“ hätte wirklich unterbleiben können. Wirtschaft!
333 2922 1542 2997 keit? Im Nu läßt er sich von seiner Frau mit einer ganz
1557 2956 1763 3040 Horatio!
330 2980 1535 3037 unglaubhaft dummen Ausrede beruhigen, und  bittet sie um
340 3021 1578 3099 Verzeihung! Ja, so glücklich ist Bourbouroche, daß er sogar
2512 2978 2724 3136 2
1799 2995 2510 3175 Geene- PEC
2731 1251 3362 1337 nahmen organisiert hatte, eracht
2738 1326 3362 1406 des Junern und der Justiz die
2730 1384 3221 1452 rungen für ungenügend.
2736 1419 3361 1525 Eine türkische Darstellun
3177 1492 3366 1560 Anato
2810 1538 3370 1611 Konstantinopel. 6. Febru
2733 1603 3355 1667 veröffentlicht den Text des Me
2734 1647 3369 1715 kurzer Zeit in London gegründ
2737 1696 3366 1764 dem englischen auswärtigen Am
2738 1748 3361 1818 randum lenkt die Aufmerksamkei
2733 1787 3364 1868 den Umstatd, daß ausländische
2736 1842 3364 1913 Unruhen in Ostanatolie
2738 1886 3360 1955 führung einer tadellosen Verwal
2742 1943 3360 2012 Memorandum wird dem Erstau
2739 1990 3356 2061 daß England die Türkei nicht
2742 2049 3359 2112 lischen Funktionäre anzustellen,
2737 2089 3356 2160 vinzen eine gute Verwalkunge
2745 2143 3362 2206 land bereit wäre, der Türkei sei
2740 2186 3370 2261 in Ostanatolien zu leihen, würd
2748 2237 3362 2308 tanen des großbritannischen Re
2753 2278 3376 2350 Der zweite Teil des Memorand#
2749 2334 3348 2398 der englischen Regierung auf
2743 2375 3353 2453 endgültige Zuweisung von Chi
2750 2424 3370 2502 thrak an Griechenland für di
2749 2478 3351 2554 zu#. Smyrnas sowie für die
2754 2528 3369 2601 englischen Handel nach sich ziehe
2753 2579 3366 2651 verlangt, daß England seine
2759 2627 3369 2695 anderen Mächte vereinige, um
2748 2676 3367 2740 gegen Chios und Mytilene auf
2747 2725 3325 2793 Türkei zurückzustellen wären.
2754 2769 3360 2871 Zustimmung des Dreibur
3252 2830 3372 2892 Grei
2837 2879 3364 2948 Rom, 6. Februar. (Priv
2755 2931 3370 3008 wird bekannt, daß die Botschaf
2739 2974 3365 3066 im Besitze der Weisungen ihr
2715 3074 2778 3153 7
2861 3065 3009 3218 2
