3484 4384
1220 188 1705 292 box 22/3
283 197 1101 315 16.4. Literatun
2099 1099 3250 1195 bmötigt keine Kommentare. Glissez, n'appuyez pas,
2100 1169 3246 1235 ist das Fundament der feinfühligsten Schauspielkunst,
928 1194 2076 1254 Niederträchtigleiten, oder von traurigen, verschämten
203 1211 930 1279 rnichiade zurückgelullt. Bis endlich
2106 1225 3236 1308 die der Franzosen. Gut in Episodenrollen die Herren
936 1254 2074 1308 Schwächen der Natur. Die meisten seiner satirischen
216 1269 915 1329 als unbeabsichtigtes Witzwort un¬
2099 1269 2652 1349 Gimnig und Frank.
921 1293 2075 1356 Polizei= und Gerichtsszenen hat Courteline durch selbst
204 1307 921 1393 nBurgtheaterbesucher gesagt wurde:
933 1353 2074 1405 hervorgerufene Kollisionen mit den Hütern der Ordnung
201 1351 915 1441 s sich zu keiner Premiere eignet“ für
2109 1369 3247 1439 Der Weg, der von Courteline zu Schnitzler führt, ist viel
924 1390 2076 1459 veranlaßt. Seine an Till Eulenspiegel erinnernde Lust,
225 1402 921 1475 deutsche Bühne zur tiefsinnigsten
2111 1422 3238 1484 ncher als zu Wedekind. Stil=Affinitäten haben jederzeit
938 1450 2079 1497 Menschen durch Schabernack in Erregung zu versetzen,
213 1454 917 1526 Wedekind un Couteline konnte
2108 1471 3239 1516 zuischen Frankreich und Oesterreich bestanden. Die öster¬
928 1492 2084 1548 hat ihm viele Jahre hindurch zu dem berühmtesten Führer
230 1502 913 1583 erst wäre es bei dem „Totentanz“
2100 1518 3238 1591 rechische Gothik, das österreichische Rokoko, hat mehr
942 1525 2089 1594 der Pariser Bohème gemacht. In den Polizeistuben und
2108 1558 3235 1614 Reigung zur klassizistischen Zügelung französischer als zu
938 1580 2082 1648 im Gerichtssaal aber war er ein gehaßter und gefürchteter
2105 1612 3235 1679 dir überquellenden Kraft deutscher Maße. Und so ist
225 1593 921 1687 spricht aus dem Problem des
940 1632 2088 1689 Gast. Das schönste, reichste, tiefste Erlebnis, welches
2107 1656 3234 1721 auch die lächelnde, philosophisch ergebene Art, mit welcher
211 1652 930 1735 ebe zur Kunst und gleichzeitig Zorn
942 1671 2084 1742 Courteline aus diesen seinen Streifzügen durch die
2105 1716 3240 1773 Atur Schnitzler Menschen zeichnet, von einer höheren
236 1712 924 1780 unüberbrückbare Mißverständnis,
941 1712 2098 1799 Dschungeln der Großstadt heimbrachte, ist nun die
2111 1752 3251 1823 Gerechtigkeit erfüllt als sie die Satire zu geben vermag
222 1758 926 1828 schheit und Kunst und selbst zwischen
943 1765 2091 1838 tragische Posse „Boubouroche". Sie reicht in der
2101 1803 3246 1858 und zu geben gewillt ist. Satire verlangt heftigste Ein¬
218 1805 932 1872 mmmerdar besteht. Daraus wurde die
948 1808 2086 1892 Kenntnis des menschlichen Herzens an Molière hinan.
2113 1861 3248 1922 setigkeit. Satire verdammt, sie ist ein Totschläger. Bei
207 1849 934 1938 che und tot=traurige Satire, welche
940 1861 2099 1939 Boubouroche ist der rührendste Typus des gütigen,
2116 1895 3249 1972 Schnitzler ebenso wie bei Tristan Bernard und stellenweise
208 1900 929 1968 hat. Herr Reimers traf den
949 1924 2092 1986 liebenden, gläubigen und ewig betrogenen Mannes. In
2117 1940 3252 2005 bei Courteline, ist Licht und Schatten in jedem
206 1940 937 2030 ers dort, wo es galt, den Kunst¬
951 1957 2106 2037 ihm ist die Leidenschaft der Gewohnheit das stärkste
2118 1993 3243 2069 Menschentum gleich verteilt. Sie sind Ironisten,
204 1994 939 2089 ensklaven des kontraktlichen hohen C
949 2008 2104 2074 Gefühl seiner Seele. Und dieser Leidenschaft opfert er
2114 2041 3249 2111 nicht Satiriker. Das macht den besonders feinen
214 2034 939 2140 und doch vom Kulissenkitsch über¬
949 2056 2101 2124 bis auf den letzten Rest der Selbstachtung. So scheint es
231 2093 943 2167 wahr werden zu lassen. Wo aber
2109 2080 3252 2163 psychologischen Reiz der kleinen Komödie „Literatur“
940 2107 2092 2172 vermeint zu sein. Aber mich dünkt, daß ein unendlich
2108 2130 3249 2208 aus, das die Schilderung der Kaffeehausliteraten
235 2136 944 2214 t dem Sänger inkarniert und seine
950 2155 2088 2226 Edleres noch diesen Boubouroche zwingt zu tun, als
2113 2193 3245 2246 auch gleichzeitig verrät, wie ihr Gegenbild, die anti¬
234 2187 944 2273 nläßt in bösen, wundenschlagenden
947 2202 2096 2286 glaube er trotz aller unleugbaren Dinge an Adelens
240 2240 947 2310 Künstler nichts von jener heißen
2110 2238 3259 2303 intellektuelle Welt, aussieht. Und daß der Spott des
951 2253 2098 2329 Treue. Es ist eine Scham in ihm, eines anderen
796 2285 939 2347 Fest¬
2115 2291 3255 2359 Dichters ebenso den Snob der Feder als den Snop des
326 2286 790 2356 Glut der eisigen
206 2301 327 2371 ener
955 2312 2104 2370 Menschen Niedrigkeit bewußt zu werden, und diesem
305 2325 945 2405 Kammersänger in manchem
2109 2333 3252 2400 Rennstalles trifft. Weil Schnitzler niemals als Ankläger
957 2348 2095 2418 Menschen sein Wissen um ihn zu verraten. Er hat einen
2111 2387 3254 2452 auftritt. Ihm genügt es, Dokumente zu sommeln. Daß
353 2374 947 2446 Doppelwesen macht. Zu
955 2395 2098 2473 solchen Ekel vor der ans Sonnenlicht gezogenen Gemein¬
297 2419 949 2501 sich selbst leben zusieht. Herr
2119 2436 3257 2494 Ironie aber auch aus Lachen und Trauer besteht, ist an
953 2432 2108 2510 heit daß er diese lieber mit seinem armen Herzen zudeckt.
2113 2486 3262 2536 dem Problem der „Literatur“ wohl durchzufühlen. Denn
231 2477 949 2554 wenn auch oft durch die Schwäche
952 2485 2106 2550 Ewiges Erlebnis aller jener, die im Dasein zu den Aus¬
248 2518 947 2603 an der Auswirkung seiner Ab¬
2122 2521 3267 2596 im tiefsten Grunde richtet sich die Erkenntnis, daß
963 2533 2104 2619 gebeuteten zählen und nicht zu den Ausbeutern. So
206 2572 957 2662 at als Komponist, der den Tod
2116 2576 3265 2655 Literatur eigentlich Exhibitionismus ist, nicht mur gegen
965 2588 2098 2653 richtet sich denn auch zum Schluß Boubouroches ganzer
206 2623 949 2701 aufgeführt zu werden, es wohl ge¬
2122 2630 3249 2683 die Schriftsteller=Bohème, sondern gegen die Dichtkunst
958 2634 2109 2710 Zorn statt auf die Verräterin, auf den Menschen, der
204 2658 957 2743 es Grotesken gerecht zu sein. Gutes
2115 2676 3258 2746 überhaunt. Wir Alle, so scheint Schnitzler zu sagen, wir
967 2673 2114 2751 ihm ihren Verrat verriet. Er schlägt diesen Gregor Werle
218 2716 945 2784 [Kallina. Damit ist aber auch
2112 2722 3258 2786 leben vom eigenen Erlebnis. Was würde er aber erst
964 2725 2114 2795 des Faubourg Montmatre, schlägt in ihm alle Zerstörer
209 2763 955 2843 dekind schlecht spielte. Der verlangt
2123 2770 3256 2832 über diejenigen zu sagen haben, die immer nur vom
971 2788 2005 2862 des besten Besitzes der Menschheit, der Lebenslüge!
202 2814 963 2878 klerte Energie. Weniger Können als
2124 2823 3259 2901 Erlebnis der Anderen leben müssen? Von uns Armen
1072 2831 2099 2915 Ganz aus dem Herzen muß Boubouroche gespielt
2119 2863 2372 2942 der Kritik?
210 2862 961 2933 n aber im Burgtheater zu sehr ge¬
967 2885 2111 2971 werden. Herr Treßler aber spielt ihn aus dem
214 2909 952 2974 ntionellen Technik des Theaterspielens
2213 2891 3249 2980 Die wienerische Halbblutdame lag Fräulein Mar¬
963 2955 2111 3031 Schmerbauch. Er konstruiert aus dem Kaffeehaus¬
204 2955 965 3024 #willigkeit unterzuordnen, deshalb gab
2119 2964 3265 3029 berg nicht. Sie wußte wohl, wie die Rolle zu spielen sei.
965 2988 2111 3057 Habitué, der unzählige Biere während seiner Kartenpartie
222 2998 960 3082 Wedekind mit abgerundeten Ecken.
2127 3014 3262 3081 Aber sie spielte die Baumwollfabrikantin, die Café Maxi¬
968 3039 2109 3109 hinunterschwemmt, einen an Herzverfettung leidenden
232 3054 957 3122 1 eigentlichsten Sinn seiner Wirkung.
2122 3065 3265 3132 milian=Circe, die trunkene Dichterin, die angehende Turf¬
980 3080 2113 3161 Asthmatiker, der hustet, prustet und mit seinem Fett
214 3102 955 3198 beruht, daß man an diesen Ecken sich
2130 3111 3258 3163 batonin, nicht ineinander, sondern nacheinander. Die Mischung
971 3133 2113 3213 schwappt. Alles dies ist gewiß gut gesehen. Aber das
2124 3155 3252 3207 der Ingredenzien gelang nicht. Und man sah zu genau in
980 3174 2116 3266 Amüsement solcher physischer Details lenkt sowohl den
674 3200 862 3275 — — —
2121 3204 3264 3262 die Werkstatt der Schauspielkunst. Herr Treßler machte
979 3227 2117 3292 Schauspieler als den Zuschauer von dem feelischen Gehalt
2133 3262 3266 3314 aus dem aristokratischen Lebemann einen Turf=Idioten.
215 3258 971 3337 ne ist Wedekinds Gegenspiel. Kein
971 3273 2121 3349 der Rolle ab. Niemals darf über Boubouroche gelacht
2127 3302 3267 3378 Herr Heine allein wußte, wie immer in Episodenrollen,
222 3310 968 3392 tiker; kein Welterschütterer, der seine
985 3324 2113 3418 werden, ohne daß gleichzeitig innige Wehmut gegen dieses
2131 3352 3248 3400 einen scherfkonturierten Menschentypus uns vorzuleben. —
206 3357 975 3440 us seinem Ich ableitet. Er ist als
980 3390 1309 3466 Lachen streitet.
2128 3390 3263 3461 „Literatur“ verscheuchte die verdrossene Stimmung des
218 3406 982 3481 t provocateur. Er schafft Gelegen¬
1097 3408 2129 3505 Auch sonst eine zu bewußte, zu plump gefügte, zu
3035 3442 3221 3509 B. Z.
223 3465 973 3527 Blamagen der Menschheit. Er liegt
3127 3454 3299 3548 #
223 3453 2331 3583 lauert auf den Fang von kostbaren! „unterstrichene“ Aufführung. Der Witz von Courtelin: Hauset.
