3484 4384
288 232 1705 336 16.4. Literatur box 22/3
1220 1136 1613 1221 Telephon 12.801.
663 1229 1413 1388 „OBSERVER
499 1372 1602 1449 I. öeterr. beh. konz. Unternehmen für Zeitungs¬
714 1421 1387 1485 Ausschnitte und Bibliographie.
680 1469 1500 1557 Wien, I., Conoordiaplats 4.
903 1545 1242 1609 Vertretungen
501 1578 1610 1661 is Berlin, Brüssel, Budapest, Chicago, Cleveland, Christias#a.
513 1632 1611 1690 Gern, Kopenhagen, London, Madrid, Mailand, Minnespelte.
510 1677 1613 1734 New-Vork, Paris, Rom, San Francisco, Stockholm, St. Petese¬
917 1714 1215 1768 burg, Toronto.
859 1741 1253 1808 (Quellenangabe ohne Gewübe.:
508 1793 1203 1885 Ausschnitt aussledntlederl
811 1849 1621 1979 ampurze porrespohdem
512 1869 824 1986 GEICA 1
800 2004 1209 2096 Jnsestoiltel
785 2118 1366 2230 Theater und Kunst.
1095 2207 1624 2303 Hamburg, den 8. Februar.
502 2244 1657 2350 W. [Altonaer Stadt=Theater.] Es ist ja sehr erfreulich, wenn
436 2269 1656 2389 deutsche Autoren es ablehnen, ihre Bühnenwerke nach französischer
434 2317 1654 2415 Vorschrift zu bauen. Warum aber gerade bei der einzigen Vor¬
430 2348 1675 2468 schrift beginnen, von der man wünschte, daß sie eingehalten würde,
430 2390 1642 2495 dem Voltaireschen: „Alle Genres sind erlaubt, ausgenommen das
422 2434 1679 2549 der Langeweile.“ Sowohl der Einakter „Literatur" voll
420 2482 1684 2591 Arthur Schitzler, wie das dreiaktige Lustspiel „Die glück#s
418 2513 1644 2627 lrcse Zeit von Raoul Auernheimer, sind so geartet, daß
428 2558 1638 2660 # den Eindruck erhält, als hätten die beiden Verfasser sie unter
423 2592 1638 2696 ##eleugnung ihrer son“t schon vielfach in ganz anderem Lichte ge¬
413 2643 1643 2756 zeigten geistigen Qusisäten dem Voltaireschen Gebot zum Possen
411 2682 1631 2783 geschrieben. Sie sind gämlich um die Wette langweilig. Schnitzler
411 2715 1644 2803 hat wenigstens die Entschuldigung der Kürze für sich. Die ge¬
421 2749 1637 2859 schiedene Frau, die ihre an ihren vorletzten Geliebten geschriebenen
415 2795 1627 2911 Briefe und dessen Antwortschreiben in ihrem Roman abdruckt und
416 2831 1647 2957 dieser Geliebte, der, ebenfalls Schriftsteller, mit ihren und seinen.)
409 2876 1622 2979 Briefen genau ebenso verfährt, nehmen wenigstens die Bühne nicht
409 2921 1627 3018 allzulange in Anspruch. Dagegen ist Raoul Auernheimer
401 2947 1670 3074 unerschöpflich im Wiederholen von Situationen und im Zeichnen bon##
404 2981 1627 3097 Familienkarikaturen, die Roderich Benedix in seinen „Zärtlichen
394 3026 1617 3116 Verwandten“ mit viel weniger Behagen und mit ungleich glückliche¬
401 3071 1627 3179 rem Witz auf die Bretter gebracht hat. Um dem Kapellmeister
401 3104 1630 3218 Ewald und uns die Lehre beizubringen, daß die glücklichste Zeit
390 3145 1629 3263 jene der Verlobung ist — sich als Verlobte beim Küssen überraschen.
393 3199 1662 3325 zu lassen, ist „ekelhaft“ sagt die anmutige Braut — hätte wahrhaftig.##
389 3237 1606 3335 ein Akt durchaus gereicht. Auf die Kenntnis der von den ange¬
378 3258 1617 3370 nehmen Verwandten über den Bräutigam vor, während und nach
383 3305 1602 3408 aufgehobener Verlobung ausgetauschten Ansichten hätten wir leich¬
383 3344 1608 3447 ten Herzens verzichtet. Auf das Haupt Arthur Schnitzlers
382 3375 1605 3488 sammelten Fräulein Bauer und die Herren Taeger und
368 3415 1606 3535 Wehrlin, auf jenes des Raoul Auernheimer die Damen
376 3464 1605 3573 v. Küstenfeld, Marie Ferron, Bach=Bendel und Moe¬
366 3497 1611 3581 bius=Kuhn und die Herren Ewald Bach, Reimers, Gott¬
371 3532 1605 3641 hardt, Wilhelmi, Spannuth und Paul Bach feurige Koh¬
367 3580 1611 3689 len. Daß nach den Aktschlüssen immerhin einiger Beifall einsetzen
369 3619 1311 3723 konnte, war lediglich ein Verdienst der Darstellung.
2844 266 3214 346 Telephon 12.801.
2853 365 3031 453 P..
2293 410 2958 492 „ODSLIVER
2106 474 3200 550 I. österr. behördl. konz. Unternehmen für Zeltungs-Aussohnltte
2252 532 3069 621 Wien, I., Concordiaplatz 4.
2445 609 2873 688 Vertrefungen
2117 669 3192 736 in Berlin, Budapest, Chicago, Christiania, Genf, Kopen¬
2109 720 3187 780 hagen, London, Madrid, Mailand, Minneapolls, New-Vork,
2165 755 3161 810 Paris, Rom, San Francisco, Stockholm, St. Petersburg.
2451 793 2873 845 (Quollenangabe ohne Gowähs).
2493 830 3166 918 Hamburger Nachrichter
2111 834 2498 917 Ausschnitt aus:
2507 890 2770 963 — . —
2353 926 2794 1015 10. DEE 19 12
2111 950 2254 1001 vom:
2288 1068 2939 1153 Theater und musik.
2089 1148 3214 1204 ih Altonaer Stadttheater: „Literatur“. Der witzig=boshafte
2005 1202 3223 1256 Einakter Arthur Schnitzleus bedeutet den hiesigen Theater¬
2009 1243 3225 1283 freunden ja keine Neuigkeit. So ist also nur über die Neuinszenie¬
2010 1276 3216 1325 rung und Neueinstudierung des Werkes, eines der amüsantesten des
2012 1313 3225 1376 Wiener Autors, zu berichten. Von den drei Rollen des Lustspiels
2017 1343 3211 1410 war der Clemens am besten vertreten: Herr Brügmann spielte
2018 1382 3224 1448 den jungen Adligen mit derselben liebenswürdigen Distinguiertheit
2011 1424 3216 1486 wie seinerzeit den Prinzen im „Büxl“; nur der Wienerische Dialekt
2020 1460 3221 1523 schien mir nicht immer ganz zu stimmen. Frl. de Lalsky ist von
2007 1504 3222 1562 Natur kaum besonders für die Darstellung solcher Frauenrollen ge¬
2005 1542 3220 1603 eignet, die bedenklich zur Fragwürdigkeit neigen; ihr, die als Adel¬
1999 1579 3222 1658 Heid in den „Journalisten“ so entzückend war, fehlte schließlich jener
2001 1620 3222 1680 undefinierbare Charme der Gestalten wie die Schnitzlersche Marga¬
2003 1663 3224 1728 rethe wenigstens während der Vorstellung anziehend macht, so daß
1995 1697 3242 1775 denn auch des guten Clemens, des sonst doch recht Erfahrenen, ver¬
2003 1730 3217 1803 liebte Harmlosigkeit kaum ganz glaubhaft wurde. Herr Taeger
2002 1769 3220 1823 bot als Gilbert gewiß eine wohlüberlegte Leistung; doch scheint mir,
1991 1814 3221 1875 daß etwas weniger Karikatur, etwas mehr Leidenschaft und ehr¬
1999 1852 3225 1916 liche Selbstüberhebungl der Gestalt wesentlich zugute kommen und
1995 1897 3222 1949 vor allem das frühere intime Verhältnis Margarethe=Gilbert be¬
1989 1932 3214 1989 greiflicher erscheinen lassen würde. Das Bühnenbild, in dem die
1989 1963 3209 2039 nicht eben zahme Komödie sich abspielte, war schlicht=geschmackvoll,
1990 2014 3216 2076 und man wolle meine Bedenken überhaupt nicht dahin auffassen,
1988 2049 3038 2095 als hielte ich den Erfolg der Darstellung für unberechtiat.
2447 2135 3225 2204 Mautia, Mailand, Minneapolle, New-Jork,
2190 2176 3193 2231 Paris, Rom, San Francisco, Stockholm, St. Petersburg.
2473 2226 2916 2275 (Quellenangube einure Gewths.
2145 2272 2525 2347 Ausschaltt aue:
2509 2312 3236 2434 Hamburger Freindenblal
2128 2359 2749 2472 vom: 11. UE2 1912
2296 2525 3026 2622 Allonger Stadt-Theater.
2375 2590 2910 2683 chnitzter: Literaiur.
2255 2651 3137 2730 mas das feinte und voshafte Stück betrifft,
2184 2700 3134 2760 ## handelt en sich am eine Wiederbolung. Man
2173 2753 3116 2805 #ie#t sies aber gern wieder an Denn es ist ge¬
2176 2784 3119 2841 schickt enswpiekelt und voll argliftigen Witzes, der
2186 2828 3126 2871 ###er die Sewabinger Talmi=Literatur, noch
2173 2865 3128 2914 ###e Wiener Monokel=Artstokraue ganz uiversengt
2185 2899 3131 2956 ####gnkommen lähl. Verade darum aber macht
2176 2940 3145 2992 ### #m bormsaken Bürger im Parkett so dievische
2185 2979 3125 3039 Freu##. Er kommt ja ungezaust davom Scha
2189 3010 3139 3072 denfrende ist bekanntlich die reinste Freude Und
2192 3049 3134 3100 aas Stück wurde vortrefflich gespielt. Die
2420 3096 3127 3153 sche Iuszenierung halte Schick und
2177 3136 3125 3189 ##ultur, und die drei Rollen, die bei einiger
2190 3182 3125 3222 Gewandtheit sehe gankbar sind, waren im
2187 3219 3130 3260 Konen amt holotzt. Fräulein de Salsky als
2178 3252 3128 3302 schöme Geschiedene, die sich nach de. baumwolle¬
2189 3287 3118 3341 sien Banalität ihrer ersten Shei an der I#eraimr
2177 3334 3126 3385 ##### schadlos halten wollen und diesen hrgeiz
2181 3373 3117 3424 noch immer nicht ganz aufgegebden hat, vogleich
2178 3405 3123 3464 ihr Baron Elemens weder die Literatm noch
2860 3438 3119 3500 Fräulein de
2194 3451 2857 3502 ##e Literaten ausstehen kann —
2178 3486 3125 3542 Laisky hatte viele charmante Momenie, sprach
2167 3519 3115 3575 a# wienerisch und marklerte auch den drang¬
2171 3567 3126 3626 bolin Literntursimmel der unbefriedigten
2179 3604 3112 3653 Frauenseele recht zutreffend, ließ aber das De¬
2177 3638 3110 3693 gagierte hin und wieder vermissen, das Schnitz¬
2167 3681 3117 3738 ler den Wesen seiner Margareihe Verliehen
2168 3707 3106 3766 wissen will Ausgezeichnet war Herr Brüg¬
2171 3762 3118 3801 monn als Baron Clemens, nicht nur schau¬
2181 3799 3117 3848 spielerisch bewandt, sondern auch menschlich
2180 3845 3111 3892 glandhaft, ####dem er den Wiener Dialekt umd
2172 3878 3113 3918 unzureichend seberrschee. Dem samosen, hoper¬
2181 3909 3121 3963 modegen Müsschener Caféhausliterten Gilbert
2173 3950 3118 3999 gab Heer Targer eine derb dariklerende,
2180 3997 3148 4041 #der in dieser Karikatur aus charakterisierende
2176 4022 3162 4099 Erscheigung. Das Publitum nahm der witzigen
2167 4063 2757 4135 Scheiz mit bester Leune bin¬
3125 4142 3249 4197 en K
