3392 4384
264 179 1672 262 16.4. Literatun box 22/3
1837 83 3000 137 vor. Poubonroche raft und kann sich nur mühsant berlockeitden“
1841 128 2990 185 Handgreiflichkeiten enthalten. Kaum aber ist der junge Mann
1845 178 3003 223 draußen, beginnt Adele, rasch gefaßt, eine neue Komödie. Gut,
1836 213 3003 257 der Schein spreche gegen sie. In Wahrheit aber liege hier ein
1841 238 2999 301 düsteres Familiengeheimnis vor. Wenn Boubouroche es von
1832 286 2999 336 ihr fordere, so werde sie es enthüllen. — Nein, Boubouroche ist
1827 330 3000 380 ein Gentkeman. Er glaubt ihr. Er bittet sie wieder um Ver¬
1827 364 3003 433 zeihung und istunglücklich, da sie von getäuschtem Vertrauen und
1830 407 2998 457 Abschiednehmenmüssen spricht. So verzeiht sie ihm denn endlich
1833 434 3000 495 und macht ihn so glücklich, daß er sich, um noch eine kleine Rache
1831 481 2994 532 an einem benachbanten Verleumder abzutragen, den verräte¬
1834 511 3007 585 #rischen alien Nachbar im Schlafkostüm herüberholt, um ihm
1831 560 2497 623 einen Fußtritt versetzen zu können.
1915 586 2997 651 Dies ist die Geschichte von der Arglist der Weiber und der
1838 637 3006 683 Dummheit der Männer. Sie ist tölpelhaft und eigentlich sogar
1832 668 3000 723 für ein besseres Kino zu schlecht. Vielleicht auch riskiert es das
1832 714 3003 766 Apollotheater, diese Posse, rubriziert unter der neuen Kunst¬
1847 741 2997 803 marke „Steich“ mit dem ehemaligen Burgtheaterschauspieler
1835 795 2996 844 Korff in der Titelrolle aufzuführen. Der Lichtstrahl durch das
1836 823 2995 894 Schlüsselloch würde dort außerordentlich wirken und es gäbe
1843 871 2381 924 13 Lachsalven in der Siunde.
1954 899 2991 951 Allein sehenswert ist, wie Herr Treßler den Boubouroche
1826 943 2996 1004 spielt. Das ist kein schlechthin dummer, leichigläubiger Mann.
1837 992 3007 1034 Das ist ein tragischer Dulder der Dummheit. Wahrhaftig, mit¬
1836 1019 3007 1085 len aus albernen Spässen läßt dieser Künstler etwas wie ein
1829 1054 2993 1118 tragisches Motiv aufblitzen. Auf eigene Art gut ist Herr Gimnig
1840 1094 3007 1153 als alter Herr und Frau Albach=Retty als Adele bringt siegreich
1831 1147 2447 1196 die nötige Unverschämtheit auf.
1920 1199 3002 1266 Und, damit wir die Ereignisse dieses Abends zu Ende er¬
1841 1253 2996 1318 zohlen: Eine geschiedene Frau hat sich in den Münchner Künft¬
1833 1305 3005 1337 terspelunken herumgetrieben und anrüchige Abenteuer gehabt.
1845 1330 3006 1378 Die erotischen Gedichte, mit denen sie diese Abenteuer verherr¬
1836 1368 3009 1417 licht, gehören sicher ebensowenig in die Literatur, als das Lust¬
1849 1404 3010 1463 sviel, welches Artur Schnitzler aus diesem Stoffe ge¬
1846 1446 3015 1496 macht hat und welches „Literatur“ heißt, in die Literatur
1830 1488 3010 1551 gehört. Ein junger Aristokrat, Klemens, hat Margarete einmal
1837 1516 3014 1578 #in solch einer Spelunke gesehen, hat sich von ihrer Schönheit be¬
1846 1549 3015 1611 zaubern lassen und hat sie zu seiner Geliebten gemacht. Nun
1846 1600 3017 1650 hat er sie zu sich nach Wien genommen und will sie gar hei¬
1833 1631 3015 1683 raten. Zwar ist sie dumm und sogar ein wenig ordinär. Doch das
1843 1668 3008 1732 wäre das Geringste. Aerger ist, daß sie auf ihre Literatur stolz
1849 1708 3012 1759 # und ihren Bräutigam, der von Rennpferden viel, von Ge¬
1839 1740 3010 1799 dichten recht wenig versteht, verachtet. Da waren ihre Münchner
1843 1785 3007 1834 Freunde andere Kerle! Maler, Dichter... Heute eben, ein paar
1845 1822 3011 1879 Tage vor der Hochzeit, macht sie ihrem Bräutigam die höchst un¬
1837 1848 3015 1910 liebsame Eröffnung, daß sie das Dichten eigentlich noch immer
1841 1899 3013 1948 nicht aufgegeben habe. Vielmehr soll gerade in diesen Tagen
1845 1940 3015 2002 ein Roman „aus ihrer Feder“ erscheinen. Der Bräutigam ist
1845 1972 3021 2039 enisetzt. Welch ein Skandal! (Nebenbei: Ein ganz sympathischer
1837 2014 3019 2074 junger Mensch. Er haßt die Literaturweiber., Andem er fort¬
1847 2072 3013 2110 stürmt, um womöglich die Ausgabe des Romanes noch zu ver¬
1839 2087 3017 2153 hindern, gibt er einem alen Munchner Bekannten seiner Braut,
1847 2130 3012 2187 dem Dichten Gilbert, Gelegenheit, auszutauchen. Gilbert ist auf
1840 2164 3014 2226 der Durchreise in Wien und möchte nur so beiläufig Erinne¬
1844 2208 3021 2264 rungen an eine Münchner Dachkammer und an Liebesnächte
1840 2242 3019 2292 auffrischen. Vielleicht auch möchte er wieder wit Margareten
1840 2291 3025 2350 anbandeln. Nein, das geht nicht. Sie will nichts mehr von ihm
1845 2305 3020 2380 wissen. Sie ist zwar eine durchaus unverstandene Frau, denn
1840 2357 3008 2401 weder ihr erster Gatte, ein Baumwollwarenfabeikant, noch ihr
1847 2388 3016 2448 angehender zweiter Gatte vermögen ihrem komplizierten Seelen¬
1843 2439 3025 2494 leben zu folgen. Aber sie hat nun ihren Gefühlen in jenem
1842 2482 3012 2536 Romane Luft gemacht — Gilbert will ihr beim Abschied seinen
1847 2522 3013 2567 neuesten Roman schenken, in dem er seinen Briefwechsel mit
1851 2551 3023 2606 ihr verwertet hat. Da haben wir die Bescherung! Auch sie hat
1846 2590 3017 2646 in ihrem Romane den Briefwechsel mit Gilbert verwertet. Nun
1842 2625 3033 2694 wird ein Skandal unausbleiblich sein. Nein! Klemens kommt.
1842 2669 3024 2731 Klemens hat mit dem Verleger gesprochen und hat die ganze
1850 2709 3013 2764 Auflage einstampfen lassen. Das einzige Exemplar, das er sich
1847 2740 3020 2806 mitgebracht hat, um es zu lesen, wirft Margarcie ins Feuer,
1856 2791 3025 2841 so daß der nun wirklich scheidende Gilbert seinen Roman be¬
1848 2829 2657 2877 ruhigt auf dem Tische liegen lassen darf..
1929 2854 3017 2916 Es kann schon sein, daß es solche Weiber gibt. Schnitzler
1852 2902 3025 2962 muß es wissen. Und um sein Exemplar zu erklären und glaub¬
1855 2937 3025 2999 würdig zu machen, läßt er es jüdischer Abstammung sein. Aha!
1856 2978 3028 3028 Gut. Dann schon. Kein Wort weiter darüber zu reden. Zwar*
1854 3015 3020 3070 literarisch ist diese Literatur nicht und Sittenbilder aus dem
1863 3071 3031 3112 Ghetto gehören nicht auf die Burgtheaterbühne. Aber gut.
1850 3108 2943 3150 Wenigstens sieht man einmal . .. Und er muß es doch wissen.
1939 3133 3021 3186 Fräulein Marberg spielt diese literarische Dame mit einer
1850 3184 3028 3221 Lautheit welche offenbar ihre Abstammung markieren soll. Schön
1855 3211 3030 3266 ist das gerade nicht, aber vielleicht gut beobachtet. Herr Treßler
1860 3248 3024 3302 macht den Klemens mit seiner köstlich faden Miene, die er
1857 3285 3020 3339 immer aufsetzt, wenn er blasierte Aristokraten spielen muß. Herr
1859 3328 3027 3388 Heine hat als Gilbert wieder einmal höchste Redeeile und mehr
1853 3364 3021 3416 als die Hälfte von allem, was er spricht, zu verstehen, ist schon
1862 3406 2385 3460 ein respektables Kunststück.
1934 3462 3022 3541 Die offenkundige Flauheit des Beifalles, den das dicht¬
1857 3522 3037 3572 besetzte Haus den drei Novitäten — Novitäten freilich nur in be¬
1860 3543 3038 3620 zug auf dieses Theater — spendete, bekundete die richtige Ein¬
1862 3610 2382 3672 schätzung der Aufführung.
1947 3631 3022 3690 Wie gesagt, man wird sich diesen Abend merken müssen,
1869 3671 3036 3731 Wedekind, Courteline, Schnitzler. Ehebrecherische Weiber, be¬
1870 3705 3033 3762 trogene, abgedankte Liebhaber, erotische Briefe. Offenbar soll
1870 3742 3041 3811 der Fasching das alles entschuldigen. Aber weil draußen beim
1876 3788 3033 3841 Wimbergermaskenball einer seine drei letzten Kranln auf den
1863 3827 3032 3881 Tisch schmeißt, muß es drinnen im Burgtheater nicht einer nach¬
1866 3863 3032 3922 machen. Und überhaupt wird dringend gewünscht, daß im Burg¬
1873 3909 3037 3967 theater wieder einmal die alte Goldwährung zu Ehren komme!
2648 3943 3003 4005 Hans Brecka.
2016 4017 3037 4099 Theater an der Wien. Zum ersten Male: End¬
1859 4084 3039 4150 lichallein. Overette in drei Akten von Dr. Willner
