3392 4352
739 89 2242 158 Cie A rehier., Aeiner an  r en en in  e e escsehen
1610 135 2201 203 Aufführung ihren Fortgang.
720 140 1610 202 Arndt u. v. a. Die erste Schwierigkeit bei
1663 192 2486 244 „Die fünf Frankfurter“ wur¬
717 186 1608 241 dieser Aufführung entstand dadurch, daß die
1604 219 2492 291 den im Redoutensaale aufgeführt. Niemand
716 235 1597 282 Zensurbehörde gewisse Einwände gegen den
1617 274 2487 331 kann sich vorstellen, was es bedeutete, auf
721 276 1593 329 höfischen Rahmen dieses Stückes erhob, der
1607 314 2501 359 diesem Podium eine Bühne einzurichten.
723 316 1602 387 in die republikanische Zeit so gar nicht passe.
1605 363 2486 422 Der Vorhang schloß nicht, die Kulissen
729 364 1608 421 Es gesang mir jedoch, die Bedenken da¬
1605 392 2482 459 mußten mit besonders raffinierten Vorrich¬
717 401 1605 468 durch zu zerstören, daß ich dem damaligen
713 456 1603 513 Polizeidirektor Slaviëek den Beweis er¬
1614 448 2462 502 tungen zum Stehen gebracht werden, die Be¬
713 485 1605 549 brachte, daß das Stück auch in Prag an¬
1605 491 2486 547 leuchtung mußte erst bühnenmäßig aus¬
1610 536 2496 592 gebaut, die Unakustik des Saales mit un¬
718 531 1597 587 standslos gespielt wurde und daß die künst¬
1614 582 2506 641 endlichen Schwierigkeiten überwunden wer¬
718 580 1591 646 lerische Tendenz des Werkes gerade gegen
714 621 1257 679 die Hofluft gerichtet war.
1602 616 2497 663 den. Endlich war dies alles geschehen. Bei
1606 663 2496 708 dieser Vorstellung wirkten ungefähr 25
747 666 1600 732 Für die Aufführung zeigte sich das größte
1607 705 2484 754 Burgtheaterkünstler mit, darunter die
717 706 1597 773 Interesse, doch vergingen noch einige bange
1608 746 2500 815 Grandseigneure vornehmsten Stils, wie der
709 765 1599 812 Momente, ehe der Vorhang sich heben
1604 792 2498 857 verstorbene Devrient, Karl Zeska u.
716 794 1593 858 konnte. Eine der wichtigsten Szenen des
1613 840 2490 896 v. a. Die kannten Preßburg noch von der
714 848 1597 901 Stückes ist die Hoftafel im 2. Akte, bei der
1614 877 2486 945 Zeit des „grünen Baumes“ her und
710 891 1591 942 der Haushofmeister Cäsar (Ernst Arndt) das
1602 924 2492 986 begannen schon vor der Vorstellung, die wie¬
718 932 1595 988 Servieren zu leiten hat, und wobei jeder
1602 965 2489 1025 der nach goldiger, hiesiger Sitte erst nach
712 971 1602 1032 Schritt vorgeschrieben ist, jede Tasse, jede
1605 1010 2495 1067 9 Uhr beginnen konnte, Leckerbissen und
717 1014 1592 1080 Speise nach einem genauen Plane auf¬
1610 1052 2498 1095 Spezialitäten herauszusuchen. So führten
710 1068 1598 1124 getragen werden muß. Es galt daher, vom
1606 1094 2490 1160 sie dem Burgschauspieler Häusser¬
707 1105 1589 1158 Carlton nicht nur die genaue Speisenfolge
1604 1141 2494 1184 mann die Spezialität des Hauses Wel¬
716 1156 1591 1210 zu beschaffen, sondern auch die Kellner durch
1609 1182 2495 1240 lisch=Prüger „Makkaroni“ vor. Der kleine
713 1178 1594 1240 langwierige Proben für diese Szene vor¬
1602 1222 2443 1283 Häussermann schwelgte vor Entzücken, de
714 1241 1591 1300 zubereiten. Herr Apfel der volkstümliche
1607 1264 2499 1327 stellte sich eine zweite, eine dritte Portion,
725 1276 1597 1334 Oberkellner des Carlton=Restaurants, mußte
1604 1316 2494 1382 vergaß ganz. daß er noch vor der Vor¬
709 1322 1592 1378 sich dazu bequemen, mit seinem Hilfsper¬
1610 1352 2496 1408 stellung war, bei der er die wichtigste Rolle.
707 1362 1597 1413 sonal die vorbereitenden Proben genau
1614 1401 2488 1459 den Amschel Rothschild, zu spielen hatte. Die
719 1412 1584 1470 durchzumachen, was für dem Theater Fern¬
1595 1446 2499 1500 Makkaroni=Schüssel mußte ihm, im wahren
708 1450 1585 1513 stehende keine gerade leichte Sache war.
1601 1484 2491 1536 Sinne des Wortes entrissen werden und
706 1500 1592 1563 Endlich war dieses Hindernis überwunden.
1597 1527 2496 1575 seitdem gehört Häussermann zu jenen Burg¬
713 1535 1254 1608 Doch bald nahten andere!
1598 1569 2487 1634 theatermitgliedern, die glücklich sind, wenn
769 1582 1598 1643 Die tschechische Vorstellung dauerte bis
1614 1614 2482 1685 sie hier gastieren können; vor, während und
710 1608 1588 1690 knapp ¾10 Uhr, in einer Vierteistunde muß¬
1598 1663 2490 1722 nach der Vorstellung genießt er die Jun¬
711 1674 1588 1725 ten die an die exaktesten Hilfskräfte gewöhn¬
1597 1703 2496 1772 übertrefflichen Makkaroni“ Nach der Vor¬
713 1718 1595 1776 ten Burgschauspieler mit Maske und Ko¬
1606 1727 2492 1810 stellung, gegen Mitternacht, saß die Corona
707 1763 1586 1820 stüm fertig sein! Da meldete man mir plötz¬
1603 1791 2495 1849 wieder beisammen. Während sich aber die
711 1805 1595 1856 lich, daß Frau Wilbrandb=Bau¬
1602 1832 2481 1885 jungen Darsteller langsam aus dem Staube
703 1856 1586 1914 dius, die damals schon fast 80 Jahre alt
1603 1881 2493 1923 machten und ihre Zimmer aufsuchten, saß
709 1901 1581 1958 war, verschiedener — sagen wir — Toilette¬
1599 1921 2491 1976 die alte Garde, Devrient, Zeska. Arndt und
706 1939 1580 1988 gegenstände bedürfe, die im Theater nicht
1595 1964 2487 2022 mit ihnen die Wilbrandt=Bau¬
707 1978 1581 2032 vorhanden seien; man könne d#er alten Dame
1600 1998 2484 2056 dius, seelenruhig und mit der echten Ge¬
706 2020 1580 2086 nicht zumuten, halbangezogen ihre Gar¬
1592 2046 2486 2104 ruhigkeit der früheren Generationen lange
709 2059 1595 2139 derobe zu verlassen! Ich mußte mich also
1594 2091 2493 2144 noch beisammen. Gegen ¼2 Uhr früh mußte
703 2097 1589 2178 der ungewohnten Verpflichtung unterziehen.
1596 2133 2491 2204 ja doch schon Feierabend gemacht werden.
704 2154 1583 2211 alles Notwendige herbeizuschaffen. Kaum
1594 2186 2485 2241 als Frau Wilbrandt= Baudius bedauernd
707 2199 1595 2248 war dieser Zwischenfall auf die liebenswür¬
1598 2227 2482 2288 ausrief: „Was fange ich nun mit dem an¬
697 2233 1583 2293 digste Weise erledigt, als ich einen heftigen
1590 2270 2486 2309 gebrochenen Abend an?“ Glücklich der 80jäh¬
706 2287 1591 2340 Disput in der männlichen Stargaderobe
1597 2317 2485 2375 rige Mensch, der noch soviel Laune und Ge¬
699 2329 1582 2375 höre. Der verantwortliche Leiter der Vor¬
1589 2350 2153 2412 selligkeit aufbringen kann!
695 2368 1587 2428 stellung Walter Schott ist mit Otto Treß¬
1640 2394 2481 2454 Die Burgtheatergastipiele gehören nun,
702 2410 1581 2480 ler aneinandergeraten, weil der Künstler
1592 2443 2482 2502 Gott sei Dank, zu den ständigen Einrichtun¬
691 2450 1579 2510 die Rolle des kaum 30 Jahre alten Thron¬
1596 2481 2506 2545 gen des hiesigen Theaterbetriebes. Von der
701 2502 1589 2552 folgers mit seinem herrlichen schneeweißen
1597 2531 2477 2589 Bühne bringen sie so manche Sensation,
694 2551 2482 2635 Haare ohne Perücke und ohne Färbung spie= aber die privaten Erlebnisse werden immer
702 2606 2484 2669 ten wollte. Treßler berief sich darauf, daß dünner und seltener. Die Hast des heutigen
709 2633 1577 2685 er keine Zeit hätte, die Haare, wie er es bei
1592 2661 2476 2720 Lebens hat auch hierauf ihren Stempel ge¬
695 2672 1585 2738 dieser Rolle zu tun pflegte, schwarz zu fär¬
1587 2702 2475 2758 drückt, zumeist fährt man noch nach der
704 2715 1464 2779 ben. Man mußte sich darein sinden!
1586 2741 2476 2816 Vorstellung mit einem Gesellschaftsauto nach
760 2754 1584 2822 Endlich war es so weit, die Bühnendeko¬
1593 2783 2474 2844 Wien zurück, für geselliges Ausruhen ist
701 2810 1578 2877 ration stand bereits, wenige Minuten trenn¬
1591 2827 2477 2903 kaum mehr Zeit. Doch will ich in der näch¬
702 2856 1579 2906 ten uns vom Beginn der Vorstellung, als
1594 2873 2477 2929 sten Folge noch von einigen Ausnahme¬
693 2897 1587 2955 der Inspizient erschrocken meldet: Hofrat
2363 2920 2495 2994 —
1584 2905 2266 2996 fällen der letzten Jahre erzählen.
689 2950 1583 2997 Reimers sei noch nicht da — dabei be¬
694 2988 1580 3047 ginnt er als Puter Hyazinth das
689 3040 1586 3097 Stück. Er muß rein in seinem Hotelzimmer
691 3069 1592 3128 verschlafen haben. Ich sause hinüber, da be¬
687 3122 1584 3181 merke ich unterwegs einen eleganten Kapu¬
1792 3070 2237 3201 Sgenden
692 3163 1586 3212 zinerpater, es war der stets gewissenhafte
699 3208 1578 3254 Georg Reimers, der sich im Hotelzimmer
688 3251 1582 3310 fix und fertig kostümiert und geschminkt
1631 3246 2474 3310 Für die Abbrändler in Glaserhäu. Die
687 3305 2480 3361 hatte und in der finsteren Nacht durch Hin=, Hauptleitung des Deutschen Kulturverban¬
692 3339 1573 3392 tergäßchen, von niemandem bemerkt, ins
1591 3344 2470 3406 des hat beschlossen, zur Linderung der Not
682 3378 1564 3454 Theater eilte. Jetzt endlich konnte der Abend
1587 3387 2473 3438 der deutschen Abbrändler in Glaserhäu
694 3425 916 3487 beginnen.
1576 3429 2375 3483 einen Betrag von 3000 Ks zu spenden.
750 3448 1572 3520 Die Vorstellung hatte einen solchen
1584 3472 2372 3549 Burgtheatergastspiel im Stadttheater.
687 3506 1579 3576 Bombenerfolg, daß mehrere ähnliche ver¬
687 3559 1579 3611 anstaltet werden mußten. So spielten die
689 3599 1581 3662 Burgtheaterkünstler im Dezember desselben
1596 3618 1989 3713 Anzeigen im
686 3644 1581 3699 Jahres die Lustspiele „Literatur“ von
689 3681 1579 3755 Arthur Schnitzler und „Der Erste
1581 3690 2464 3802 Neuen Preßburger Tagblatt
689 3724 1579 3798 Beste“ von Francis Croisset, im Jän¬
689 3769 1582 3840 ner 1922 „Was Ihr wollt" von
1919 3778 2476 3875 Preüburger Zeitung
693 3826 1588 3894 Shakespeare, im März das Björnson¬
1933 3855 2467 3915 sind von größter Wichtig¬
685 3863 1575 3914 Lustspiel „Wenn der junge Wein
1923 3890 2451 3959 keit. Der große Wirtschafts¬
691 3892 1590 3971 blüht“ und dann im Herbst des Jahres
1922 3936 2456 3994 teil des Neuen Preßburgen
677 3945 1592 4013 1922 „Die fünf Frankfurter“ von
1921 3971 2453 4033 Tagblattes macht unser
677 3996 1588 4065 Rößler. Beim Björnson=Lustspiel ereignete
1921 4012 2444 4074 Blatt für alle Wirtschafts
695 4042 1570 4095 sich ein heiterer Zwischenfall. Hedwig
1925 4055 2461 4127 kreise unentbehrlich.
