3484 4128
1232 117 1681 205 box 22/3
269 138 1063 229 16.4. Literatur
1279 356 1735 441 Telephon 12801.
893 453 2121 534 Alex. Weigl’s Unternehmen für Zeitungs-Ausschnitte
1899 508 2114 585 Ausschnitt
1799 542 1871 600 4
1732 540 1781 624 3
1126 568 1814 668 „OBSLHVEN
1955 581 2204 660 Nr. 54
795 642 2236 726 I. österr. behördl. conc. Bureau für Zeitungsberichte u. Personalnachrichten
1027 715 2024 783 Wien, IX/1, Türkenstrasse 17.
1199 791 1825 850 Filiale in Budapest: „Figyelö“
796 848 2231 923 Vertretungen in Berlin, Chicago, Genf, London, Newyork, Paris, Rom, Stockholm.
796 992 1323 1077 Ausschnitt aus:
1397 1026 2124 1180 apliher Ruuusie Maebrichten
798 1121 997 1206 vom:
992 1154 1411 1272 4110710 7
1217 1386 2063 1506 Theater und Musik.
1197 1485 2076 1584 Matinée des Vereins Leipziger Presse.
991 1556 2300 1625 [„Die Frauim Fenster“ von Hugo v. Hofmannsthal und Anderes.!
1051 1606 2286 1662 Drei Damen hatten sich gestern Vormittag im Carolatheater ein Stell¬
1003 1652 2299 1699 dichein gegeben, die eine litterarisch angehaucht, die andere künstlerisch, die
1008 1683 2294 1742 dritte — ja diese geheimnißvolle dritte war ein Wesen, das sich mit einem
1000 1720 2296 1781 Worte nicht bezeichnen läßt, wenigstens ist dieses eine Wort fur
1309 1761 2296 1820 gefunden. Wir könnten sie sinnlich=übersinnlich
1001 1769 1311 1831 sie noch nicht
1301 1799 2295 1844 einem Worte Mephistos, der zu Faust sagt:
1001 1816 1290 1859 nennen, nach
989 1836 2299 1895 „Du sinnlicher übersinnlicher Freier“, da aber Faust außer dem
998 1878 2301 1937 rubelosen Begehren nach Genuß mit der Dame wenig gemein hat, so
797 1875 982 1953 Für 50
1002 1918 2298 1969 dürfte die Bezeichnung doch nicht ganz zutreffen. Die in Liebessehnsucht
902 1927 996 1977 100
993 1962 2289 2009 Zerschmelzende, die in Stimmungen Schwelgende, die Verzückte, das alles
904 1972 989 2019 200
994 1994 2289 2040 würde erst miteinander verbunden das Wesen der Dame ergeben, und
902 2008 995 2052 500
838 2022 885 2075 9
998 2043 2300 2085 das wäre langweilig. Hugo von Hofmannsthal findet sich mit der Dame,
840 2049 991 2111 „ 1000
1001 2072 2290 2134 einer Tochter seiner Poesie, kürzer und prosaischer ab, er nennt sie einfach:
918 2097 995 2147 Im
1003 2111 2292 2171 „Die Frau im Fenster“. Dieser Titel ist aber auch das einzige Unpoetische an ihr.
819 2129 982 2186 Abonnem
1006 2149 2301 2210 Denn man mag an dieser bis ins Krankhafte raffinirten Stimmungs= und Gefühls¬
817 2175 989 2240 Abonnent
996 2180 2301 2245 malerei aussezen, was man will, man muß doch zugeben, daß diese ge¬
1006 2220 2297 2280 sprochene Musik aus lauter poelischen Noten zusammengesetzt ist. Da i#t
1000 2266 2303 2320 keine, die den Rhythmus oder die Harmonie störte, wie ein einziger, lange
811 2279 993 2352 Inhaltsan
1009 2300 2309 2356 anhaltender Sohärenklang tönt diese fast überirdische Weise dahin. Es ist
815 2338 984 2389 blätte
997 2344 2304 2403 leicht, darüber zu spotten, schwer, sie nachzuahmen, und sie soll auch nicht
803 2378 989 2427 wodurch
1006 2381 2308 2430 nachgeahmt werden; denn zu absonderlichen Empfindungen gehört auch
793 2408 991 2463 Leben de
1006 2414 2305 2476 eine absonderliche Seele, und die kann sich vom Dichter Niemand aus¬
797 2453 983 2514 theilung
1004 2469 2306 2517 borgen. Ideencapricen lassen sich schon leichter imitiren — Stimmungen
1008 2499 2298 2559 nicht, und Hugo v. Hofmannsthal braucht ebenso wenig eine Fabrikmarke
1000 2533 2301 2597 zum Schutze seines geistigen Eigenthums wie etwa Maeterlinck: denn
1005 2579 2306 2645 poctische Stimmungen muß man haben; man kann sie sich nicht machen,
994 2615 2264 2695 und sie sind immer beneidenswerth, so extravagant sie auch sein mögen.
1085 2650 2312 2717 Giebt man die eigentliche Handlung des einactigen, bei der Aufführung
1006 2694 2301 2750 etwa dreiviertel Stunden in Anspruch nehmenden Dramas mit kurzen
1002 2734 2293 2793 Worten wieder, so fragt man sich unwillkürlich: wie hat dieser dürre Stoff
1007 2784 2301 2836 ein Theaterstück ergeben können, ohne daß es dem Preise der Lächerlichkeit
1006 2816 2296 2865 verfallen wäre? Dianora steht auf dem Balcon — oder am, oder im
1004 2856 2304 2899 Fenster, wie man will — und sehnt die Nacht herbei, um den Geliebten
1006 2885 2304 2950 empfangen zu können. Sie läßt in der Erwartung, daß der Heißersehnte
1001 2931 2308 2988 kommen werde, eine Strickleiter hinab, ihr Gatte überrascht sie debei und
1007 2975 2303 3032 tödtet sie. Schluß! In der normalen Wirklichkeitssprache, deren sich
1011 3003 2307 3069 Dichter wie Publikum bisher bedient haben, würde dieser Einacter
1211 3033 2313 3096 komischen Eindruck machen wie etwa der geschundene
1007 3061 1201 3109 einen so
1016 3073 2319 3143 Raubritter oder dergleichen gute Sachen. v. Hofmannthals übersinnliche
1017 3116 2310 3186 Diction macht das Stück möglich. Seine Dianora spricht einen ganzen
1017 3173 2313 3227 Seynsuchtsrausch. Sie schaut hinaus über Park, Landstraße und Felder,
1015 3200 2313 3259 und beobachtet alle kleinen Vorgänge, die darauf schließen lassen, daß nun
1014 3239 2317 3292 die Sonne bald Abschied nehmen werde, um der Nucht und der
1014 3284 2312 3335 Ruhe der Natur, ihr Recht zu geben. Langsam, ganz langsam kommt
1007 3309 2314 3384 die Dämmerung, bis endlich die Schatten der Bäume ganz aufgesogen
1020 3355 2317 3418 erschemen vom Erdboden. Wie hat sie diese Zeit herbeigesehnt. Wie
1006 3394 2304 3444 hat sie sich gequält, den grausamen langen Tag mit tausend Kleinig¬
1019 3442 2312 3492 keiten hinzubringen, wie ist sie hier und dorthin gegangen, durch
1557 3476 2312 3529 doch jetzt ist's Abend, die Dunkelheit hülit
1011 3487 1562 3531 den Park, hinauf, hinab ——,
1008 3510 2312 3580 die Natur in ihr schützendes Gewand. Dianora beseitigt die seidene Strick¬
1022 3547 2315 3605 leiter an der Balustrade, sie beugt sich nieder, ihr üppiges, langes, seiden¬
1013 3588 2292 3652 weiches Haar hängt hinab, sie svielt damit wie ein Kind spielt. Da —
1020 3644 2311 3688 ein Geräusch — er kommt, nein es ist die Amme, die vergessen hatte, die
1022 3664 2316 3726 durstigen Blumen zu gießen. Sie spricht mit ihr — von dem spanischen
1020 3707 2328 3767 Ordensbruder, der jetzt alle Weit durch seine Predigten fesselt, durch seine
1026 3746 2316 3802 wunderbare, hyononisirende Stimme. Dianora will morgen mit der Amme
1010 3781 2317 3842 in die Kirche gehen, um diese Stimme zu hören, den bezaubernden Klang
1017 3831 2307 3881 seiner Worte, ach, sie hört die Männer so gern, die schon durch den
1015 3880 2311 3915 Ton ihrer Sprache eine so unnebare seelische Einwirkung haben. Dann
1016 3910 2307 3954 kommt das Gespräch auf Dianoras Gatten, auf seine Riesenkraft und auf
1011 3949 2293 4008 das kleine Ungluck, das ihm jüngst zugestoßen — ein Pierd hat ihn im
1032 3977 2310 4034 Stalle in die Hand gebissen und er hat das Thier mit einem Schlage
1027 4015 2317 4077 seiner gewaltigen Faust so schwer getrossen, daß es taumelte. Und dann
