3436 4384
1239 209 1711 318 box 22/3
287 219 1175 330 16.4. Litenatun
1389 600 1599 659 —
536 650 1956 708 hagen zu stark und ihr Charakter zu schwach ist, um aus einer
535 707 1943 767 widerwärtigen Tatsache die letzten Konsequenzen zu ziehen. Er wird
525 755 1948 804 von einem Gegner überwältigt, der schon mit anderen Männern, mit
528 800 1947 851 wirklichen Männern fertig geworden ist: von der Lügenkraft des Weibes
537 852 1930 911 Dieser Boubouroche ist die einzige, echte Menschengestalt, die George¬
531 895 1947 962 Courteline geschaffen hat. Aber sie gehört, auch neben dem Crainquebille
526 948 1939 1010 von Anatol France, zu den besten Gestalten, die wir dem modernen
521 991 1194 1065 französischen Theater verdanken.
658 1033 1951 1113 Herr Treßler hätte den Boubouroche mehr aus dem Mensch¬
525 1085 1943 1160 lichen spielen können, wenn es nicht so ganz auf seiner Linie liegen
524 1134 1938 1192 würde, doch immer mehr aus dem Theatralischen wirken zu wollen.
537 1196 1945 1249 So hat er dem Boubouroche eine unglaublich komische Maske gegeben.
526 1241 1939 1308 Er hat sich ganz breit, schmerbäuchig, fettsüchtig, dickköpfig gemacht,
534 1289 1941 1342 hat sich eine wahre Nilpferdnase modelliert und war zuerst ganz un¬
528 1334 1939 1393 kenntlich. Man schreit vor Lachen, wenn man diesen Boubouroche
528 1395 1939 1446 erblickt. Man lacht noch einmal, wenn man erkennt, daß in dieser
532 1422 1935 1502 Vermummung der bildhübsche, schlanke Herr Treßler steckt. Solch eine
524 1480 1936 1529 Maske ist an sich schon eine Leistung. Aber sie ist auch eine Ver¬
540 1528 1945 1589 führung zum rein Komischen, zum bloß Burlesken. Und Herr Treßler
536 1572 1948 1644 hat sich noch immer verführen lassen. Der etwas anspruchsvolle
527 1627 1950 1681 Untertitel des Stückes „Tragische Posse“ der aber doch eine Art von
525 1684 1952 1737 Fingerzeig sein könnte, war ihm kein Fingerzeig. Die vielen netten
533 1721 1940 1772 Dinge, die Boubouroche im ersten Akt spricht, muß Herr Treßler
524 1766 1938 1824 nicht beachtet haben. In den Worten, die Boubouroche zu André
531 1813 1949 1874 sagt, in diesen wutschnaubenden Worten ist ein Klang von wirklicher
540 1862 1935 1915 Herzensgüte. Herr Treßler hat diesen Klang überhört. Die Möglichkeit, das
539 1913 1939 1978 Publikum zum Lachen zu bringen, fasziniert ihn derart, daß er an
530 1957 1935 2031 nichts anderes zu denken vermag, so oft sich ihm diese Möglichkeit
525 2008 1925 2073 bietet. Und er hat denn auch ein lautes Gelächter erregt. Aber ..
532 2057 1941 2119 über Bouborroche muß man auch gerührt sein können. Der arme
535 2110 1936 2162 Teufel muß uns in einigen Momenten ergreifen. Und diese Er¬
528 2156 1940 2218 griffenheit blieb aus. Frau Retty gab die Adele mit der holden
524 2208 1929 2266 Tücke, die man nun schon an ihr kennt und die sich immer gleich
531 2253 1932 2328 bleibt. Sehr komisch ist Herr Frank, der als kleiner Beamter
538 2302 1762 2358 einer jener Figuren gleicht, die Wilhelm Busch gezeichnet hat.
650 2346 1929 2407 Herr Treßler spielt auch den vornehmen Clemens in Artur
528 2390 1932 2463 Schnitzlers „Literatur“ und er führt auch diese Gestalt von ihren
536 2446 1931 2508 feineren Möglichkeiten weg, mehr zu einer billigen, leicht erreichbaren
530 2496 1929 2564 Komik hin. Daß der Clemens zum Beispiel dieses wiehernde Lachen
534 2549 1943 2606 hat, das in den Lokalpossen den schwachsinnigen Lebemännern eigen¬
529 2589 1929 2647 tümlich ist, halte ich für falsch. Der Clemens ist gewiß nicht schwach¬
532 2639 1932 2707 sinnig. Er mag kein großer Geist sein, aber ein nobler Mensch ist er
536 2702 1930 2763 auf alle Fälle. Frau Marberg als Margerethe mischt verschiedene
535 2737 1931 2795 Dialekte durcheinander und läßt zwischendurch auch ein paarmal
527 2793 1936 2850 Jargon hören, was für diese Frau, deren Wesen ja unecht, flatternd
526 2836 1937 2901 und gleichsam obdachlos sein soll, sehr charakteristisch ist. Vortrefflich
522 2884 1941 2936 war Herr Heine als Gilbert. Intellektueller Hochmut und seelische
525 2937 1935 2997 Verlumpung ließ er mit jedem Wort, mit jeder Geste, ja beinahe mit
539 2977 1941 3047 jedem Blick merken. Man genoß die geistige Feinheit dieses kleinen
535 3028 1928 3082 Lustspiels, die Bravour seiner Menschenzeichnung, die Meisterschaft
531 3085 1292 3143 seines Dialogs mit innigem Behagen.
647 3125 1933 3192 Das Publikum nahm Wedekind mit kalter Freundlichkeit auf,
534 3182 1938 3245 bewahrte auch bei Courteline noch eine steife Zurückhaltung und hatte
528 3225 1930 3271 zuletzt Eile, in die Garderobe zu kommen. Herzhafte Striche hätten die
536 3273 1632 3357 Wirkung aller Stücke erhöht. Es gab zu viele Längen.
994 3348 1493 3448 Allerlei.
652 3419 1924 3494 (Was ist „komisch“?) „Komisch“ ist ein an sich harmloses Wort,
525 3497 1926 3551 mit dem aber mehr Mißbrauch getrieben wird, als mit allen Haupt=,
1800 3537 1921 3594 Es
529 3535 1804 3588 Zeit= und Eigenschaftswörtern unserer schönen Sprache zusammen.
533 3584 1933 3637 ist also komisch, dieses Wörtchen bei so vielen unpassenden Gelegenheiten
518 3631 1920 3684 zu gebrauchen. Der blonde Backfisch geht mit dem schwarzen Bucksisch
515 3681 1918 3740 über die Straße. Natürlich werfen sie die Augen nach allen Seiten.
530 3724 1922 3780 KKein Schaufenster, vor dem sie nicht stehen bleiben. Ein Hutgeschäft:
523 3773 1918 3826 Der blonde Backfisch findet es „komisch“, daß man jetzt diese kleinen
526 3823 1917 3889 Hüte tragen soll, wo die großen Formen doch viel mehr schmeichelten;
530 3876 1927 3932 und daß man in Amerika keinen Federnschmuck mehr tragen soll, ist doch
1823 3917 1922 3976 Sie
530 3925 1812 3978 wirklich „komisch“. Sie gehen weiter und begegnen einer Tante.
522 3966 1920 4027 hat eben an ihre Nichten gedacht und findet es furchtbar „komisch“, daß
522 4010 1927 4075 sie hier mit ihnen zusammentrifft. Tantens Sohn ist auf Reisen. Er hat
532 4057 1930 4117 geschrieben, daß es in Madrid geschneit habe. „Ach, wie „komisch“! säuseln
527 4118 1932 4165 einstimmig die Blonde und die Schwarze. Ja, und er hat in Paris Vetter
2383 1132 2963 1220 r Preng
2294 1210 2965 1303 im Graben S Restaurant
2427 1275 2876 1350 HOPFNEE
2356 1339 3018 1431 läglich Abend-Concerte S
2630 1387 2719 1461 K
2013 1590 3318 1653 Feinste Pariser Separées im Tratinerhof
2246 1646 3063 1697 Eingang Goldschmiedgasse
3181 1652 3310 1711 46514
2015 1741 3306 1844 RESTAURANT HOPFNER, Kärninerstraße
2004 1825 3299 1887 Täglich VORNEHME ABEND-KONZERTE
2021 1886 3300 1941 Chambres partieulieres. Eingang Giselastraße
2300 1922 2576 1986 verrieenrerten eneerernen
2981 1927 3219 1988 Sereenleer erenen
1959 1978 3343 2028 und ein in den Nacken geschobener Hut. Der Hut klappt einen Gruß zu
1963 2024 3342 2083 den beiden Backfischen, und gleich geht das Geschwätz los. „Nein, wie
1965 2057 3344 2113 komisch!“ Was man nicht alles „komisch“ findet. Daß Herr X. dem
1967 2109 3338 2159 Fräulein Soundjo den Hof macht; daß er den Schnurrbart anders trägt,
1952 2159 3343 2231 usw. Immer wieder taucht das arme, totgeletzte Wörtchen auf.
1964 2202 3021 2272 Ueberall klingt es, auch im Munde der „Gebildeten“
3038 2193 3339 2269 „Wie komisch,
1952 2227 3349 2306 dieses Bild!“ hört man einen Kunstfreund in der Ausstellung sagen, und
1952 2314 3340 2362 es handelt sich dabei nicht einmal um eine kubistische oder futuristische
1955 2338 3339 2407 Narrheit, sondern um eine ganz ernste Sache. Man findet es schließlich
1951 2396 3352 2461 „komisch“, daß der Herr Soundso, von dem man es gar nicht erwartet
1964 2447 3354 2502 hat, sich einäschern läßt und nicht begraben: daß er sich scheiden lassen
1965 2487 3347 2540 will und ein anderer Konkurs angemeldet hat. Wo einem das richtige
3301 2534 3359 2582 2
1963 2535 3344 2596 Wört im Augenblicke fehlt, sagt man eben „komisch“. Was ist „komisch“
1960 2598 3337 2649 „Komisch“ ist der Mißbrauch eines wehrlosen Wortes im Munde derer,
1948 2632 3348 2701 die ihren Sprachschatz nicht genügend beherrschen. Komisch sind schließ¬
1951 2684 2860 2758 lich nur diejenigen, die alles „komisch“ finden.
1971 2750 2481 2864 KAUFHAUSER
2476 2805 3321 2902 A. HEREMANCKT
2060 2888 3326 2962 Wien, VII., Mariahilferstraße 26 u. Stittgasse 1, 3, 5, 7. 40180
1990 2947 3334 3034 Neuheiten für den Fasching!
1975 3023 3328 3090 Seidenstoffe, Ballstoffe, Bänder, Rosengirlanden, Rosen
2139 3070 3142 3118 schnallen, Ansteckblumen, Maraboutstreifen.
2065 3137 3255 3244 Aus dem Reiche der Frau.
2306 3208 3009 3293 Der Pive o’ clock-Tee.
2062 3259 3358 3363 Die alten Zeiten, in denen die Damen der Gesellschaft Kaffeekränzchen
1964 3341 3349 3413 gaben und sich bei einem Täßchen Kaffee mit einem Stück Gugthupf tönig¬
1965 3387 3341 3446 lich unterhielten, sind vorüber, die Biedermeierzeit, die doch sonst so sehr be¬
1957 3434 3347 3498 wundert und als Hochmode nachgeahmt wird, hat gerade auf diesem Gebiete
1945 3489 3347 3542 nicht das Feld zu behaupten gewußt. Man trinkt den Kaffee höchstens nach
1950 3527 3345 3596 Tisch als starken Mokka „schwarz wie die Nacht, heiß wie die Hölle, süß wie
1949 3575 3342 3633 die Liebe“, um die Essensschwere los zu werden. Seine brünette Schönheit
1949 3637 3342 3694 hat ausregiert, an seine Stelle trat blond, duftend, durchsichtig, graziös der
1956 3673 3351 3738 Teé. Er hat nichts von der etwas schwerlebigen Anmut des Kaffees, er
1952 3722 3353 3786 paßt eher in den eleganten Salon als zum Frauentratsch von Gevatter
1962 3782 3346 3838 Schneider und Handschuhmacher und wird sich wohl als Getränk der unteren
1951 3816 3342 3872 Klassen, die, wenn sie etwas zu sich nehmen, auch davon satt werden wöllen
1947 3866 3352 3922 oder doch zum mindesten „Essen“ mit „Nahrung“ identisch erachten, nie ein¬
1957 3914 3344 3966 bürgern. Er wird seinen Platz im Salon so lange behaupten, bis er durch
1955 3976 3345 4027 etwas Neueres ersetzt ist und sich dann still in die Apotheke, in die Kranken¬
1947 4007 3358 4064 stube zurückziehen und dort ein keineswegs unbeachtetes, aber doch immerhin
1955 4067 2469 4125 bescheidenes Dasein führen.
2079 4088 3347 4176 Wie trinkt die elegante Frau den Tee? O, sie hat tausend Möglich¬
