3392 4352
292 286 1733 402 16.4. Literatur box 22/3
1791 978 3003 1037 dichterische Gestaltung. Der eine sucht nach der Definittan“
1785 1028 2997 1084 der Kunst und strengt eine erfolgreiche Scheidungsklage
1795 1072 3011 1135 gegen die Mißehe von Kunst und Dilettantismus an, dabei
1791 1115 2998 1179 die ibsensche Trapödie des Bildhauers Arnold Rubeck,
1796 1159 3003 1229 dem die Liebe des Weibes nur eine segensreiche Episode
1786 1203 3011 1263 in der Aufwärtsentwicklung seiner Künstlerschaft war,
1786 1239 2998 1298 zum harmlosen, lachenden Lustspielscherz abwandelnd.
1793 1292 3011 1335 Mit dem anderen lugen wir hinaus und zurück in die hei¬
1790 1325 3006 1394 tere, sonnige Welt, in der ein Goethe seine neckischen
1795 1368 3001 1426 Schäferspiele und Verslustspiele schrieb. Schnitzler ist kein
1783 1419 2996 1478 lauter Bekenner, kein Forderer der markigen Tat; er
1785 1462 3007 1533 songliert und verzichtet auf eine einseitige Belastung der
1790 1504 2994 1568 Charakterführung im guten, wie im schlechten Sinne.
1786 1546 2992 1601 „Nur nix übertreiben“ spricht Wien nach Hermann Bahr.
1792 1595 2992 1667 Die Menschen werden in dem, was sie sein möchten, vom
1779 1632 2994 1680 Dichter immer wieder in Anführungsstriche gesetzt. Da¬
1779 1677 2992 1744 durch bekommen sie etwas Müdes und Unentschlossenes,
1789 1730 2995 1794 aus dem kein festes Ziel erkennbar wird. Jordans Vers¬
1780 1758 2986 1817 lustspiel ist in der Schürzung des Knotens reichlich kom¬
1775 1816 2984 1874 pliziert und verklausuliert, woran das etwas seltsame
548 1836 900 1935 Ausschnitt
1776 1855 2997 1918 Testament des toten Onkels schuld ist, das das lustige
1781 1895 3003 1961 Quartett des Gutsbesitzers Heinrich, des Advokaten Ro¬
847 1885 1581 2012 Fhemer Tagblatt
558 1909 742 1991 vom:
1773 1934 2998 2003 bert und des lieblichen Schwesternpaares Klara und Ma¬
1771 1985 2989 2034 thilde vom fröhlichen Maskenball durch „wunderbare
1774 2029 2999 2094 Fügung“ in den „goldenen Pfau“ zitiert, allwo nach
1779 2066 3000 2141 Ueberwindung drolliger Schwierigkeiten die gewünschten
678 2081 1608 2172 Schauspielhaus am Ostertor.
1785 2107 2995 2189 Ehebündnisse zustandekommen, nachdem auf dem Balle
1776 2158 2979 2206 hinter der Maske der erste Anflug der Liebe durch den
590 2146 1727 2236 Schnitzler: „Lteratur“; Wilh. Jordan: „Durchs Ohr“.
1771 2191 2998 2265 Klang der Stimme des lieblichen Mädchens in Heinrichs
635 2214 1760 2306 Das gestrige Programm kündigte einen Kammer¬
1765 2235 2990 2309 bezaubertem Herzen Platz gegriffen hat. Zum Reiz der
552 2282 1761 2334 pielabend seiner Lustspielkunst an. Darunter standen
1772 2284 2979 2355 schönen Stimme und Gestalt kommt erst am Schluß und
555 2330 1765 2393 zwei Namen von gutem Klang, Arthur Schnitzler, der
1761 2332 2989 2416 das mit bewußter Absicht des Dichters der Reiz des schö¬
1757 2371 2125 2441 nen Gesichts. —
548 2369 1761 2435 Wiener, der unvergessene Dichter der Liebelei" und Wil¬
551 2413 1761 2481 helm Jordan, der Ostpreuße, der kraftvolle Neuschöpfer
1849 2412 2989 2497 Die Verantwortung für die szenisch wie darstellerisch
549 2454 1761 2507 der Nibelungensage, der späte Nachfahre aus ehedem nor¬
1768 2469 3071 2556 vorzüglich gelungene Aufführung hatte Tom Farecht:
539 2490 1757 2576 dischem Geschlecht. Jener mit seiner geistreichen drama¬
1756 2514 2968 2561 so gab es auch in diesem Betracht einen Kammerspielabend
544 2540 1753 2594 tischen Skizze „Literatur“, dem vierten Teil der Einakter¬
1762 2554 2972 2608 feiner L#stspielkunst. In den Einakter teilten sich Friedl
539 2575 1752 2658 reihe „Lebendige Stunden“ dieser mit seinem launigen
1762 2606 2972 2664 Münzer (Margarete), Heinz Burkart (Clemens)
535 2635 1748 2702 preiaktigen Verslustspiel „Durchs Ohr" Lustspiele beide,
1761 2652 2977 2706 und Rob. Vogel (Gilbert) unter Wahrung vornehm
533 2662 1760 2748 um mehr als dreißig Jahre in ihrer Entstehungszeit von
1757 2689 2976 2757 realistischer Sprechweise. Für den „Lebemann“ Clemens
531 2719 1753 2780 einander getrennt, in ihren Figuren um den Abstand von
1749 2732 2988 2783 hätte Herr Burkart mehr äußere Eleganz und einen et¬
532 2759 1748 2836 Generationen voneinander entfernt. Man würde ja nie
1755 2780 2970 2850 was schneidiger geführten Ton aufwenden dürfen. Im
530 2802 1751 2863 auf den Gedanken kommen, Schnitzler mit Jordan ver¬
1758 2810 2982 2878 zweiten Lustspiel, dem eine sein abgestimmte kostümliche
530 2856 1755 2918 gleichen zu wollen, aber da sie nun einmal vorübergehend
1764 2848 2970 2922 wie szenische Harmonie das äußere Gepräge verlieh, er¬
538 2892 1750 2952 auf der Bühne hintereinander hermarschieren, rückt die¬
1757 2912 2975 2977 freute besonders die natürliche Wirkung der Verssprache.
536 2936 1752 3008 ser Vergleich für die Dauer dieses gemeinsamen Spazier¬
1753 2938 2972 3016 Von Robert Vogels Darstellung des Heinrich ging ein
537 2982 1756 3046 ganges sozusagen unter die Bedürfnisse des Tages. Aus
1753 2999 2969 3061 starker lyrischer Reiz aus; der Wohlklang einer volltönen¬
543 3020 1747 3090 Schnitzlers Einakter spricht der an Ibsen herangebildete
1759 3043 2959 3103 den Stimme kam Kläre Grünberg=Plessow in
534 3067 1755 3135 Künder der „neuen Psychologie", um Hermann Bahrs
1751 3072 2979 3144 ihrer Rolle als Klara besonders gut zu statten. Ihre
533 3106 1755 3173 Lieblingsausbruck zu gebrauchen, aus Jordans Liebes¬
1753 3120 2971 3187 Schwester Mathilde war Friedl Münzer, die damit zum
534 3140 1747 3227 tpiel die Lust am ästhetischen Vergnügen, das blanke Verse
1745 3154 2969 3219 zweiten Male bewies, daß sie auch größeren Aufgaben
530 3194 1751 3268 und reine Herzenslyrik in jedem poesieempfänglichen Ge¬
1745 3206 2979 3275 durchaus gewachsen ist. Den vermittelnden Advokaten
540 3235 2979 3319 müte hervorrufen. Beim einen geht's um die Liebe als] Robert spielte Herr Burkart mit ebenfalls gutem
536 3284 2002 3375 Problem, beim anderen um die Liebe als Inhalt für die Gelingen.
2608 3302 2868 3377 Dr. E-K.
