<?xml version="1.0" encoding="UTF-8" standalone="yes"?>
<PcGts xmlns="http://schema.primaresearch.org/PAGE/gts/pagecontent/2013-07-15" xmlns:xsi="http://www.w3.org/2001/XMLSchema-instance" xsi:schemaLocation="http://schema.primaresearch.org/PAGE/gts/pagecontent/2013-07-15 http://schema.primaresearch.org/PAGE/gts/pagecontent/2013-07-15/pagecontent.xsd">
    <Metadata>
        <Creator>prov=University of Rostock/Institute of Mathematics/CITlab/Gundram Leifert/gundram.leifert@uni-rostock.de:name=ONB_Newseye_GT_M1+(htr_id=10810)::::v=2.4.2
prov=University of Rostock/Institute of Mathematics/CITlab/Tobias Gruening/tobias.gruening@uni-rostock.de:name=de.uros.citlab.module.baseline2polygon.B2PSeamMultiOriented:v=2.4.2
prov=University of Rostock/Institute of Mathematics/CITlab/Tobias Gruening/tobias.gruening@uni-rostock.de:name=/mnt/transkribus/LA/DEA/URO/LA_news_onb_att.pb:de.uros.citlab.segmentation.CITlab_LA_ML:v=2.4.2
Transkribus</Creator>
        <Created>2019-10-07T11:33:54.615+02:00</Created>
        <LastChange>2019-10-08T13:02:38.302+02:00</LastChange>
        <TranskribusMetadata docId="223976" pageId="9499839" pageNr="101" tsid="16578321" status="IN_PROGRESS" userId="40391" imgUrl="https://files.transkribus.eu/Get?id=WHFDHSWAOITMWHZBNKWYKTUI&amp;fileType=view" xmlUrl="https://files.transkribus.eu/Get?id=DYBEHBXGYGKHPMQIVKWRTAMD" imageId="6190061"/>
    </Metadata>
    <Page imageFilename="223976_0101.jpeg" imageWidth="3392" imageHeight="4352">
        <ReadingOrder>
            <OrderedGroup id="ro_1711449566548" caption="Regions reading order">
                <RegionRefIndexed index="0" regionRef="r1"/>
                <RegionRefIndexed index="1" regionRef="r2"/>
                <RegionRefIndexed index="2" regionRef="r3"/>
                <RegionRefIndexed index="3" regionRef="r4"/>
            </OrderedGroup>
        </ReadingOrder>
        <TextRegion orientation="0.0" id="r1" custom="readingOrder {index:0;}">
            <Coords points="360,209 360,4103 1483,4103 1483,209"/>
            <TextLine id="r1l1" custom="readingOrder {index:0;}">
                <Coords points="1211,243 1269,234 1328,242 1359,237 1365,244 1391,247 1393,184 1347,189 1335,177 1306,198 1296,189 1278,192 1269,183 1239,176 1212,182"/>
                <Baseline points="1218,229 1245,232 1273,233 1301,234 1329,233 1357,233 1385,234"/>
                <TextEquiv>
                    <Unicode>Ne </Unicode>
                </TextEquiv>
            </TextLine>
            <TextLine id="r1l2" custom="readingOrder {index:1;}">
                <Coords points="452,256 512,247 544,255 569,243 653,252 690,242 737,247 736,206 726,203 669,208 650,220 616,208 560,227 502,199 451,204"/>
                <Baseline points="458,239 485,241 512,241 539,242 566,242 594,241 621,241 648,240 675,239 702,238 730,237"/>
                <TextEquiv>
                    <Unicode>M.  eeene</Unicode>
                </TextEquiv>
            </TextLine>
            <TextLine id="r1l3" custom="readingOrder {index:2;}">
                <Coords points="446,355 750,329 1485,353 1462,264 1388,293 678,308 445,280"/>
                <Baseline points="453,337 504,334 555,332 606,330 658,328 709,327 760,326 811,326 863,325 914,325 965,325 1016,326 1068,326 1119,326 1170,326 1221,326 1273,326 1324,326 1375,326 1426,325 1478,324"/>
                <TextEquiv>
                    <Unicode>RGUS SUISSE ET INTERNATIONAZ.</Unicode>
                </TextEquiv>
            </TextLine>
            <TextLine id="r1l4" custom="readingOrder {index:3;}">
                <Coords points="570,425 1024,431 1116,410 1345,434 1346,395 1158,374 1050,397 931,374 569,394"/>
                <Baseline points="577,415 615,416 653,417 691,418 729,418 767,418 805,418 843,418 881,417 919,417 958,416 996,416 1034,415 1072,415 1110,414 1148,414 1186,413 1224,413 1262,414 1300,414 1339,415"/>
                <TextEquiv>
                    <Unicode>23. rue du Rhöne - Genéve</Unicode>
                </TextEquiv>
            </TextLine>
            <TextLine id="r1l5" custom="readingOrder {index:4;}">
                <Coords points="448,480 1447,496 1466,427 448,457"/>
                <Baseline points="455,478 505,478 555,478 605,478 655,477 706,477 756,476 806,476 856,475 906,474 957,474 1007,473 1057,473 1107,472 1157,472 1208,472 1258,472 1308,472 1358,473 1408,473 1459,474"/>
                <TextEquiv>
                    <Unicode>Adr. télégr.: Coupures-Genève — Tél. Stand 40.05</Unicode>
                </TextEquiv>
            </TextLine>
            <TextLine id="r1l6" custom="readingOrder {index:5;}">
                <Coords points="441,591 904,556 1425,573 1474,556 1474,505 1415,532 440,539"/>
                <Baseline points="447,566 498,565 549,565 600,564 651,564 702,563 753,563 804,562 855,562 906,561 957,561 1008,560 1059,560 1110,560 1161,559 1212,559 1263,559 1314,559 1365,559 1416,559 1467,559"/>
                <TextEquiv>
                    <Unicode>(Bureau International de coupures de journaux!</Unicode>
                </TextEquiv>
            </TextLine>
            <TextLine id="r1l7" custom="readingOrder {index:6;}">
                <Coords points="584,614 1174,598 1300,617 1343,574 584,576"/>
                <Baseline points="591,603 628,604 665,604 702,604 740,605 777,605 814,604 852,604 889,604 926,604 964,604 1001,603 1038,603 1075,603 1113,603 1150,603 1187,602 1225,602 1262,603 1299,603 1337,603"/>
                <TextEquiv>
                    <Unicode>Traductions de et en toutes langues</Unicode>
                </TextEquiv>
            </TextLine>
            <TextLine id="r1l8" custom="readingOrder {index:7;}">
                <Coords points="481,737 1327,723 1378,749 1458,739 1458,711 1077,680 815,713 739,685 480,701"/>
                <Baseline points="487,728 535,729 583,729 631,729 679,729 728,729 776,728 824,728 872,728 920,728 969,727 1017,727 1065,727 1113,726 1161,725 1210,725 1258,724 1306,723 1354,723 1402,722 1451,722"/>
                <TextEquiv>
                    <Unicode>Correspondants dans toutes les grandes villes</Unicode>
                </TextEquiv>
            </TextLine>
            <TextLine id="r1l9" custom="readingOrder {index:8;}">
                <Coords points="464,869 503,878 551,862 748,858 770,874 818,861 879,870 878,826 852,813 826,828 663,806 464,827"/>
                <Baseline points="471,856 496,856 521,856 546,856 571,855 596,855 621,855 646,854 671,854 696,854 721,854 746,854 771,853 796,853 821,853 846,853 872,854"/>
                <TextEquiv>
                    <Unicode>Egtrait du Journal:</Unicode>
                </TextEquiv>
            </TextLine>
            <TextLine id="r1l10" custom="readingOrder {index:9;}">
                <Coords points="670,1010 944,954 1050,957 1229,908 1285,917 1276,855 1209,848 1080,894 954,891 843,928 793,915 659,947"/>
                <Baseline points="674,996 704,992 734,988 764,984 794,979 824,974 854,969 884,964 914,958 944,952 974,946 1004,941 1034,935 1064,930 1094,925 1124,919 1154,914 1184,909 1214,904 1244,899 1275,894"/>
                <TextEquiv>
                    <Unicode>Aunin ine Aien wonmn.</Unicode>
                </TextEquiv>
            </TextLine>
            <TextLine id="r1l11" custom="readingOrder {index:10;}">
                <Coords points="471,960 495,965 502,959 515,966 535,960 571,974 587,965 602,969 635,959 643,966 667,963 666,932 651,932 621,917 592,927 582,917 556,923 524,911 511,919 471,919"/>
                <Baseline points="478,953 504,952 530,952 556,950 582,950 608,950 634,950 660,953"/>
                <TextEquiv>
                    <Unicode>Adresse:</Unicode>
                </TextEquiv>
            </TextLine>
            <TextLine id="r1l12" custom="readingOrder {index:11;}">
                <Coords points="946,1034 958,1032 997,1049 1020,1029 1033,1035 1094,1005 1115,1013 1129,1010 1116,941 1097,943 1089,953 1077,947 1028,962 1013,959 999,974 979,969 964,988 938,994"/>
                <Baseline points="952,1032 980,1029 1008,1024 1036,1017 1064,1012 1092,1007 1120,1004"/>
                <TextEquiv>
                    <Unicode>Sah</Unicode>
                </TextEquiv>
            </TextLine>
            <TextLine id="r1l13" custom="readingOrder {index:12;}">
                <Coords points="453,1075 470,1081 487,1069 508,1077 542,1077 557,1070 571,1078 589,1069 611,1075 613,999 599,1000 578,1016 555,1012 516,1019 497,1009 475,1017 454,1015"/>
                <Baseline points="460,1051 488,1050 517,1050 546,1050 575,1052 604,1055"/>
                <TextEquiv>
                    <Unicode>Date:</Unicode>
                </TextEquiv>
            </TextLine>
            <TextLine id="r1l14" custom="readingOrder {index:13;}">
                <Coords points="464,1124 1415,1164 1416,1127 1316,1113 466,1082"/>
                <Baseline points="471,1120 517,1123 564,1125 611,1128 658,1130 705,1131 752,1133 798,1135 845,1136 892,1138 939,1139 986,1140 1033,1141 1080,1142 1126,1144 1173,1145 1220,1146 1267,1148 1314,1149 1361,1151 1408,1153"/>
                <TextEquiv>
                    <Unicode>Stilbühnenabend des Kaufmännischen Vereins.</Unicode>
                </TextEquiv>
            </TextLine>
            <TextLine id="r1l15" custom="readingOrder {index:14;}">
                <Coords points="450,1179 1384,1216 1443,1203 1445,1160 895,1165 496,1127 451,1152"/>
                <Baseline points="457,1166 506,1168 555,1171 604,1173 653,1175 702,1177 751,1179 800,1181 849,1182 898,1184 947,1185 996,1187 1045,1189 1094,1190 1143,1192 1192,1194 1241,1196 1290,1199 1339,1201 1388,1203 1437,1205"/>
                <TextEquiv>
                    <Unicode>„Gute, heiter=anmutige alte Musik leitete am letzten</Unicode>
                </TextEquiv>
            </TextLine>
            <TextLine id="r1l16" custom="readingOrder {index:15;}">
                <Coords points="430,1215 1450,1232 1315,1196 848,1208 432,1167"/>
                <Baseline points="437,1208 487,1210 537,1212 587,1214 638,1216 688,1218 738,1219 789,1221 839,1223 889,1224 940,1226 990,1227 1040,1229 1090,1230 1141,1232 1191,1233 1241,1234 1292,1236 1342,1237 1392,1239 1443,1240"/>
                <TextEquiv>
                    <Unicode>Samstag abend den Stilbühnenabend des</Unicode>
                </TextEquiv>
            </TextLine>
            <TextLine id="r1l17" custom="readingOrder {index:16;}">
                <Coords points="417,1247 1457,1293 1458,1257 1336,1236 418,1224"/>
                <Baseline points="424,1245 475,1248 526,1250 577,1252 629,1254 680,1255 731,1257 783,1258 834,1259 885,1260 937,1261 988,1262 1039,1263 1090,1264 1142,1266 1193,1267 1244,1268 1296,1270 1347,1272 1398,1275 1450,1277"/>
                <TextEquiv>
                    <Unicode>Kaufmännischen Vereins ein, dessen Publikum</Unicode>
                </TextEquiv>
            </TextLine>
            <TextLine id="r1l18" custom="readingOrder {index:17;}">
                <Coords points="419,1296 1146,1296 1426,1333 1449,1290 420,1257"/>
                <Baseline points="426,1285 476,1287 527,1289 578,1290 629,1292 679,1294 730,1295 781,1297 832,1298 882,1300 933,1301 984,1302 1035,1304 1085,1305 1136,1307 1187,1308 1238,1310 1288,1312 1339,1314 1390,1315 1441,1317"/>
                <TextEquiv>
                    <Unicode>die Aula des Vereinshauses an der Kornhausgasse</Unicode>
                </TextEquiv>
            </TextLine>
            <TextLine id="r1l19" custom="readingOrder {index:18;}">
                <Coords points="416,1335 1331,1367 1422,1361 1423,1328 417,1299"/>
                <Baseline points="423,1325 472,1326 522,1328 571,1330 621,1331 671,1333 720,1335 770,1336 819,1337 869,1339 919,1340 968,1341 1018,1343 1067,1344 1117,1345 1167,1347 1216,1348 1266,1349 1315,1351 1365,1352 1415,1354"/>
                <TextEquiv>
                    <Unicode>kaum fassen konnte. „Eine kleine Nachtmusik“</Unicode>
                </TextEquiv>
            </TextLine>
            <TextLine id="r1l20" custom="readingOrder {index:19;}">
                <Coords points="418,1369 1432,1402 1433,1366 1390,1359 419,1334"/>
                <Baseline points="425,1364 475,1365 525,1366 575,1367 625,1368 675,1370 725,1371 775,1373 825,1375 875,1376 925,1378 975,1380 1025,1381 1075,1383 1125,1385 1175,1387 1225,1388 1275,1390 1325,1392 1375,1394 1425,1395"/>
                <TextEquiv>
                    <Unicode>von Mozart erklang, trefflich gespielt vom Quartett:</Unicode>
                </TextEquiv>
            </TextLine>
            <TextLine id="r1l21" custom="readingOrder {index:20;}">
                <Coords points="425,1408 1284,1454 1468,1433 1397,1397 426,1365"/>
                <Baseline points="431,1405 482,1405 533,1405 585,1406 636,1407 688,1408 739,1409 791,1411 842,1413 894,1415 945,1417 996,1419 1048,1421 1099,1423 1151,1426 1202,1428 1254,1430 1305,1432 1357,1435 1408,1437 1460,1438"/>
                <TextEquiv>
                    <Unicode>Frl. E. Semisch und den Herren F. Grämer, A</Unicode>
                </TextEquiv>
            </TextLine>
            <TextLine id="r1l22" custom="readingOrder {index:21;}">
                <Coords points="417,1456 497,1440 573,1457 966,1464 967,1428 418,1411"/>
                <Baseline points="424,1439 450,1441 477,1441 504,1442 531,1443 557,1444 584,1445 611,1445 638,1446 664,1447 691,1448 718,1449 745,1449 771,1450 798,1450 825,1451 852,1451 878,1452 905,1452 932,1452 959,1452"/>
                <TextEquiv>
                    <Unicode>Ruesch und Th. Wohler.</Unicode>
                </TextEquiv>
            </TextLine>
            <TextLine id="r1l23" custom="readingOrder {index:22;}">
                <Coords points="1390,1485 1403,1485 1415,1496 1426,1492 1438,1501 1451,1504 1477,1482 1490,1485 1490,1441 1478,1443 1471,1438 1454,1451 1438,1446 1421,1452 1407,1465 1391,1460"/>
                <Baseline points="1397,1484 1425,1485 1454,1484 1483,1486"/>
                <TextEquiv>
                    <Unicode>.50</Unicode>
                </TextEquiv>
            </TextLine>
            <TextLine id="r1l24" custom="readingOrder {index:23;}">
                <Coords points="449,1480 1486,1533 1487,1502 1362,1468 449,1454"/>
                <Baseline points="456,1479 507,1481 558,1483 609,1485 660,1486 712,1488 763,1490 814,1491 865,1492 916,1494 968,1496 1019,1498 1070,1500 1121,1501 1172,1503 1224,1505 1275,1508 1326,1510 1377,1513 1428,1516 1480,1520"/>
                <TextEquiv>
                    <Unicode>Und nun trat die Dramatische Sektion auf den Plan. —</Unicode>
                </TextEquiv>
            </TextLine>
            <TextLine id="r1l25" custom="readingOrder {index:24;}">
                <Coords points="416,1525 1438,1572 1439,1533 1395,1515 418,1476"/>
                <Baseline points="423,1516 473,1517 523,1519 574,1520 624,1522 675,1524 725,1525 776,1527 826,1529 877,1531 927,1533 977,1534 1028,1537 1078,1539 1129,1541 1179,1544 1230,1545 1280,1548 1331,1550 1381,1554 1432,1556"/>
                <TextEquiv>
                    <Unicode>diesmal mit zwei modernen Lustspielen. Zunächs</Unicode>
                </TextEquiv>
            </TextLine>
            <TextLine id="r1l26" custom="readingOrder {index:25;}">
                <Coords points="419,1560 1436,1586 1361,1549 421,1524"/>
                <Baseline points="427,1556 477,1555 527,1556 577,1556 627,1557 677,1559 727,1561 778,1563 828,1566 878,1568 928,1571 978,1574 1028,1576 1078,1579 1129,1581 1179,1584 1229,1585 1279,1587 1329,1588 1379,1588 1430,1588"/>
                <TextEquiv>
                    <Unicode>Schnitzlers überlegener Spott in dem geistvoller'</Unicode>
                </TextEquiv>
            </TextLine>
            <TextLine id="r1l27" custom="readingOrder {index:26;}">
                <Coords points="408,1594 1436,1646 1488,1596 409,1560"/>
                <Baseline points="415,1594 468,1594 521,1594 574,1595 628,1596 681,1598 734,1600 787,1603 841,1606 894,1609 947,1611 1000,1614 1054,1617 1107,1620 1160,1621 1213,1624 1267,1625 1320,1626 1373,1626 1426,1626 1480,1625"/>
                <TextEquiv>
                    <Unicode>Einakter: „Literatur“. Es liegt ein gut Teil Selbstiée</Unicode>
                </TextEquiv>
            </TextLine>
            <TextLine id="r1l28" custom="readingOrder {index:27;}">
                <Coords points="404,1634 1402,1676 1443,1647 405,1592"/>
                <Baseline points="411,1631 462,1632 513,1634 564,1635 616,1637 667,1638 718,1641 769,1642 821,1645 872,1646 923,1649 974,1651 1026,1653 1077,1655 1128,1656 1179,1658 1231,1659 1282,1661 1333,1662 1384,1664 1436,1664"/>
                <TextEquiv>
                    <Unicode>ironie des Dichters und Literaten in dieser keck=pikanten</Unicode>
                </TextEquiv>
            </TextLine>
            <TextLine id="r1l29" custom="readingOrder {index:28;}">
                <Coords points="400,1675 1381,1715 1448,1690 1027,1644 401,1656"/>
                <Baseline points="407,1671 458,1671 510,1672 562,1673 613,1674 665,1676 717,1678 768,1680 820,1683 872,1685 924,1688 975,1690 1027,1693 1079,1695 1130,1698 1182,1700 1234,1701 1285,1702 1337,1703 1389,1704 1441,1704"/>
                <TextEquiv>
                    <Unicode>Komödie von der jungen Schriftstellerin mit „Ver¬</Unicode>
                </TextEquiv>
            </TextLine>
            <TextLine id="r1l30" custom="readingOrder {index:29;}">
                <Coords points="395,1719 1460,1742 1440,1704 397,1679"/>
                <Baseline points="402,1714 454,1713 507,1712 559,1713 612,1713 664,1715 717,1716 769,1719 822,1721 874,1723 927,1726 980,1728 1032,1730 1085,1733 1137,1735 1190,1737 1242,1738 1295,1739 1347,1739 1400,1739 1453,1738"/>
                <TextEquiv>
                    <Unicode>gangenheit“, welche die Liebe eines geistig nicht sonder¬</Unicode>
                </TextEquiv>
            </TextLine>
            <TextLine id="r1l31" custom="readingOrder {index:30;}">
                <Coords points="400,1740 1358,1791 1431,1759 401,1708"/>
                <Baseline points="406,1744 456,1745 507,1746 558,1748 609,1749 660,1751 711,1753 761,1755 812,1757 863,1759 914,1762 965,1764 1016,1766 1067,1768 1117,1770 1168,1771 1219,1773 1270,1774 1321,1775 1372,1776 1423,1777"/>
                <TextEquiv>
                    <Unicode>lich bedeutenden, aber feelisch saubern und anständigen</Unicode>
                </TextEquiv>
            </TextLine>
            <TextLine id="r1l32" custom="readingOrder {index:31;}">
                <Coords points="399,1786 1399,1826 1436,1780 400,1749"/>
                <Baseline points="406,1781 457,1783 508,1784 559,1786 610,1787 661,1790 712,1792 763,1794 814,1796 865,1798 917,1800 968,1802 1019,1804 1070,1806 1121,1807 1172,1809 1223,1810 1274,1811 1325,1812 1376,1812 1428,1813"/>
                <TextEquiv>
                    <Unicode>Aristokraten zwar beglückt, aber doch nicht ganz aus</Unicode>
                </TextEquiv>
            </TextLine>
            <TextLine id="r1l33" custom="readingOrder {index:32;}">
                <Coords points="406,1823 1431,1851 1432,1823 1383,1819 408,1787"/>
                <Baseline points="413,1820 463,1821 514,1823 564,1824 615,1826 666,1829 716,1830 767,1832 817,1835 868,1837 919,1838 969,1841 1020,1842 1070,1844 1121,1846 1172,1847 1222,1848 1273,1849 1323,1850 1374,1850 1425,1851"/>
                <TextEquiv>
                    <Unicode>der Bohsme=Atmosphäre und dem Empfinden dieser</Unicode>
                </TextEquiv>
            </TextLine>
            <TextLine id="r1l34" custom="readingOrder {index:33;}">
                <Coords points="388,1870 1430,1891 1339,1855 390,1818"/>
                <Baseline points="396,1857 447,1858 498,1860 550,1861 601,1863 652,1864 704,1867 755,1869 806,1871 858,1873 909,1876 960,1878 1012,1880 1063,1882 1114,1884 1166,1886 1217,1888 1268,1889 1320,1890 1371,1891 1423,1892"/>
                <TextEquiv>
                    <Unicode>dubiosen Vergangenheit herauszureißen vermag. Das</Unicode>
                </TextEquiv>
            </TextLine>
            <TextLine id="r1l35" custom="readingOrder {index:34;}">
                <Coords points="402,1906 1366,1947 1421,1940 1423,1896 404,1858"/>
                <Baseline points="409,1897 459,1898 509,1900 559,1901 610,1903 660,1904 710,1906 761,1908 811,1910 861,1912 912,1915 962,1916 1012,1918 1062,1920 1113,1922 1163,1923 1213,1924 1264,1926 1314,1927 1364,1927 1415,1928"/>
                <TextEquiv>
                    <Unicode>bringt erst der Besuch ihres alten Liebhabers, des Li¬</Unicode>
                </TextEquiv>
            </TextLine>
            <TextLine id="r1l36" custom="readingOrder {index:35;}">
                <Coords points="385,1957 1423,1986 1425,1942 387,1900"/>
                <Baseline points="392,1933 443,1935 494,1937 545,1939 597,1941 648,1944 699,1946 750,1948 802,1950 853,1952 904,1954 955,1956 1007,1958 1058,1959 1109,1961 1160,1963 1212,1964 1263,1965 1314,1966 1365,1967 1417,1968"/>
                <TextEquiv>
                    <Unicode>teraten Gilbert, fertig, in dessen eitel=unvornehmem</Unicode>
                </TextEquiv>
            </TextLine>
            <TextLine id="r1l37" custom="readingOrder {index:36;}">
                <Coords points="382,1991 1104,2016 1295,1992 1418,2022 1419,1984 1351,1970 383,1957"/>
                <Baseline points="389,1972 440,1974 491,1976 542,1978 593,1980 644,1981 695,1983 746,1985 797,1987 848,1989 900,1991 951,1993 1002,1995 1053,1997 1104,1998 1155,2001 1206,2002 1257,2004 1308,2005 1359,2007 1411,2009"/>
                <TextEquiv>
                    <Unicode>Wesen, dessen seelischer Unbedenklichkeit, um nicht</Unicode>
                </TextEquiv>
            </TextLine>
            <TextLine id="r1l38" custom="readingOrder {index:37;}">
                <Coords points="384,2015 1111,2025 1323,2059 1428,2030 385,1983"/>
                <Baseline points="391,2012 442,2013 493,2014 545,2015 596,2017 648,2019 699,2021 751,2022 802,2024 854,2027 905,2028 956,2030 1008,2033 1059,2035 1111,2037 1162,2038 1214,2040 1265,2042 1317,2043 1368,2044 1420,2045"/>
                <TextEquiv>
                    <Unicode>zu sagen Schamlosigkeit, sie sich und ihr Tun</Unicode>
                </TextEquiv>
            </TextLine>
            <TextLine id="r1l39" custom="readingOrder {index:38;}">
                <Coords points="385,2056 1406,2086 1387,2054 1297,2046 387,2018"/>
                <Baseline points="392,2048 442,2049 492,2051 543,2053 593,2055 643,2057 694,2059 744,2061 794,2063 845,2064 895,2066 945,2068 996,2070 1046,2072 1096,2074 1147,2076 1197,2078 1247,2081 1298,2083 1348,2085 1399,2087"/>
                <TextEquiv>
                    <Unicode>und Empfinden in der Karrikatur erblickt. Nun erst</Unicode>
                </TextEquiv>
            </TextLine>
            <TextLine id="r1l40" custom="readingOrder {index:39;}">
                <Coords points="380,2080 1414,2126 1415,2088 381,2044"/>
                <Baseline points="386,2087 437,2090 488,2092 539,2094 590,2096 641,2098 692,2100 743,2102 794,2103 845,2105 896,2107 947,2108 998,2110 1049,2111 1100,2113 1151,2115 1202,2117 1253,2119 1304,2120 1355,2122 1407,2125"/>
                <TextEquiv>
                    <Unicode>wendet sie sich ganz und mit Bewußtsein von jener</Unicode>
                </TextEquiv>
            </TextLine>
            <TextLine id="r1l41" custom="readingOrder {index:40;}">
                <Coords points="383,2123 1413,2169 1414,2129 1285,2118 384,2097"/>
                <Baseline points="390,2127 440,2129 491,2130 542,2131 593,2133 644,2135 694,2136 745,2138 796,2140 847,2142 898,2144 948,2146 999,2149 1050,2150 1101,2152 1152,2154 1202,2155 1253,2156 1304,2157 1355,2159 1406,2159"/>
                <TextEquiv>
                    <Unicode>lockenden Welt ab und opfert mit großer Geste den</Unicode>
                </TextEquiv>
            </TextLine>
            <TextLine id="r1l42" custom="readingOrder {index:41;}">
                <Coords points="386,2175 1414,2194 1414,2167 1196,2152 387,2135"/>
                <Baseline points="392,2169 442,2170 493,2170 544,2171 595,2172 645,2173 696,2175 747,2177 798,2178 848,2180 899,2182 950,2184 1001,2186 1051,2188 1102,2190 1153,2192 1204,2194 1254,2195 1305,2197 1356,2199 1407,2200"/>
                <TextEquiv>
                    <Unicode>Flammen ihren Roman, der sie allerdings durch ein</Unicode>
                </TextEquiv>
            </TextLine>
            <TextLine id="r1l43" custom="readingOrder {index:42;}">
                <Coords points="378,2213 1407,2246 1408,2212 1361,2202 380,2180"/>
                <Baseline points="386,2206 436,2207 487,2208 538,2209 589,2210 639,2212 690,2213 741,2215 792,2217 842,2218 893,2220 944,2222 995,2224 1045,2226 1096,2227 1147,2229 1198,2231 1248,2232 1299,2234 1350,2236 1401,2237"/>
                <TextEquiv>
                    <Unicode>sonderbares Zusammentreffen der Umstände nun aufs</Unicode>
                </TextEquiv>
            </TextLine>
            <TextLine id="r1l44" custom="readingOrder {index:43;}">
                <Coords points="385,2254 1350,2289 1417,2282 1418,2244 386,2213"/>
                <Baseline points="392,2244 442,2244 493,2246 544,2247 595,2248 646,2250 697,2252 748,2253 799,2255 850,2257 901,2259 951,2260 1002,2262 1053,2264 1104,2265 1155,2267 1206,2269 1257,2270 1308,2272 1359,2273 1410,2274"/>
                <TextEquiv>
                    <Unicode>schlimmste kompromittieren würde! Das geistreiche Lust¬</Unicode>
                </TextEquiv>
            </TextLine>
            <TextLine id="r1l45" custom="readingOrder {index:44;}">
                <Coords points="385,2294 1415,2323 1416,2281 387,2253"/>
                <Baseline points="393,2284 443,2284 494,2285 545,2286 596,2287 646,2288 697,2289 748,2291 799,2293 849,2294 900,2296 951,2298 1002,2300 1052,2302 1103,2304 1154,2305 1205,2307 1255,2309 1306,2311 1357,2312 1408,2313"/>
                <TextEquiv>
                    <Unicode>spiel wurde unter der Leitung des Herrn Heß vom</Unicode>
                </TextEquiv>
            </TextLine>
            <TextLine id="r1l46" custom="readingOrder {index:45;}">
                <Coords points="389,2328 1412,2367 1392,2312 390,2289"/>
                <Baseline points="396,2322 446,2322 496,2324 547,2325 597,2326 648,2328 698,2329 749,2331 799,2333 850,2335 900,2337 950,2338 1001,2340 1051,2341 1102,2343 1152,2344 1203,2346 1253,2347 1304,2348 1354,2349 1405,2350"/>
                <TextEquiv>
                    <Unicode>Stadttheater sehr fein und verständnisvoll wiederge¬</Unicode>
                </TextEquiv>
            </TextLine>
            <TextLine id="r1l47" custom="readingOrder {index:46;}">
                <Coords points="369,2361 1296,2407 1398,2399 1399,2373 370,2328"/>
                <Baseline points="376,2360 426,2360 477,2361 528,2361 579,2363 629,2364 680,2365 731,2367 782,2369 832,2371 883,2374 934,2375 985,2377 1035,2379 1086,2381 1137,2383 1188,2384 1238,2385 1289,2387 1340,2388 1391,2388"/>
                <TextEquiv>
                    <Unicode>geben. Besonders Frl. Schäublin, der Schnitzler</Unicode>
                </TextEquiv>
            </TextLine>
            <TextLine id="r1l48" custom="readingOrder {index:47;}">
                <Coords points="374,2399 1363,2442 1400,2400 375,2364"/>
                <Baseline points="381,2394 431,2396 482,2397 532,2400 583,2402 633,2403 684,2406 734,2408 785,2410 835,2412 886,2414 937,2416 987,2418 1038,2420 1088,2421 1139,2423 1189,2424 1240,2426 1290,2427 1341,2428 1392,2429"/>
                <TextEquiv>
                    <Unicode>überhaupt vortrefflich „liegt“, bot als Margarethe eine</Unicode>
                </TextEquiv>
            </TextLine>
            <TextLine id="r1l49" custom="readingOrder {index:48;}">
                <Coords points="366,2430 1333,2481 1396,2467 1397,2430 366,2404"/>
                <Baseline points="372,2432 422,2434 473,2436 524,2437 575,2440 626,2442 677,2444 727,2445 778,2447 829,2449 880,2451 931,2453 982,2455 1033,2457 1083,2459 1134,2461 1185,2463 1236,2464 1287,2465 1338,2467 1389,2468"/>
                <TextEquiv>
                    <Unicode>ausgezeichnete und abgerundete Leistung. Sie wußte</Unicode>
                </TextEquiv>
            </TextLine>
            <TextLine id="r1l50" custom="readingOrder {index:49;}">
                <Coords points="372,2485 1327,2523 1390,2503 1391,2472 373,2442"/>
                <Baseline points="379,2469 429,2471 479,2472 529,2474 579,2477 630,2478 680,2481 730,2482 780,2484 830,2487 881,2489 931,2491 981,2493 1031,2495 1081,2496 1132,2498 1182,2500 1232,2501 1282,2502 1332,2503 1383,2504"/>
                <TextEquiv>
                    <Unicode>die liebende Frau, die Dame mit dem Willen zu inne¬</Unicode>
                </TextEquiv>
            </TextLine>
            <TextLine id="r1l51" custom="readingOrder {index:50;}">
                <Coords points="355,2516 1390,2551 1391,2511 357,2480"/>
                <Baseline points="363,2511 414,2512 465,2513 516,2515 567,2516 618,2518 669,2519 720,2521 771,2523 822,2525 873,2526 924,2529 975,2530 1026,2533 1077,2535 1128,2536 1179,2538 1230,2540 1281,2542 1332,2543 1383,2545"/>
                <TextEquiv>
                    <Unicode>yrer wie äußerer Sauberkeit nicht weniger glaubhaft zu</Unicode>
                </TextEquiv>
            </TextLine>
            <TextLine id="r1l52" custom="readingOrder {index:51;}">
                <Coords points="368,2546 1387,2599 1389,2551 369,2524"/>
                <Baseline points="375,2548 425,2550 475,2552 525,2554 576,2556 626,2558 676,2560 726,2562 777,2564 827,2565 877,2567 927,2569 978,2571 1028,2572 1078,2574 1128,2576 1179,2578 1229,2579 1279,2581 1329,2583 1380,2584"/>
                <TextEquiv>
                    <Unicode>machen, als das eitle, nervös=fahrige Literaturweiblein,</Unicode>
                </TextEquiv>
            </TextLine>
            <TextLine id="r1l53" custom="readingOrder {index:52;}">
                <Coords points="354,2593 1311,2635 1376,2631 1378,2592 356,2548"/>
                <Baseline points="362,2583 412,2585 462,2588 513,2591 563,2593 614,2596 664,2598 714,2600 765,2603 815,2605 866,2606 916,2608 966,2610 1017,2612 1067,2613 1118,2615 1168,2616 1218,2618 1269,2619 1319,2620 1370,2621"/>
                <TextEquiv>
                    <Unicode>das immer noch mit jener Unterwelt kokettieren muß.</Unicode>
                </TextEquiv>
            </TextLine>
            <TextLine id="r1l54" custom="readingOrder {index:53;}">
                <Coords points="364,2629 1312,2659 1384,2691 1386,2637 1274,2620 366,2589"/>
                <Baseline points="371,2620 421,2623 471,2627 522,2631 572,2633 622,2636 673,2638 723,2640 773,2643 824,2644 874,2646 924,2647 975,2649 1025,2651 1075,2652 1126,2654 1176,2656 1226,2658 1277,2659 1327,2661 1378,2663"/>
                <TextEquiv>
                    <Unicode>Sympathisch war Herr O. Müller als Clemens,</Unicode>
                </TextEquiv>
            </TextLine>
            <TextLine id="r1l55" custom="readingOrder {index:54;}">
                <Coords points="353,2653 1451,2725 1452,2685 1389,2664 354,2628"/>
                <Baseline points="360,2655 414,2660 468,2664 522,2669 576,2672 631,2675 685,2676 739,2678 793,2680 847,2681 902,2683 956,2684 1010,2686 1064,2688 1118,2689 1173,2692 1227,2694 1281,2698 1335,2702 1389,2706 1444,2712"/>
                <TextEquiv>
                    <Unicode>dessen noble, einfache Männlichkeit er sehr gut wieder=</Unicode>
                </TextEquiv>
            </TextLine>
            <TextLine id="r1l56" custom="readingOrder {index:55;}">
                <Coords points="403,2773 1378,2792 1412,2818 1438,2759 765,2757 512,2715 403,2739"/>
                <Baseline points="410,2767 461,2769 512,2771 563,2772 614,2773 665,2775 716,2776 767,2777 818,2778 869,2779 920,2780 971,2781 1022,2782 1073,2783 1124,2784 1175,2784 1226,2785 1277,2786 1328,2787 1379,2787 1430,2788"/>
                <TextEquiv>
                    <Unicode>gab. Herr Manta in der Rolle des Literaten Gilbert</Unicode>
                </TextEquiv>
            </TextLine>
            <TextLine id="r1l57" custom="readingOrder {index:56;}">
                <Coords points="397,2811 1421,2826 1365,2791 398,2769"/>
                <Baseline points="404,2808 454,2810 505,2811 555,2812 606,2814 656,2815 707,2816 757,2817 808,2818 858,2819 909,2820 959,2821 1010,2822 1060,2822 1111,2823 1161,2823 1212,2824 1262,2824 1313,2825 1363,2825 1414,2825"/>
                <TextEquiv>
                    <Unicode>hätte in Spiel und Maske bei aller Minderwertigkeit,</Unicode>
                </TextEquiv>
            </TextLine>
            <TextLine id="r1l58" custom="readingOrder {index:57;}">
                <Coords points="398,2843 1410,2865 1375,2828 399,2807"/>
                <Baseline points="405,2844 454,2846 504,2848 554,2849 604,2851 654,2852 704,2854 754,2855 804,2856 854,2857 904,2858 953,2859 1003,2860 1053,2861 1103,2861 1153,2862 1203,2862 1253,2862 1303,2862 1353,2862 1403,2862"/>
                <TextEquiv>
                    <Unicode>allem Komödiantischen vielleicht etwas liebenswürdi¬</Unicode>
                </TextEquiv>
            </TextLine>
            <TextLine id="r1l59" custom="readingOrder {index:58;}">
                <Coords points="406,2896 1180,2892 1411,2921 1412,2871 1384,2867 407,2849"/>
                <Baseline points="414,2884 463,2885 513,2885 562,2886 612,2888 661,2889 711,2890 760,2892 810,2893 859,2894 909,2896 958,2897 1008,2899 1057,2900 1107,2901 1156,2902 1206,2902 1255,2903 1305,2903 1354,2902 1404,2902"/>
                <TextEquiv>
                    <Unicode>ger, naiv=gemütlicher sein dürfen: er war ein bischen</Unicode>
                </TextEquiv>
            </TextLine>
            <TextLine id="r1l60" custom="readingOrder {index:59;}">
                <Coords points="399,2933 1410,2938 1369,2905 400,2891"/>
                <Baseline points="406,2922 455,2923 505,2924 555,2926 605,2927 655,2928 704,2930 754,2931 804,2932 854,2934 904,2935 953,2937 1003,2938 1053,2939 1103,2940 1153,2941 1202,2942 1252,2942 1302,2943 1352,2943 1402,2943"/>
                <TextEquiv>
                    <Unicode>zu sehr Intrigant und verbissener Neidhammel, zu</Unicode>
                </TextEquiv>
            </TextLine>
            <TextLine id="r1l61" custom="readingOrder {index:60;}">
                <Coords points="397,2964 1077,2982 1078,2948 869,2926 820,2944 398,2935"/>
                <Baseline points="404,2956 437,2958 470,2961 503,2962 537,2964 570,2966 603,2967 637,2968 670,2969 703,2970 737,2970 770,2971 803,2971 836,2971 870,2972 903,2972 936,2972 970,2972 1003,2972 1036,2972 1070,2971"/>
                <TextEquiv>
                    <Unicode>wenig harmloses Kaffeehaus=Genie.</Unicode>
                </TextEquiv>
            </TextLine>
            <TextLine id="r1l62" custom="readingOrder {index:61;}">
                <Coords points="457,3001 1408,3019 1409,2964 1253,2989 458,2968"/>
                <Baseline points="464,2999 510,3000 557,3002 604,3004 651,3005 698,3007 745,3008 791,3009 838,3009 885,3010 932,3011 979,3011 1026,3012 1073,3012 1119,3013 1166,3013 1213,3013 1260,3013 1307,3014 1354,3014 1401,3014"/>
                <TextEquiv>
                    <Unicode>Und nun folgte eine kurze, reizende Improvisation:</Unicode>
                </TextEquiv>
            </TextLine>
            <TextLine id="r1l63" custom="readingOrder {index:62;}">
                <Coords points="392,3045 1330,3065 1406,3052 1407,3019 392,3008"/>
                <Baseline points="399,3039 449,3039 499,3039 549,3040 599,3041 649,3042 699,3043 749,3044 799,3046 849,3047 899,3048 949,3050 999,3051 1049,3053 1099,3054 1149,3055 1199,3056 1249,3056 1299,3056 1349,3057 1399,3056"/>
                <TextEquiv>
                    <Unicode>ein begabtes und bewährtes Mitglied las mit meister¬</Unicode>
                </TextEquiv>
            </TextLine>
            <TextLine id="r1l64" custom="readingOrder {index:63;}">
                <Coords points="402,3082 1413,3114 1413,3046 1122,3074 403,3045"/>
                <Baseline points="409,3078 458,3078 508,3078 558,3078 608,3079 658,3081 708,3082 758,3084 808,3086 858,3087 908,3089 957,3091 1007,3092 1057,3094 1107,3094 1157,3095 1207,3095 1257,3095 1307,3094 1357,3092 1407,3089"/>
                <TextEquiv>
                    <Unicode>licher Rezitationskunst die kleine Skizze Felix Mösch¬</Unicode>
                </TextEquiv>
            </TextLine>
            <TextLine id="r1l65" custom="readingOrder {index:64;}">
                <Coords points="392,3117 1355,3144 1403,3135 1404,3091 392,3084"/>
                <Baseline points="399,3117 448,3117 498,3116 548,3117 598,3117 648,3118 698,3120 748,3121 798,3123 848,3125 898,3126 947,3128 997,3129 1047,3131 1097,3132 1147,3132 1197,3133 1247,3132 1297,3132 1347,3130 1397,3129"/>
                <TextEquiv>
                    <Unicode>lins: „Die Selbstmörderin“ vor, die mit stür¬</Unicode>
                </TextEquiv>
            </TextLine>
            <TextLine id="r1l66" custom="readingOrder {index:65;}">
                <Coords points="400,3156 1406,3175 1393,3134 400,3127"/>
                <Baseline points="407,3155 456,3156 506,3156 555,3157 605,3158 655,3159 704,3160 754,3162 803,3163 853,3164 903,3166 952,3167 1002,3168 1051,3169 1101,3170 1151,3171 1200,3171 1250,3172 1299,3172 1349,3171 1399,3171"/>
                <TextEquiv>
                    <Unicode>mischem Beifall verdankt wurde. Dann wieder Mozart¬</Unicode>
                </TextEquiv>
            </TextLine>
            <TextLine id="r1l67" custom="readingOrder {index:66;}">
                <Coords points="396,3204 1393,3227 1402,3175 397,3152"/>
                <Baseline points="403,3194 452,3194 502,3195 551,3195 601,3196 651,3197 700,3198 750,3199 799,3201 849,3202 899,3203 948,3205 998,3206 1047,3207 1097,3208 1147,3210 1196,3211 1246,3211 1295,3212 1345,3212 1395,3213"/>
                <TextEquiv>
                    <Unicode>Musik des Quartetts und nun erhielt zum Schluß Kurt</Unicode>
                </TextEquiv>
            </TextLine>
            <TextLine id="r1l68" custom="readingOrder {index:67;}">
                <Coords points="389,3244 1061,3271 1418,3247 1405,3213 1137,3234 869,3198 746,3223 390,3201"/>
                <Baseline points="396,3231 446,3232 497,3233 548,3233 599,3235 649,3236 700,3237 751,3238 802,3240 852,3241 903,3243 954,3244 1005,3245 1055,3246 1106,3247 1157,3248 1208,3248 1258,3248 1309,3248 1360,3248 1411,3247"/>
                <TextEquiv>
                    <Unicode>Goetz das Wort zu seiner Groteske: „Der flie¬</Unicode>
                </TextEquiv>
            </TextLine>
            <TextLine id="r1l69" custom="readingOrder {index:68;}">
                <Coords points="385,3282 503,3286 550,3269 620,3291 650,3279 791,3289 851,3274 852,3251 385,3235"/>
                <Baseline points="392,3276 417,3274 442,3273 467,3273 492,3273 517,3273 542,3273 567,3273 592,3274 618,3275 643,3275 668,3276 693,3277 718,3277 743,3277 768,3278 793,3278 818,3278 844,3277"/>
                <TextEquiv>
                    <Unicode>gende Geheimrat.“</Unicode>
                </TextEquiv>
            </TextLine>
            <TextLine id="r1l70" custom="readingOrder {index:69;}">
                <Coords points="442,3310 1411,3349 1422,3301 1067,3268 997,3295 442,3282"/>
                <Baseline points="449,3308 497,3310 545,3312 593,3314 642,3316 690,3317 738,3319 787,3320 835,3321 883,3322 932,3323 980,3324 1028,3325 1076,3325 1125,3326 1173,3327 1221,3327 1270,3328 1318,3328 1366,3328 1415,3329"/>
                <TextEquiv>
                    <Unicode>Arbeitet Schnitzlers fein ironisierende Kunst mit</Unicode>
                </TextEquiv>
            </TextLine>
            <TextLine id="r1l71" custom="readingOrder {index:70;}">
                <Coords points="389,3357 1416,3382 1398,3330 390,3313"/>
                <Baseline points="397,3348 447,3348 498,3349 548,3349 599,3350 650,3352 700,3353 751,3355 801,3356 852,3358 903,3359 953,3361 1004,3363 1054,3364 1105,3365 1156,3366 1206,3367 1257,3367 1307,3368 1358,3367 1409,3367"/>
                <TextEquiv>
                    <Unicode>Nuancen, so setzt Goetz keck und unbedenklich die grell¬</Unicode>
                </TextEquiv>
            </TextLine>
            <TextLine id="r1l72" custom="readingOrder {index:71;}">
                <Coords points="387,3388 1297,3414 1403,3411 1416,3377 388,3359"/>
                <Baseline points="394,3386 444,3386 495,3386 546,3387 597,3388 647,3389 698,3391 749,3393 800,3395 850,3396 901,3399 952,3401 1003,3402 1053,3403 1104,3405 1155,3406 1206,3406 1256,3406 1307,3405 1358,3404 1409,3402"/>
                <TextEquiv>
                    <Unicode>sten Farben nebeneinander: die fast quälende Misère</Unicode>
                </TextEquiv>
            </TextLine>
            <TextLine id="r1l73" custom="readingOrder {index:72;}">
                <Coords points="380,3437 1400,3452 1416,3412 381,3402"/>
                <Baseline points="388,3425 439,3424 490,3425 541,3425 592,3426 643,3428 694,3429 745,3431 796,3433 847,3435 898,3437 949,3439 1000,3440 1051,3442 1102,3443 1153,3443 1204,3443 1255,3443 1306,3442 1357,3440 1409,3437"/>
                <TextEquiv>
                    <Unicode>des stupiden seinem Beruf in keiner Weise gewachse¬</Unicode>
                </TextEquiv>
            </TextLine>
            <TextLine id="r1l74" custom="readingOrder {index:73;}">
                <Coords points="377,3457 576,3493 628,3465 1181,3492 1391,3485 1415,3447 377,3439"/>
                <Baseline points="383,3466 434,3465 485,3466 536,3466 587,3467 639,3468 690,3469 741,3471 792,3472 843,3474 895,3475 946,3477 997,3478 1048,3479 1099,3481 1151,3482 1202,3482 1253,3482 1304,3482 1355,3481 1407,3480"/>
                <TextEquiv>
                    <Unicode>nen Arztes, das Grauen des leibhaftig erscheinenden</Unicode>
                </TextEquiv>
            </TextLine>
            <TextLine id="r1l75" custom="readingOrder {index:74;}">
                <Coords points="379,3506 1414,3515 1405,3477 379,3480"/>
                <Baseline points="386,3503 437,3503 488,3504 539,3505 590,3506 641,3507 692,3508 743,3510 794,3511 845,3512 896,3513 947,3514 998,3516 1049,3517 1100,3517 1151,3518 1202,3519 1253,3519 1304,3519 1355,3518 1407,3518"/>
                <TextEquiv>
                    <Unicode>Todes — und die groteske Plattheit der sächselnden</Unicode>
                </TextEquiv>
            </TextLine>
            <TextLine id="r1l76" custom="readingOrder {index:75;}">
                <Coords points="379,3546 1311,3545 1411,3572 1412,3517 380,3509"/>
                <Baseline points="386,3542 436,3542 487,3543 538,3544 589,3545 640,3546 691,3547 742,3549 793,3550 844,3551 895,3552 945,3553 996,3555 1047,3555 1098,3557 1149,3557 1200,3558 1251,3558 1302,3558 1353,3557 1404,3557"/>
                <TextEquiv>
                    <Unicode>Geheimrätin, in deren „holdem" Mund auch das</Unicode>
                </TextEquiv>
            </TextLine>
            <TextLine id="r1l77" custom="readingOrder {index:76;}">
                <Coords points="377,3579 1418,3592 1359,3560 378,3550"/>
                <Baseline points="384,3582 435,3582 486,3583 537,3583 589,3584 640,3585 691,3586 743,3587 794,3588 845,3588 897,3590 948,3590 999,3592 1050,3592 1102,3593 1153,3594 1204,3594 1256,3595 1307,3595 1358,3595 1410,3594"/>
                <TextEquiv>
                    <Unicode>Gruslige zum Komischen wird. Auch diese Komödie</Unicode>
                </TextEquiv>
            </TextLine>
            <TextLine id="r1l78" custom="readingOrder {index:77;}">
                <Coords points="372,3618 1360,3644 1412,3594 372,3595"/>
                <Baseline points="379,3620 430,3620 481,3620 532,3620 584,3621 635,3622 686,3623 737,3624 789,3625 840,3626 891,3627 942,3628 994,3629 1045,3630 1096,3631 1147,3631 1199,3631 1250,3631 1301,3631 1352,3630 1404,3629"/>
                <TextEquiv>
                    <Unicode>wurde unter Herrn Hessens Regie sehr gut gespielt. Da</Unicode>
                </TextEquiv>
            </TextLine>
            <TextLine id="r1l79" custom="readingOrder {index:78;}">
                <Coords points="383,3654 1345,3681 1405,3664 1406,3623 1118,3649 383,3626"/>
                <Baseline points="389,3658 439,3658 490,3659 540,3659 591,3660 641,3661 692,3662 742,3663 793,3664 843,3665 894,3667 944,3667 995,3668 1045,3669 1096,3670 1146,3670 1197,3671 1247,3671 1298,3671 1348,3671 1399,3671"/>
                <TextEquiv>
                    <Unicode>war der Geheimrat des Herrn Kubli, ganz gespreizie</Unicode>
                </TextEquiv>
            </TextLine>
            <TextLine id="r1l80" custom="readingOrder {index:79;}">
                <Coords points="381,3690 1090,3727 1405,3694 381,3668"/>
                <Baseline points="387,3696 437,3696 488,3697 538,3698 589,3698 639,3699 690,3700 740,3701 791,3702 841,3703 892,3704 942,3704 993,3705 1043,3706 1094,3707 1144,3708 1195,3709 1245,3710 1296,3711 1346,3712 1397,3713"/>
                <TextEquiv>
                    <Unicode>Einfalt, Wille zum Dekorum — und dann ängstliche</Unicode>
                </TextEquiv>
            </TextLine>
            <TextLine id="r1l81" custom="readingOrder {index:80;}">
                <Coords points="375,3737 1060,3755 1126,3743 1127,3715 375,3703"/>
                <Baseline points="382,3737 418,3737 455,3737 492,3736 529,3736 566,3737 603,3737 639,3737 676,3738 713,3738 750,3739 787,3739 824,3740 861,3740 897,3741 934,3742 971,3742 1008,3743 1045,3743 1082,3744 1119,3744"/>
                <TextEquiv>
                    <Unicode>Menschlichkeit, erwachende Schlauheit —</Unicode>
                </TextEquiv>
            </TextLine>
            <TextLine id="r1l82" custom="readingOrder {index:81;}">
                <Coords points="1126,3753 1214,3748 1263,3761 1319,3749 1350,3761 1378,3748 1411,3749 1411,3725 1382,3716 1324,3724 1293,3715 1222,3723 1213,3715 1188,3723 1169,3713 1126,3715"/>
                <Baseline points="1133,3746 1160,3745 1187,3746 1214,3746 1241,3747 1268,3748 1295,3748 1322,3749 1349,3748 1376,3747 1404,3745"/>
                <TextEquiv>
                    <Unicode>eine recht ge¬</Unicode>
                </TextEquiv>
            </TextLine>
            <TextLine id="r1l83" custom="readingOrder {index:82;}">
                <Coords points="379,3782 1407,3794 1389,3753 379,3733"/>
                <Baseline points="385,3773 435,3774 486,3774 537,3775 588,3775 638,3776 689,3777 740,3777 791,3778 841,3779 892,3780 943,3780 994,3781 1044,3782 1095,3783 1146,3784 1197,3784 1247,3785 1298,3786 1349,3787 1400,3787"/>
                <TextEquiv>
                    <Unicode>lungene Gestalt. Die schwierige Rolle des Herrn Mors,</Unicode>
                </TextEquiv>
            </TextLine>
            <TextLine id="r1l84" custom="readingOrder {index:83;}">
                <Coords points="369,3798 474,3827 1397,3843 1397,3803 1341,3790 370,3778"/>
                <Baseline points="376,3810 426,3811 477,3812 528,3813 578,3814 629,3815 680,3816 730,3817 781,3818 832,3819 883,3820 933,3820 984,3821 1035,3821 1085,3822 1136,3822 1187,3823 1237,3823 1288,3823 1339,3823 1390,3823"/>
                <TextEquiv>
                    <Unicode>des leibhaftigen Todes, lag in Herrn Mantas Hän¬</Unicode>
                </TextEquiv>
            </TextLine>
            <TextLine id="r1l85" custom="readingOrder {index:84;}">
                <Coords points="369,3856 1402,3881 1402,3845 1338,3830 369,3810"/>
                <Baseline points="375,3851 426,3851 477,3852 528,3852 579,3853 630,3854 681,3855 732,3856 783,3857 834,3858 885,3859 936,3860 987,3861 1038,3862 1089,3862 1140,3863 1191,3863 1242,3863 1293,3863 1344,3863 1395,3862"/>
                <TextEquiv>
                    <Unicode>den; er wußte das Grauen, das von dieser Gestalt aus¬</Unicode>
                </TextEquiv>
            </TextLine>
            <TextLine id="r1l86" custom="readingOrder {index:85;}">
                <Coords points="372,3890 1401,3912 1401,3868 1370,3866 372,3876"/>
                <Baseline points="378,3891 428,3891 479,3891 530,3892 581,3893 632,3893 682,3894 733,3895 784,3896 835,3898 886,3899 936,3900 987,3900 1038,3901 1089,3902 1140,3903 1190,3903 1241,3903 1292,3903 1343,3903 1394,3902"/>
                <TextEquiv>
                    <Unicode>geht, in Maske und Spiel so glaubhaft zu gestalten,</Unicode>
                </TextEquiv>
            </TextLine>
            <TextLine id="r1l87" custom="readingOrder {index:86;}">
                <Coords points="379,3939 1303,3957 1405,3953 1406,3923 379,3900"/>
                <Baseline points="386,3929 436,3930 487,3930 537,3931 588,3932 639,3932 689,3933 740,3933 791,3934 841,3935 892,3935 943,3936 993,3937 1044,3938 1095,3938 1145,3939 1196,3940 1247,3941 1297,3941 1348,3942 1399,3943"/>
                <TextEquiv>
                    <Unicode>daß man nach seinem Verschwinden allgemein auf¬</Unicode>
                </TextEquiv>
            </TextLine>
            <TextLine id="r1l88" custom="readingOrder {index:87;}">
                <Coords points="371,3965 1406,3988 1406,3948 372,3939"/>
                <Baseline points="378,3967 429,3967 480,3968 531,3969 582,3970 633,3971 684,3971 735,3972 786,3973 837,3973 888,3974 939,3975 990,3975 1041,3976 1092,3976 1143,3977 1194,3978 1245,3978 1296,3979 1347,3980 1399,3981"/>
                <TextEquiv>
                    <Unicode>atmete; eine Entspannung, die in frische Heiterkeit um¬</Unicode>
                </TextEquiv>
            </TextLine>
            <TextLine id="r1l89" custom="readingOrder {index:88;}">
                <Coords points="383,4010 1403,4026 1357,3981 384,3968"/>
                <Baseline points="390,4003 440,4004 490,4006 540,4007 591,4008 641,4010 691,4010 742,4011 792,4012 842,4013 893,4014 943,4015 993,4016 1043,4016 1094,4017 1144,4018 1194,4018 1245,4019 1295,4020 1345,4021 1396,4022"/>
                <TextEquiv>
                    <Unicode>schlug beim Erscheinen der sächselnden Geheimrätin, die</Unicode>
                </TextEquiv>
            </TextLine>
            <TextLine id="r1l90" custom="readingOrder {index:89;}">
                <Coords points="375,4063 1389,4071 1406,4024 375,4007"/>
                <Baseline points="382,4048 432,4047 483,4047 534,4047 585,4047 636,4048 687,4048 737,4049 788,4050 839,4051 890,4052 941,4053 992,4054 1043,4055 1093,4056 1144,4057 1195,4058 1246,4059 1297,4059 1348,4060 1399,4060"/>
                <TextEquiv>
                    <Unicode>Frl. Biedermann mit köstlichem Humor wieder¬</Unicode>
                </TextEquiv>
            </TextLine>
            <TextLine id="r1l91" custom="readingOrder {index:90;}">
                <Coords points="356,4112 376,4114 387,4104 413,4111 417,4106 429,4115 434,4110 454,4110 470,4099 485,4099 481,4055 439,4050 404,4058 370,4037 365,4041 349,4037"/>
                <Baseline points="361,4093 390,4088 419,4084 448,4082 477,4083"/>
                <TextEquiv>
                    <Unicode>gab.</Unicode>
                </TextEquiv>
            </TextLine>
            <TextEquiv>
                <Unicode>Ne 
M.  eeene
RGUS SUISSE ET INTERNATIONAZ.
23. rue du Rhöne - Genéve
Adr. télégr.: Coupures-Genève — Tél. Stand 40.05
(Bureau International de coupures de journaux!
Traductions de et en toutes langues
Correspondants dans toutes les grandes villes
Egtrait du Journal:
Aunin ine Aien wonmn.
Adresse:
Sah
Date:
Stilbühnenabend des Kaufmännischen Vereins.
„Gute, heiter=anmutige alte Musik leitete am letzten
Samstag abend den Stilbühnenabend des
Kaufmännischen Vereins ein, dessen Publikum
die Aula des Vereinshauses an der Kornhausgasse
kaum fassen konnte. „Eine kleine Nachtmusik“
von Mozart erklang, trefflich gespielt vom Quartett:
Frl. E. Semisch und den Herren F. Grämer, A
Ruesch und Th. Wohler.
.50
Und nun trat die Dramatische Sektion auf den Plan. —
diesmal mit zwei modernen Lustspielen. Zunächs
Schnitzlers überlegener Spott in dem geistvoller'
Einakter: „Literatur“. Es liegt ein gut Teil Selbstiée
ironie des Dichters und Literaten in dieser keck=pikanten
Komödie von der jungen Schriftstellerin mit „Ver¬
gangenheit“, welche die Liebe eines geistig nicht sonder¬
lich bedeutenden, aber feelisch saubern und anständigen
Aristokraten zwar beglückt, aber doch nicht ganz aus
der Bohsme=Atmosphäre und dem Empfinden dieser
dubiosen Vergangenheit herauszureißen vermag. Das
bringt erst der Besuch ihres alten Liebhabers, des Li¬
teraten Gilbert, fertig, in dessen eitel=unvornehmem
Wesen, dessen seelischer Unbedenklichkeit, um nicht
zu sagen Schamlosigkeit, sie sich und ihr Tun
und Empfinden in der Karrikatur erblickt. Nun erst
wendet sie sich ganz und mit Bewußtsein von jener
lockenden Welt ab und opfert mit großer Geste den
Flammen ihren Roman, der sie allerdings durch ein
sonderbares Zusammentreffen der Umstände nun aufs
schlimmste kompromittieren würde! Das geistreiche Lust¬
spiel wurde unter der Leitung des Herrn Heß vom
Stadttheater sehr fein und verständnisvoll wiederge¬
geben. Besonders Frl. Schäublin, der Schnitzler
überhaupt vortrefflich „liegt“, bot als Margarethe eine
ausgezeichnete und abgerundete Leistung. Sie wußte
die liebende Frau, die Dame mit dem Willen zu inne¬
yrer wie äußerer Sauberkeit nicht weniger glaubhaft zu
machen, als das eitle, nervös=fahrige Literaturweiblein,
das immer noch mit jener Unterwelt kokettieren muß.
Sympathisch war Herr O. Müller als Clemens,
dessen noble, einfache Männlichkeit er sehr gut wieder=
gab. Herr Manta in der Rolle des Literaten Gilbert
hätte in Spiel und Maske bei aller Minderwertigkeit,
allem Komödiantischen vielleicht etwas liebenswürdi¬
ger, naiv=gemütlicher sein dürfen: er war ein bischen
zu sehr Intrigant und verbissener Neidhammel, zu
wenig harmloses Kaffeehaus=Genie.
Und nun folgte eine kurze, reizende Improvisation:
ein begabtes und bewährtes Mitglied las mit meister¬
licher Rezitationskunst die kleine Skizze Felix Mösch¬
lins: „Die Selbstmörderin“ vor, die mit stür¬
mischem Beifall verdankt wurde. Dann wieder Mozart¬
Musik des Quartetts und nun erhielt zum Schluß Kurt
Goetz das Wort zu seiner Groteske: „Der flie¬
gende Geheimrat.“
Arbeitet Schnitzlers fein ironisierende Kunst mit
Nuancen, so setzt Goetz keck und unbedenklich die grell¬
sten Farben nebeneinander: die fast quälende Misère
des stupiden seinem Beruf in keiner Weise gewachse¬
nen Arztes, das Grauen des leibhaftig erscheinenden
Todes — und die groteske Plattheit der sächselnden
Geheimrätin, in deren „holdem" Mund auch das
Gruslige zum Komischen wird. Auch diese Komödie
wurde unter Herrn Hessens Regie sehr gut gespielt. Da
war der Geheimrat des Herrn Kubli, ganz gespreizie
Einfalt, Wille zum Dekorum — und dann ängstliche
Menschlichkeit, erwachende Schlauheit —
eine recht ge¬
lungene Gestalt. Die schwierige Rolle des Herrn Mors,
des leibhaftigen Todes, lag in Herrn Mantas Hän¬
den; er wußte das Grauen, das von dieser Gestalt aus¬
geht, in Maske und Spiel so glaubhaft zu gestalten,
daß man nach seinem Verschwinden allgemein auf¬
atmete; eine Entspannung, die in frische Heiterkeit um¬
schlug beim Erscheinen der sächselnden Geheimrätin, die
Frl. Biedermann mit köstlichem Humor wieder¬
gab.</Unicode>
            </TextEquiv>
        </TextRegion>
        <TextRegion orientation="0.0" id="r2" custom="readingOrder {index:1;}">
            <Coords points="1737,1171 1737,3142 2936,3142 2936,1171"/>
            <TextLine id="r2l1" custom="readingOrder {index:0;}">
                <Coords points="1784,1210 2195,1208 2195,1174 2154,1178 2126,1161 2066,1175 2016,1153 1993,1175 1972,1164 1942,1176 1927,1163 1784,1160"/>
                <Baseline points="1791,1201 1817,1200 1844,1200 1870,1200 1897,1199 1923,1199 1950,1199 1976,1199 2003,1199 2029,1199 2056,1199 2082,1199 2109,1199 2135,1199 2162,1199 2189,1198"/>
                <TextEquiv>
                    <Unicode>M</Unicode>
                </TextEquiv>
            </TextLine>
            <TextLine id="r2l2" custom="readingOrder {index:1;}">
                <Coords points="2412,1209 2916,1221 2935,1212 2936,1078 2814,1116 2751,1164 2714,1146 2615,1189 2531,1169 2413,1191"/>
                <Baseline points="2419,1200 2444,1200 2469,1199 2495,1199 2520,1199 2546,1199 2571,1199 2597,1199 2622,1199 2648,1199 2673,1200 2698,1200 2724,1200 2749,1200 2775,1200 2800,1201 2826,1201 2851,1201 2877,1202 2902,1202 2928,1202"/>
                <TextEquiv>
                    <Unicode></Unicode>
                </TextEquiv>
            </TextLine>
            <TextLine id="r2l3" custom="readingOrder {index:2;}">
                <Coords points="1841,1377 2861,1387 2886,1329 2832,1295 2608,1340 2411,1294 2027,1332 1841,1302"/>
                <Baseline points="1848,1353 1899,1354 1951,1357 2002,1358 2054,1359 2105,1359 2157,1360 2208,1360 2260,1360 2311,1359 2363,1359 2414,1358 2466,1358 2517,1358 2569,1357 2620,1357 2672,1357 2723,1358 2775,1358 2826,1359 2878,1361"/>
                <TextEquiv>
                    <Unicode>ARGUB BÖISSE DE EATRESSL S. A.</Unicode>
                </TextEquiv>
            </TextLine>
            <TextLine id="r2l4" custom="readingOrder {index:3;}">
                <Coords points="1871,1438 2855,1427 2855,1397 2774,1378 1871,1377"/>
                <Baseline points="1878,1422 1926,1424 1975,1425 2023,1427 2072,1428 2120,1428 2169,1428 2217,1428 2266,1428 2314,1428 2363,1427 2411,1427 2460,1426 2508,1426 2557,1426 2605,1425 2654,1426 2702,1426 2751,1426 2799,1427 2848,1429"/>
                <TextEquiv>
                    <Unicode>Schweizer Argus der Presse A.-G.</Unicode>
                </TextEquiv>
            </TextLine>
            <TextLine id="r2l5" custom="readingOrder {index:4;}">
                <Coords points="1839,1484 2832,1501 2872,1444 1839,1448"/>
                <Baseline points="1845,1474 1896,1476 1947,1478 1998,1479 2049,1480 2100,1481 2151,1482 2202,1483 2253,1483 2304,1483 2355,1483 2406,1483 2457,1483 2508,1482 2559,1481 2610,1480 2661,1478 2712,1477 2763,1475 2814,1474 2865,1471"/>
                <TextEquiv>
                    <Unicode>GENEVE — 23, Rue du Rhöne, 23 — GENF</Unicode>
                </TextEquiv>
            </TextLine>
            <TextLine id="r2l6" custom="readingOrder {index:5;}">
                <Coords points="1948,1541 2734,1545 2764,1509 2302,1492 1948,1514"/>
                <Baseline points="1955,1532 1995,1532 2035,1532 2075,1532 2115,1532 2155,1533 2195,1533 2235,1533 2275,1533 2315,1533 2356,1533 2396,1533 2436,1533 2476,1533 2516,1532 2556,1532 2596,1532 2636,1531 2676,1531 2716,1530 2757,1529"/>
                <TextEquiv>
                    <Unicode>Adr. télégr.: Coupures Genève — Téléphone 4005</Unicode>
                </TextEquiv>
            </TextLine>
            <TextLine id="r2l7" custom="readingOrder {index:6;}">
                <Coords points="1833,1593 1929,1622 2883,1603 2810,1568 2614,1563 1833,1582"/>
                <Baseline points="1840,1602 1891,1601 1943,1601 1995,1601 2047,1600 2099,1600 2150,1599 2202,1599 2254,1599 2306,1598 2358,1598 2409,1598 2461,1598 2513,1598 2565,1598 2617,1598 2668,1598 2720,1598 2772,1598 2824,1599 2876,1599"/>
                <TextEquiv>
                    <Unicode>Bureau de coupures de journaua sur lous sufeis ei personnalités.</Unicode>
                </TextEquiv>
            </TextLine>
            <TextLine id="r2l8" custom="readingOrder {index:7;}">
                <Coords points="1949,1636 2761,1639 2777,1603 1949,1608"/>
                <Baseline points="1955,1630 1995,1629 2036,1629 2077,1629 2118,1628 2158,1628 2199,1628 2240,1627 2281,1627 2321,1627 2362,1627 2403,1626 2444,1626 2484,1626 2525,1626 2566,1627 2607,1627 2647,1627 2688,1627 2729,1628 2770,1629"/>
                <TextEquiv>
                    <Unicode>Traduchons en toutes lungues. Travaug et rédaction.</Unicode>
                </TextEquiv>
            </TextLine>
            <TextLine id="r2l9" custom="readingOrder {index:8;}">
                <Coords points="1799,1691 2913,1700 2913,1655 2863,1648 1799,1651"/>
                <Baseline points="1806,1687 1861,1687 1916,1686 1971,1686 2026,1686 2081,1686 2136,1686 2191,1686 2246,1686 2301,1687 2356,1687 2411,1687 2466,1687 2521,1687 2576,1687 2631,1687 2686,1687 2741,1686 2796,1686 2851,1685 2906,1684"/>
                <TextEquiv>
                    <Unicode>Bureau für Zeitungsausschnitte, Personalnachrichten, Uebersetzungen.</Unicode>
                </TextEquiv>
            </TextLine>
            <TextLine id="r2l10" custom="readingOrder {index:9;}">
                <Coords points="1746,1734 1758,1733 1766,1738 1772,1734 1790,1734 1786,1671 1776,1673 1769,1671 1762,1676 1742,1676"/>
                <Baseline points="1753,1729 1783,1727"/>
                <TextEquiv>
                    <Unicode>8</Unicode>
                </TextEquiv>
            </TextLine>
            <TextLine id="r2l11" custom="readingOrder {index:10;}">
                <Coords points="1730,1746 1741,1746 1755,1756 1762,1757 1775,1751 1789,1755 1796,1748 1810,1746 1810,1724 1803,1724 1791,1715 1786,1715 1782,1719 1775,1716 1759,1733 1751,1727 1730,1729"/>
                <Baseline points="1737,1746 1770,1748 1803,1746"/>
                <TextEquiv>
                    <Unicode>25</Unicode>
                </TextEquiv>
            </TextLine>
            <TextLine id="r2l12" custom="readingOrder {index:11;}">
                <Coords points="2051,1753 2332,1773 2361,1754 2669,1757 2669,1734 2597,1708 2051,1714"/>
                <Baseline points="2058,1747 2088,1749 2118,1750 2148,1751 2178,1751 2209,1752 2239,1752 2269,1752 2299,1752 2329,1752 2360,1751 2390,1751 2420,1750 2450,1750 2480,1750 2511,1750 2541,1749 2571,1749 2601,1749 2631,1749 2662,1749"/>
                <TextEquiv>
                    <Unicode>CORRESPONDANTS: VERTRETUNGEN</Unicode>
                </TextEquiv>
            </TextLine>
            <TextLine id="r2l13" custom="readingOrder {index:12;}">
                <Coords points="1903,1791 2714,1814 2830,1792 2731,1752 1903,1770"/>
                <Baseline points="1910,1790 1955,1791 2001,1792 2047,1792 2092,1792 2138,1792 2184,1792 2229,1792 2275,1791 2321,1791 2367,1790 2412,1790 2458,1789 2504,1789 2549,1789 2595,1789 2641,1789 2686,1789 2732,1789 2778,1790 2824,1791"/>
                <TextEquiv>
                    <Unicode>Paris, Berlin, Vien.ne, Londres, Rome, Oslo, Buda-Pest.</Unicode>
                </TextEquiv>
            </TextLine>
            <TextLine id="r2l14" custom="readingOrder {index:13;}">
                <Coords points="2030,1832 2542,1824 2596,1841 2644,1825 2694,1841 2694,1808 2627,1792 2030,1801"/>
                <Baseline points="2037,1819 2069,1820 2102,1821 2134,1822 2167,1822 2199,1822 2232,1823 2264,1822 2297,1822 2329,1821 2362,1821 2394,1821 2427,1820 2459,1819 2492,1819 2524,1818 2557,1818 2589,1818 2622,1818 2654,1819 2687,1819"/>
                <TextEquiv>
                    <Unicode>Boston, Amsterdam. New-Vork, Mexico.</Unicode>
                </TextEquiv>
            </TextLine>
            <TextLine id="r2l15" custom="readingOrder {index:14;}">
                <Coords points="1733,1836 1744,1836 1751,1840 1767,1832 1789,1835 1795,1830 1808,1837 1815,1837 1815,1791 1806,1792 1786,1778 1774,1779 1764,1775 1760,1779 1753,1779 1744,1774 1733,1775"/>
                <Baseline points="1740,1832 1774,1828 1808,1832"/>
                <TextEquiv>
                    <Unicode>1</Unicode>
                </TextEquiv>
            </TextLine>
            <TextLine id="r2l16" custom="readingOrder {index:15;}">
                <Coords points="2724,1866 2769,1890 2784,1885 2797,1898 2804,1891 2835,1892 2847,1883 2865,1897 2881,1895 2883,1848 2867,1852 2852,1843 2843,1850 2823,1849 2800,1839 2785,1844 2761,1831 2744,1836 2725,1830"/>
                <Baseline points="2731,1877 2759,1876 2788,1876 2817,1878 2846,1879 2875,1879"/>
                <TextEquiv>
                    <Unicode>Bern</Unicode>
                </TextEquiv>
            </TextLine>
            <TextLine id="r2l17" custom="readingOrder {index:16;}">
                <Coords points="1731,1882 1756,1893 1793,1889 1817,1902 1875,1899 1888,1888 1978,1894 1993,1889 1993,1838 1952,1842 1929,1833 1887,1839 1871,1855 1836,1844 1809,1864 1756,1856 1732,1867"/>
                <Baseline points="1739,1884 1766,1883 1793,1882 1821,1882 1848,1882 1876,1882 1903,1882 1931,1883 1958,1884 1986,1885"/>
                <TextEquiv>
                    <Unicode>ma Journal:</Unicode>
                </TextEquiv>
            </TextLine>
            <TextLine id="r2l18" custom="readingOrder {index:17;}">
                <Coords points="2047,1883 2089,1897 2227,1881 2316,1904 2407,1887 2435,1901 2477,1889 2478,1857 2392,1829 2335,1840 2267,1829 2223,1855 2179,1836 2149,1853 2047,1833"/>
                <Baseline points="2054,1879 2080,1880 2106,1881 2132,1882 2158,1882 2184,1882 2210,1883 2236,1883 2262,1883 2288,1883 2314,1883 2340,1883 2366,1883 2392,1883 2418,1883 2444,1884 2470,1884"/>
                <TextEquiv>
                    <Unicode>Berner Tagblatt,</Unicode>
                </TextEquiv>
            </TextLine>
            <TextLine id="r2l19" custom="readingOrder {index:18;}">
                <Coords points="1792,1961 1822,1964 1834,1976 1862,1957 1954,1957 1966,1967 2002,1965 2003,1927 1939,1917 1892,1922 1848,1902 1832,1901 1811,1913 1793,1907"/>
                <Baseline points="1799,1950 1827,1949 1855,1949 1883,1950 1911,1951 1939,1953 1967,1953 1995,1954"/>
                <TextEquiv>
                    <Unicode>Adresse:</Unicode>
                </TextEquiv>
            </TextLine>
            <TextLine id="r2l20" custom="readingOrder {index:19;}">
                <Coords points="1738,1983 1745,1982 1754,1988 1765,1978 1771,1983 1779,1982 1777,1949 1770,1950 1761,1959 1758,1956 1757,1958 1744,1960 1743,1962 1736,1962"/>
                <Baseline points="1744,1974 1772,1972"/>
                <TextEquiv>
                    <Unicode>G</Unicode>
                </TextEquiv>
            </TextLine>
            <TextLine id="r2l21" custom="readingOrder {index:20;}">
                <Coords points="1735,2014 1758,2019 1782,2010 1814,2027 1890,2041 1915,2025 1951,2024 1952,1994 1924,1984 1916,1990 1907,1982 1868,1988 1843,1971 1806,1988 1789,1979 1761,1989 1736,1980"/>
                <Baseline points="1742,2007 1767,2009 1792,2011 1817,2012 1843,2013 1868,2013 1893,2014 1918,2015 1944,2017"/>
                <TextEquiv>
                    <Unicode>* Date:</Unicode>
                </TextEquiv>
            </TextLine>
            <TextLine id="r2l22" custom="readingOrder {index:21;}">
                <Coords points="2446,2051 2516,2064 2549,2035 2625,2035 2665,2011 2710,2014 2765,1976 2804,1977 2792,1914 2757,1922 2712,1911 2668,1933 2642,1923 2600,1961 2536,1979 2428,1972"/>
                <Baseline points="2453,2049 2479,2046 2506,2041 2532,2036 2559,2031 2586,2024 2612,2018 2639,2011 2665,2004 2692,1998 2719,1991 2745,1985 2772,1980 2799,1976"/>
                <TextEquiv>
                    <Unicode>1e UN </Unicode>
                </TextEquiv>
            </TextLine>
            <TextLine id="r2l23" custom="readingOrder {index:22;}">
                <Coords points="1743,2100 1753,2103 1761,2100 1762,2102 1768,2097 1775,2100 1783,2097 1788,2100 1801,2091 1812,2090 1814,2038 1803,2036 1798,2039 1791,2034 1781,2039 1771,2039 1765,2033 1752,2040 1745,2039"/>
                <Baseline points="1750,2081 1778,2081 1806,2083"/>
                <TextEquiv>
                    <Unicode>55</Unicode>
                </TextEquiv>
            </TextLine>
            <TextLine id="r2l24" custom="readingOrder {index:23;}">
                <Coords points="2275,2295 2302,2307 2323,2301 2349,2315 2415,2317 2432,2301 2488,2297 2490,2239 2463,2243 2435,2229 2406,2242 2395,2231 2371,2230 2352,2242 2344,2234 2276,2238"/>
                <Baseline points="2282,2287 2310,2288 2338,2290 2367,2291 2395,2292 2424,2292 2452,2292 2481,2292"/>
                <TextEquiv>
                    <Unicode>Lileralur</Unicode>
                </TextEquiv>
            </TextLine>
            <TextLine id="r2l25" custom="readingOrder {index:24;}">
                <Coords points="1898,2337 2875,2355 2875,2324 2715,2306 2121,2316 2051,2290 1898,2320"/>
                <Baseline points="1904,2339 1952,2340 2000,2341 2048,2342 2096,2342 2144,2343 2192,2343 2241,2344 2289,2344 2337,2344 2385,2344 2433,2345 2481,2345 2529,2345 2578,2346 2626,2347 2674,2348 2722,2348 2770,2350 2818,2352 2867,2353"/>
                <TextEquiv>
                    <Unicode>von Arthur Schnitzler wirkte nach der schweren</Unicode>
                </TextEquiv>
            </TextLine>
            <TextLine id="r2l26" custom="readingOrder {index:25;}">
                <Coords points="1892,2396 2861,2411 2874,2370 1892,2353"/>
                <Baseline points="1899,2380 1947,2381 1995,2383 2044,2384 2092,2385 2140,2386 2189,2386 2237,2387 2285,2387 2334,2387 2382,2387 2430,2387 2479,2387 2527,2388 2575,2388 2624,2388 2672,2389 2720,2390 2769,2392 2817,2393 2866,2395"/>
                <TextEquiv>
                    <Unicode>Atmosphäre, die—der Kammersänger geschaffen,</Unicode>
                </TextEquiv>
            </TextLine>
            <TextLine id="r2l27" custom="readingOrder {index:26;}">
                <Coords points="1897,2421 2869,2439 2816,2400 1898,2393"/>
                <Baseline points="1904,2426 1951,2426 1999,2427 2047,2427 2095,2428 2143,2428 2191,2429 2239,2430 2287,2430 2335,2431 2383,2431 2430,2432 2478,2432 2526,2433 2574,2433 2622,2433 2670,2433 2718,2433 2766,2434 2814,2433 2862,2433"/>
                <TextEquiv>
                    <Unicode>geradezu erlösend. „Das Stück ist eine wundervolle</Unicode>
                </TextEquiv>
            </TextLine>
            <TextLine id="r2l28" custom="readingOrder {index:27;}">
                <Coords points="1849,2477 2750,2499 2874,2472 2875,2441 1849,2439"/>
                <Baseline points="1856,2469 1906,2468 1957,2468 2007,2468 2058,2469 2109,2469 2159,2470 2210,2471 2260,2471 2311,2472 2362,2473 2412,2474 2463,2474 2513,2475 2564,2475 2615,2476 2665,2476 2716,2476 2766,2476 2817,2475 2868,2475"/>
                <TextEquiv>
                    <Unicode>E Satire auf das Kaffeehaus=Literatentum. Wir können</Unicode>
                </TextEquiv>
            </TextLine>
            <TextLine id="r2l29" custom="readingOrder {index:28;}">
                <Coords points="1905,2514 2943,2519 2943,2480 2857,2466 2751,2498 1906,2479"/>
                <Baseline points="1913,2509 1964,2509 2015,2509 2066,2510 2117,2511 2168,2512 2219,2513 2271,2514 2322,2515 2373,2516 2424,2517 2475,2518 2526,2519 2577,2520 2629,2520 2680,2519 2731,2519 2782,2517 2833,2515 2884,2513 2936,2509"/>
                <TextEquiv>
                    <Unicode>des Raumes wegen auf diese köstliche Komödie nicht P. 50</Unicode>
                </TextEquiv>
            </TextLine>
            <TextLine id="r2l30" custom="readingOrder {index:29;}">
                <Coords points="2868,2558 2879,2558 2887,2549 2890,2552 2897,2553 2902,2548 2913,2550 2917,2546 2934,2547 2933,2524 2921,2525 2911,2519 2903,2522 2889,2516 2867,2521"/>
                <Baseline points="2874,2548 2900,2545 2927,2547"/>
                <TextEquiv>
                    <Unicode>—</Unicode>
                </TextEquiv>
            </TextLine>
            <TextLine id="r2l31" custom="readingOrder {index:30;}">
                <Coords points="1899,2563 2766,2567 2848,2601 2942,2595 2943,2563 2806,2528 1900,2512"/>
                <Baseline points="1906,2547 1957,2551 2009,2553 2060,2555 2112,2557 2163,2558 2215,2559 2266,2560 2318,2560 2369,2561 2421,2561 2472,2562 2524,2562 2575,2563 2627,2564 2678,2566 2730,2568 2781,2570 2833,2574 2884,2577 2936,2582"/>
                <TextEquiv>
                    <Unicode>näher eintreten.] Zu hoffen ist, daß sie gelegentlich . 50</Unicode>
                </TextEquiv>
            </TextLine>
            <TextLine id="r2l32" custom="readingOrder {index:31;}">
                <Coords points="1795,2607 2648,2621 2807,2615 2808,2575 1795,2571"/>
                <Baseline points="1802,2603 1851,2600 1901,2598 1951,2597 2001,2596 2051,2596 2101,2596 2151,2596 2201,2597 2251,2597 2301,2598 2350,2599 2400,2601 2450,2603 2500,2604 2550,2605 2600,2606 2650,2607 2700,2607 2750,2608 2800,2608"/>
                <TextEquiv>
                    <Unicode>Ermas wieder in das Repertoite“ausgenommen werde.</Unicode>
                </TextEquiv>
            </TextLine>
            <TextLine id="r2l33" custom="readingOrder {index:32;}">
                <Coords points="1828,2636 2885,2672 2938,2632 1829,2616"/>
                <Baseline points="1836,2631 1890,2633 1945,2635 2000,2636 2055,2637 2109,2638 2164,2639 2219,2640 2274,2641 2328,2642 2383,2643 2438,2644 2493,2645 2547,2646 2602,2647 2657,2649 2712,2651 2766,2653 2821,2655 2876,2658 2931,2662"/>
                <TextEquiv>
                    <Unicode>ohne Auch hier zine glänzende Aufführung. Musil,b—</Unicode>
                </TextEquiv>
            </TextLine>
            <TextLine id="r2l34" custom="readingOrder {index:33;}">
                <Coords points="1820,2665 1834,2661 1845,2672 1849,2669 1868,2669 1878,2673 1886,2673 1890,2669 1896,2673 1908,2666 1918,2666 1918,2638 1820,2637"/>
                <Baseline points="1827,2661 1855,2659 1883,2660 1911,2659"/>
                <TextEquiv>
                    <Unicode>Einst</Unicode>
                </TextEquiv>
            </TextLine>
            <TextLine id="r2l35" custom="readingOrder {index:34;}">
                <Coords points="1906,2680 2799,2710 2847,2666 1907,2645"/>
                <Baseline points="1914,2674 1960,2676 2006,2679 2052,2681 2099,2682 2145,2684 2191,2685 2237,2685 2284,2686 2330,2687 2376,2687 2422,2688 2469,2688 2515,2689 2561,2689 2607,2690 2654,2692 2700,2693 2746,2695 2792,2697 2839,2700"/>
                <TextEquiv>
                    <Unicode>der gleichfalls nun von Bern Abschied nimmt, nach¬</Unicode>
                </TextEquiv>
            </TextLine>
            <TextLine id="r2l36" custom="readingOrder {index:35;}">
                <Coords points="1894,2711 2766,2754 2860,2725 2830,2701 1894,2682"/>
                <Baseline points="1901,2719 1948,2721 1996,2722 2043,2724 2091,2725 2139,2727 2186,2727 2234,2728 2281,2729 2329,2730 2377,2731 2424,2731 2472,2732 2519,2733 2567,2733 2615,2734 2662,2734 2710,2734 2757,2735 2805,2735 2853,2736"/>
                <TextEquiv>
                    <Unicode>dem er als jugendlicher Held und Liebhaber, gelegent¬</Unicode>
                </TextEquiv>
            </TextLine>
            <TextLine id="r2l37" custom="readingOrder {index:36;}">
                <Coords points="1854,2752 1865,2752 1869,2750 1875,2755 1878,2755 1887,2750 1898,2749 1895,2712 1887,2713 1881,2707 1874,2711 1860,2708 1851,2710"/>
                <Baseline points="1861,2743 1890,2741"/>
                <TextEquiv>
                    <Unicode>24</Unicode>
                </TextEquiv>
            </TextLine>
            <TextLine id="r2l38" custom="readingOrder {index:37;}">
                <Coords points="1894,2771 2847,2798 2848,2747 1945,2737 1895,2709"/>
                <Baseline points="1900,2765 1947,2765 1994,2765 2041,2765 2088,2766 2135,2766 2182,2767 2229,2768 2276,2769 2323,2771 2370,2772 2417,2773 2464,2774 2511,2775 2558,2776 2605,2777 2652,2778 2699,2779 2746,2779 2793,2780 2841,2780"/>
                <TextEquiv>
                    <Unicode>lich auch in Charakterrollen, seinen Mann gestellt, als</Unicode>
                </TextEquiv>
            </TextLine>
            <TextLine id="r2l39" custom="readingOrder {index:38;}">
                <Coords points="1896,2823 2856,2833 2855,2798 2792,2787 1897,2775"/>
                <Baseline points="1903,2804 1950,2805 1997,2806 2044,2807 2092,2808 2139,2810 2186,2811 2234,2812 2281,2813 2328,2814 2376,2816 2423,2817 2470,2818 2517,2819 2565,2820 2612,2820 2659,2821 2707,2822 2754,2823 2801,2823 2849,2824"/>
                <TextEquiv>
                    <Unicode>nur sportlich interessierter Aristokrat, der das Dichten</Unicode>
                </TextEquiv>
            </TextLine>
            <TextLine id="r2l40" custom="readingOrder {index:39;}">
                <Coords points="1903,2860 1974,2839 2094,2871 2844,2880 2846,2832 1904,2817"/>
                <Baseline points="1910,2847 1956,2848 2002,2850 2049,2851 2095,2852 2142,2853 2188,2855 2234,2856 2281,2857 2327,2859 2374,2860 2420,2861 2466,2862 2513,2863 2559,2864 2606,2864 2652,2865 2698,2865 2745,2865 2791,2865 2838,2865"/>
                <TextEquiv>
                    <Unicode>als eine plebejische Gelegenheit hält und in diesem</Unicode>
                </TextEquiv>
            </TextLine>
            <TextLine id="r2l41" custom="readingOrder {index:40;}">
                <Coords points="1895,2898 2859,2913 2828,2873 2714,2866 1896,2858"/>
                <Baseline points="1902,2894 1949,2894 1997,2895 2044,2896 2092,2897 2139,2898 2187,2899 2234,2900 2282,2901 2329,2902 2377,2903 2424,2904 2472,2905 2519,2906 2567,2907 2614,2908 2662,2909 2709,2910 2757,2911 2804,2911 2852,2912"/>
                <TextEquiv>
                    <Unicode>Fall auch recht hat, Ilde Overhoff als ent¬</Unicode>
                </TextEquiv>
            </TextLine>
            <TextLine id="r2l42" custom="readingOrder {index:41;}">
                <Coords points="1897,2955 2849,2965 2858,2912 1898,2894"/>
                <Baseline points="1904,2934 1951,2935 1998,2937 2045,2938 2093,2940 2140,2941 2187,2942 2235,2943 2282,2944 2329,2945 2377,2946 2424,2947 2471,2947 2518,2948 2566,2949 2613,2949 2660,2949 2708,2950 2755,2950 2802,2950 2850,2950"/>
                <TextEquiv>
                    <Unicode>zückende Margarethe, fesch und schlau und doch nicht</Unicode>
                </TextEquiv>
            </TextLine>
            <TextLine id="r2l43" custom="readingOrder {index:42;}">
                <Coords points="1893,2980 2861,2999 2831,2956 1894,2939"/>
                <Baseline points="1900,2975 1947,2976 1995,2977 2043,2978 2090,2979 2138,2980 2186,2981 2233,2982 2281,2984 2329,2985 2377,2986 2424,2987 2472,2988 2520,2989 2567,2990 2615,2991 2663,2991 2710,2991 2758,2992 2806,2992 2854,2991"/>
                <TextEquiv>
                    <Unicode>ohne Herz, Kohlund, der gewandte und geschäfts¬</Unicode>
                </TextEquiv>
            </TextLine>
            <TextLine id="r2l44" custom="readingOrder {index:43;}">
                <Coords points="1897,3026 2856,3046 2853,2999 1898,2982"/>
                <Baseline points="1904,3014 1951,3017 1998,3018 2045,3020 2093,3022 2140,3023 2187,3024 2234,3025 2282,3027 2329,3028 2376,3029 2423,3030 2471,3031 2518,3031 2565,3032 2612,3033 2660,3034 2707,3035 2754,3036 2801,3037 2849,3038"/>
                <TextEquiv>
                    <Unicode>tüchtige Romancier und Lyriker, ein Dichterling vom</Unicode>
                </TextEquiv>
            </TextLine>
            <TextLine id="r2l45" custom="readingOrder {index:44;}">
                <Coords points="1894,3071 2674,3105 2865,3080 2865,3051 2813,3040 1895,3025"/>
                <Baseline points="1901,3055 1948,3058 1996,3061 2044,3064 2092,3066 2140,3067 2187,3069 2235,3071 2283,3071 2331,3072 2379,3073 2426,3073 2474,3074 2522,3074 2570,3075 2618,3076 2665,3077 2713,3078 2761,3080 2809,3082 2857,3084"/>
                <TextEquiv>
                    <Unicode>Scheitel (pardon Glatze) bis zur Sohle. — Beifall und</Unicode>
                </TextEquiv>
            </TextLine>
            <TextLine id="r2l46" custom="readingOrder {index:45;}">
                <Coords points="1885,3135 2254,3118 2379,3144 2561,3135 2591,3127 2592,3095 2002,3079 1887,3050"/>
                <Baseline points="1892,3099 1926,3102 1961,3105 1995,3107 2030,3108 2065,3111 2099,3112 2134,3113 2168,3114 2203,3115 2238,3116 2272,3116 2307,3117 2341,3117 2376,3117 2411,3117 2445,3118 2480,3118 2514,3118 2549,3118 2584,3118"/>
                <TextEquiv>
                    <Unicode>Blumen blieben denn auch nicht aus.</Unicode>
                </TextEquiv>
            </TextLine>
            <TextLine id="r2l47" custom="readingOrder {index:46;}">
                <Coords points="2704,3135 2755,3138 2786,3132 2820,3149 2837,3144 2840,3113 2805,3112 2767,3089 2751,3094 2745,3088 2735,3088 2721,3096 2707,3093"/>
                <Baseline points="2712,3123 2742,3122 2772,3124 2802,3127 2832,3131"/>
                <TextEquiv>
                    <Unicode>hw.</Unicode>
                </TextEquiv>
            </TextLine>
            <TextEquiv>
                <Unicode>M

ARGUB BÖISSE DE EATRESSL S. A.
Schweizer Argus der Presse A.-G.
GENEVE — 23, Rue du Rhöne, 23 — GENF
Adr. télégr.: Coupures Genève — Téléphone 4005
Bureau de coupures de journaua sur lous sufeis ei personnalités.
Traduchons en toutes lungues. Travaug et rédaction.
Bureau für Zeitungsausschnitte, Personalnachrichten, Uebersetzungen.
8
25
CORRESPONDANTS: VERTRETUNGEN
Paris, Berlin, Vien.ne, Londres, Rome, Oslo, Buda-Pest.
Boston, Amsterdam. New-Vork, Mexico.
1
Bern
ma Journal:
Berner Tagblatt,
Adresse:
G
* Date:
1e UN 
55
Lileralur
von Arthur Schnitzler wirkte nach der schweren
Atmosphäre, die—der Kammersänger geschaffen,
geradezu erlösend. „Das Stück ist eine wundervolle
E Satire auf das Kaffeehaus=Literatentum. Wir können
des Raumes wegen auf diese köstliche Komödie nicht P. 50
—
näher eintreten.] Zu hoffen ist, daß sie gelegentlich . 50
Ermas wieder in das Repertoite“ausgenommen werde.
ohne Auch hier zine glänzende Aufführung. Musil,b—
Einst
der gleichfalls nun von Bern Abschied nimmt, nach¬
dem er als jugendlicher Held und Liebhaber, gelegent¬
24
lich auch in Charakterrollen, seinen Mann gestellt, als
nur sportlich interessierter Aristokrat, der das Dichten
als eine plebejische Gelegenheit hält und in diesem
Fall auch recht hat, Ilde Overhoff als ent¬
zückende Margarethe, fesch und schlau und doch nicht
ohne Herz, Kohlund, der gewandte und geschäfts¬
tüchtige Romancier und Lyriker, ein Dichterling vom
Scheitel (pardon Glatze) bis zur Sohle. — Beifall und
Blumen blieben denn auch nicht aus.
hw.</Unicode>
            </TextEquiv>
        </TextRegion>
        <TextRegion orientation="0.0" id="r3" custom="readingOrder {index:2;}">
            <Coords points="2906,1842 2906,1995 2992,1995 2992,1842"/>
            <TextLine id="r3l1" custom="readingOrder {index:0;}">
                <Coords points="2899,1958 2907,1957 2914,1962 2932,1955 2946,1966 2960,1958 2969,1960 2986,1946 2998,1945 2999,1911 2987,1913 2973,1909 2967,1903 2944,1910 2928,1905 2913,1914 2910,1911 2900,1914"/>
                <Baseline points="2906,1943 2934,1942 2963,1943 2992,1945"/>
                <TextEquiv>
                    <Unicode>H</Unicode>
                </TextEquiv>
            </TextLine>
            <TextEquiv>
                <Unicode>H</Unicode>
            </TextEquiv>
        </TextRegion>
        <TextRegion orientation="0.0" id="r4" custom="readingOrder {index:3;}">
            <Coords points="3185,4071 3185,4223 3265,4223 3265,4071"/>
            <TextLine id="r4l1" custom="readingOrder {index:0;}">
                <Coords points="3179,4186 3190,4186 3198,4179 3213,4185 3222,4185 3226,4181 3242,4186 3273,4184 3272,4135 3265,4135 3256,4127 3234,4126 3222,4134 3207,4126 3190,4132 3178,4128"/>
                <Baseline points="3185,4173 3211,4172 3238,4172 3265,4171"/>
                <TextEquiv>
                    <Unicode>en </Unicode>
                </TextEquiv>
            </TextLine>
            <TextEquiv>
                <Unicode>en </Unicode>
            </TextEquiv>
        </TextRegion>
    </Page>
</PcGts>
