3436 4384
-15 2740 39 2786 en
1247 197 1700 284 box 22/3
280 201 1246 299 16.4. Literatur
1466 1314 2116 1391 Ahemtage über Hehdeotands
189 1380 2108 1437 Willen und ter.. Meinung hat. Er mag! Schlußworte dort hinweg zum liberal=konservativen Bekenntnis
959 1420 2107 1493 des Gans zu Putlitz! Welch sonderbares Gemisch von Tönen,
186 1429 956 1492 sgegeben haben. Deren Uebersetzung ins
181 1461 2117 1515 t er nicht.. Das kostet uns viel an Wäg= das aus der Katholikenklagerede Hertlings, der demokratischen
170 1495 2135 1588 arem. Und es ist dringend zu wünschen,j und Fortschrittsrede Fehrenbachs und der Sozialistentötung
1647 1559 1779 1625 1
303 1568 482 1644 WRA
1039 1612 2117 1682 Die mit ersichtlicher Sorgfalt bereitete Aufführung war
711 1619 914 1687 Sn
183 1634 897 1740 litsches Theater., ####
963 1656 2126 1729 im ganzen recht stimmungsvoll. Freilich: der geheimnisvoll ab.
979 1696 2120 1755 gedämpfte Grundton, der das Visionare der Vorgänge dem
170 1695 966 1763 nd: „Der Tor und der Tod“, ein
969 1731 2129 1792 Zuschauer näherbringen mußte, wollte nicht so recht gelingen.
179 1754 960 1800 Hofmannsthal. — „Eine floren¬
971 1767 2119 1846 Das lag vor allem an der zu lebfrischen Art, mit der Herr
191 1797 912 1846 bdie“, ein Akt von Oskar Wilde.
981 1808 2126 1864 Vollmer seinen Claudio packte. D.e Rolle Wesen ist seinem
193 1824 959 1885 Lustspiel in einem Akt von Artur
977 1855 2128 1900 Wesen im Grunde fremd; ein guter Charakterspieler mußte
191 1864 962 1938 Leiter der Aufführung: Robert Forsch
987 1893 2126 1955 sie gestalten. So verfiel das Reflexive des Auftaktmonologs
833 1916 954 1985 00
988 1934 2128 1989 einem lyrisch=melodramatischen Tasten nach Gestaltung und
193 1946 960 2025 gmit verteilten Rollen möchte man, eines
977 1973 2125 2038 zerstört. sich in willkürlicher Gedankenzersplitterung. Weit
179 2010 972 2057 enend, die Hofmannthalsche Dichtung nen¬
988 2008 2121 2065 besser ward der zweite Teil (vom Auftritt des „Todes“ ab)
186 2051 970 2103 aute Gedankenlyrik. Fur die groberen
978 2043 2124 2103 bewältigt. Die echten Ausbrüche ringenden Gefühls fanden
186 2091 970 2146 einmal das Rampenlicht erfordert, ist cs
985 2089 2117 2152 da bisweilen schöne Unterstützung der Pose wie der Mimik.
186 2127 970 2181 eilen fast zu zart; von dem reichen, fein
981 2123 2122 2180 Herr Forsch als Tod verdarb sich den starken Eindruck
186 2163 972 2219 n Gedankenspiel geht mancherlei, einer
991 2171 2122 2221 seines Auftritts und der vorzüglichen Maske durch die Matt¬
192 2204 969 2252 sich wendenden Wirkung zuliebe, verloren.
1001 2204 2130 2263 heit seines stummen Spiels; was seinem Organ an Melodik
174 2240 982 2297 es Dichters, bekanntlich, ist dies 1894 zu¬
987 2245 2119 2310 mangelt, suchte er durch eindringliche Klarheit des Deklama¬
181 2271 977 2338 piel, in dem sich der gewiß recht seltene
998 2274 2131 2344 torischen wettzumachen. Die schlichte, traumhafte Innigkeit
199 2316 978 2365 daß ein Poet zu seines Lauxes Beginn
992 2323 2126 2374 der Muttergestalt des Frl. Leithner fand einen würdigen
179 2361 982 2414 rammatik künftigen Schaffens in poetischer
991 2350 2137 2423 Part in der edel=ernsten Art der Freundgestalt des Herrn
175 2394 978 2448 e. Das ist recht interessant. Für Hof¬
986 2410 1181 2475 Ruhbeck.
185 2433 979 2485 nd weiter für die Jungwiener Schule, der
1506 2434 1610 2512 II.
185 2475 979 2532 allem psychologisch interessant: denn in dem
1059 2481 2132 2561 Ein seltsam Schicksal hat über Oskar Wildes „Floren¬
197 2521 979 2560 ,der ein Schattendasein lebte und bei sei¬
988 2534 2133 2597 tinischer Tragödie"*) obwaltet. Ein Torso nur ist's,
181 2552 991 2606 etischen Zurückhaltung dem lebendig pulsen¬
1000 2571 2131 2629 was wir davon besitzen. Die Eingangsszene (fünf Seiten etwa)
175 2590 993 2651 ber erst im Angesicht des Todes zu der Er¬
999 2618 2130 2680 fehlt. Wilde hat sie nie geschrieben, wohl aber, wie die
175 2619 988 2691 #aß Leben Erleben heiße, Hingabe aus
1004 2645 2137 2717 meisten seiner Werke, fertig im Kopfe mit sich getragen und
606 2666 986 2720 in diesem Claudio
191 2666 616 2727 , wie an sein Leid: —
993 2691 2138 2745 wahrscheinlich nach seiner Gewohnheit Freunden Proben dar¬
197 2702 990 2755 l selber. Und der Tod, der, nach helleni¬
1000 2729 2141 2787 aus mitgeteilt. Auch ist der Schluß (vielleicht) nur pointen¬
175 2745 998 2798 ein ernster, schöner Jüngling, den Blüten¬
1003 2765 2139 2827 haft fixiert, wenn schon, man denke an den Schluß der „Sa¬
184 2783 987 2836 nklen Locken, vor den Edelmann tritt, die
1003 2808 2144 2878 lome“, in seiner apodiktischen Kürze, die auf den Darsteller
179 2828 992 2876 te, den Freund ihm zeigend, die alle Le¬
1004 2844 2153 2905 Lasten abwälzt, nicht wider Wildesche Art. Was wir be¬
195 2859 986 2927 Leben, wo er ein lebendig Toter: — die¬
1005 2884 2144 2947 sitzen, ist wertvoll genug und von einer Energie der Konzen¬
190 2894 983 2951 verkörpert keinen anderen, als den Hof¬
1009 2920 2149 2980 tration, wie sie dieser große Dichter nicht wieder erreicht hat.
181 2921 999 2991 nnsthalscher Sehnsucht und seines
1005 2956 2155 3022 Ein uralter Stoff, Renaissancenovellen nicht fremd, wird hier
175 2971 990 3027 ermögens. Des Dichters „Elektra“, sein
1008 2996 2152 3060 zu einer einzigen Katastrophe zusammengeballt, auf letzte
185 3010 995 3066 Projektionen einer Sehnsucht nach Hellenen¬
1017 3047 2148 3105 Typen und Symbole stilisiert, im engsten Rahmen zu einem
182 3049 992 3105 Dasein und Daseinsgestaltung, die mit ur¬
1004 3081 2145 3152 Mikrokosmos des Menschheitkampfes verdichtet. Was ein¬
182 3090 985 3151 ität“ aus dem Vollen schöpft; und gerade
1019 3111 2150 3183 gangs kommen sollte, wir vermissen's nicht, auch da wir von
202 3133 988 3184 muten, ihrer spezifischen Werte unbe¬
1019 3154 2155 3218 ihm wissen. Die mise en scène erscheint vollendet. Ins
185 3152 1004 3231 chisch an. Unbewußt (vielleicht) gab Hof¬
1013 3193 2159 3254 spärlich erleuchtete Gemach, von dessen dichtem Gemäuer wie
192 3211 1003 3260 hr und Tod“ den Schlüssel eigenen Wesens,
1021 3236 2155 3295 drohende Schatten alte Möbelstücke ragen, tritt, mit dem
197 3253 995 3302 stets bei aller Schönheit der Diktion, allem
1015 3272 2161 3346 Warenpack beladen, Simone, der Kaufmann. Eben, da die
178 3284 993 3347 on einem Hauche der Müdigkeit, Lebens¬
192 3328 986 3382 woben bleibt, deren Gestaltungen bei allen
1094 3341 2159 3400 **) Deutsch mit einer Einleitung von Max Meyerfeld,
189 3368 1004 3437 antiellen doch den Astralleibern dieses alle¬
1011 3382 1743 3458 erschienen bei S. Fischer, Berlin 1007.
187 3405 500 3476 ts ähneln.
2124 1306 3272 1377 des Reichstags wieder und sie zeigen auch, daß die Phautasten
2122 1365 3268 1417 der Presse der Finanzreformmehrheit über die radikale Revo¬
2125 1392 3264 1465 lution innerhalb der nationalliberalen Partei in der Luft
2121 1454 2317 1521 schweben.
2118 1588 3250 1663 Dielen draußen unter seinen Tritien knackten, fuhren über
2125 1643 3271 1693 der spärlichen Lampe zwei Köpfe auseinder: Bianca, Si¬
2133 1676 3266 1738 mones Weib, und Guido Bardi, der Sohn des Herrschers von
2122 1707 3276 1775 Florenz. Der Fuchs ist in der Falle; mit der sicheren Beute
2126 1737 3267 1816 spielt der Jäger. Der ist schon an den Schläfen grau, und
2136 1774 3265 1853 Sorge um den Daseinskampf macht ihn zum Liebegirren
2130 1828 3267 1884 nicht geneigter. Daß der gewandte Lüstling des jungen
2144 1858 3271 1930 Weibes Sinn betörte, scheint ihm nicht seltsam. Doch
2140 1901 3267 1964 wichtig, ihr des Gatten höheren Wert zu zeigen.
2138 1938 3283 1998 Auch in des Krämers Seele wohnt ein Herrenmensch, der
2130 1981 3276 2048 Knaben zu züchtigen, Weiber sich untertan zu machen weiß.
2144 2015 3280 2084 Nur rostig von der Ruhe ist sein Schwert. Doch härter ist
2137 2052 3283 2114 sein Stahl, als Guido Bardis schmiegsame Klinge. Mit List
2141 2090 3282 2154 lockt er den Feind, beginnt bei dem, was ihm das Nächste ist.
2137 2125 3288 2193 Waren bietet er ihm, Gewänder, Edelsteine. Der Werte schaf¬
2144 2169 3280 2238 fende Fleiß des Bürgertums strafft seinen Stolz vor dem ge¬
2143 2214 3281 2269 raubten Gold der Herren. Mit dem ratlos ungeduldig Tasten¬
2150 2243 3284 2304 den spielt er ein grausam Spiel vorgetäuschter Unterwürfig.
2142 2281 3283 2354 keit, verhaltener Drohung, hohnvoller Bewirtung. Dem Weibe
2140 2314 3280 2394 und dem Nebenbuhler zeigt er den Herrn und seinen inneren
2153 2351 3298 2418 Adel, der unter des Biedermanns Mienen schlummerte. Pracht¬
2155 2406 3288 2461 voll ist dieser Kampf, dieses letzte Heraufholen verborgenen
2155 2428 3287 2500 Kraft gesteigert. Die große Welt da draußen, ihren Glanz wie
2147 2487 3290 2535 ihre Kleinlichkeit fängt Simone in diesen Kampf zu dreien
2146 2511 3296 2586 ein, dessen bedrängte Einsamkeit die Weltbrände symbolisch
2148 2549 3286 2606 widerspiegelt. Das ist mit ungeheurer Meisterschaft, mit einer
2150 2579 3288 2658 Treffsicherheit, einer künstlerischen Souveränität ohne Gleichen
2145 2629 3294 2705 gemacht. Und da der Gast sich drücken will, für den Früh¬
2153 2661 3298 2723 morgen schier unter des „Betrogenen“ Augen das Stelldichein
2160 2714 3303 2765 verabredend, da lockt Simone ihn zum Kampf des Schwerts,
2158 2731 3303 2803 des Dolchs. „Töt ihn“ flüstert Bianca dem Liebhaber zu. Der
2149 2767 3309 2836 aber verliert die Waffen und verröchelt unter der drosselnden
2164 2801 3307 2886 Faust des Rächers, auf dessen Geheiß Bianca selbst die Fackel
2152 2844 3312 2929 löschte. In epigrammatischer Kürze zieht der Dichter das Fazit
2154 2884 3297 2960 des uralten Prozesses des Männerkampfes um Weibergunst.
2162 2916 3301 2993 Wo die Triebe sprechen, versagen Reflexion und Wort. Das
2169 2961 3315 3028 Mysterium des Geschlechtes vollzieht sich in Bianca: „Warum
2162 3008 3300 3073 hast Du mir nicht gesagt, daß Du so stark?“ — Simone darauf,
2160 3042 3309 3105 dem Sieggefühl das Weib verklärt: „Warum hast Du mir nicht
2159 3094 2657 3164 gesagt, daß Du so schön?“
2231 3122 3311 3194 Lapidar und primitiv wie die Empfindungen selbst, um
2161 3165 3304 3233 die es sich hier handelt, sind diese entscheidenden Worte hin¬
2164 3198 3322 3275 gesetzt. Die Genialität eines Seelenkenners zar' Goxhv ver¬
2171 3250 3317 3311 mochte sich nicht tiefer zu offenbaren. Sie hat ein Gegen¬
2170 3271 3342 3356 beispiel nur in des gleichen Autors „Salome“, da des Herodes —
2166 3323 3348 3400 gräßliche Ernüchterung nur in den kurzen Worten Ausdruck“
2173 3371 2887 3426 findet: „Man töte dieses Weib!“ ...
