3392 4384
1117 146 1682 258 box 22/3
239 167 1069 282 16.4. Literatur
639 795 1110 881 (Quellenangabe ohne Gewähr.)
533 832 1411 1005 Wiener Allgemeine Zeitung, Wien
328 884 734 991 Jusschnitt aus:
958 953 1164 1056 7 102
345 1004 501 1068 som:
559 1064 623 1137 105
2723 1092 3352 1162 Niederträchtigleiten, oder von
1569 1104 2711 1164 atmosphäre der Metternichiade zurückgelullt. Bis endlich
2706 1140 3335 1209 Schwächen der Natur. Die
1559 1140 2709 1209 der Ausspruch, welcher als unbeabsichtigtes Witzwort un¬
693 1124 1268 1243 Feuilleton.
2716 1175 3345 1257 Polizei= und Gerichtsszenen ha
1560 1207 2710 1279 längst von einem naiven Burgtheaterbesucher gesagt wurde:
2701 1236 3352 1318 hervorgerufene Kollisionen mit ##
1578 1242 2709 1313 „Es ist ein Stück, das sich zu keiner Premiere eignet“ für
496 1242 1173 1345 ###### Burgtheater.
2708 1278 3348 1345 veranlaßt. Seine an Till Eu
1565 1282 2708 1355 die einst maßgebendste deutsche Bühne zur tiefsinnigsten
395 1305 1559 1392 ∆„Der Kammersänger“ voh Frank Wedekind. — „Boubouroche“
2717 1336 3342 1394 Menschen durch Schabernack i
1562 1340 2712 1406 Wahrheit wurde. Bei Wedekind un Couteline konnte
392 1366 1552 1452 von Courteline, übersetztf von Siegfried Trebitsch. — „Liebelei“
2719 1389 3348 1465 hat ihm viele Jahre hindurch z
1570 1390 2698 1462 man dies fühlen. Was erst wäre es bei dem „Totentanz“
774 1413 1192 1488 von Artur Schnitzler
2718 1434 3333 1497 der Pariser Bohème gemacht.
1573 1447 1936 1521 von Strindberg?
2716 1472 3362 1544 im Gerichtssaal aber war er ein
514 1454 1563 1548 Samstag abends ist bei der Erstaufführung Wede¬
1675 1488 2713 1563 Zornige Liebe spricht aus dem Problem des
408 1524 1561 1596 kinds und Courtelines im Burgtheater — das Publikum
2720 1522 3342 1591 Gast. Das schönste, reichste,
1571 1545 2713 1615 „Kammersängers“, Liebe zur Kunst und gleichzeitig Zorn
2722 1560 3358 1645 Courteline aus diesen seinen
411 1571 1561 1638 gründlich durchgefallen. Wenn aufgeführte Dichter ihren
1563 1575 2710 1662 über das ungeheure, unüberbrückbare Mißverständnis,
404 1615 1568 1684 Beifalls= oder Mißfallsbezeigungen ebenso Ausdruck ver¬
2720 1613 3324 1695 Dschungeln der Großstadt
1559 1619 2713 1707 welches zwischen Menschheit und Kunst und selbst zwischen
408 1669 1568 1731 leihen dürften, wie es seit Theatergedenken verbrieftes
2709 1658 3360 1741 tragische Posse „Boubouroch
1564 1683 2717 1756 Kunst und Künstler immerdar besteht. Daraus wurde die
2717 1722 3367 1785 Kenntnis des menschlichen He#
403 1722 1571 1777 Zuhörerrecht ist, so hätten Wedekind ganz besonders, aber
1570 1733 2713 1802 gallbittere, grell=komische und tot=traurige Satire, welche
2710 1754 3346 1832 Boubouroche ist der rührend
411 1758 1572 1829 auch Courteline das ihnen dargebotene Schauspiel einer
1575 1786 2715 1847 Wedekind geschrieben hat. Herr Reimers traf den
407 1812 1565 1880 unorientierten, stumpffühligen, kniffig verärgerten Menge,
2712 1814 3359 1886 liebenden, gläubigen und ewig
1572 1824 2726 1899 Ton des Kammersängers dort, wo es galt, den Kunst¬
2717 1846 3350 1936 ihm ist die Leidenschaft der
407 1845 1567 1934 die hustete und gähnte, wo sie lachen sollte, und lachte,
1574 1874 2717 1948 beamten, den Galeerensklaven des kontraktlichen hohen C
2717 1903 3364 1986 Gefühl seiner Seele. Und die
416 1890 1566 1982 wo die Träne am Platze war, durch energisches Zischen
1565 1925 2722 2001 in seiner philiströsen und doch vom Kulissenkitsch über¬
2723 1948 3359 2020 bis auf den letzten Rest der S
416 1943 1566 2028 gerichtet. Denn für dieses Burgtheaterpublikum galt
1562 1971 2715 2035 parfümierten Haltung wahr werden zu lassen. Wo aber
2724 2005 3339 2083 vermeint zu sein. Aber mich
419 2003 1572 2078 nicht einmal der mildernde Umstand, daß es vor
1577 2030 2712 2086 Wedekind sich selbst in dem Sänger inkarniert und seine
2719 2045 3362 2113 Edleres noch diesen Boubou##
417 2057 1577 2119 der überwältigenden Neuartigkeit eines zum erstenmal
1580 2060 2723 2139 Anklagen herabprasseln läßt in bösen, wundenschlagenden
2726 2102 3359 2178 glaube er trotz aller unleug
408 2091 1572 2165 schwingenden Rhythmus scheuen konnte. Der Kammer¬
1580 2122 2729 2189 Worten, da weiß der Künstler nichts von jener heißen
2733 2143 3340 2216 Treue. Es ist eine Scham
416 2149 1581 2214 sänger ist früher Wedekind; stammt aus jener noch von
1584 2165 2723 2232 Intensität, von jener Glut der eisigen Fest¬
2724 2199 3342 2250 Menschen Niedrigkeit bewußt
421 2201 1563 2260 keiner Symboldeuterei verdunkelten Stilperiode des Dichters,
1815 2211 2721 2292 die den Kammersänger in manchem
1578 2224 1841 2287 stellungen,
2729 2249 3340 2316 Menschen sein Wissen um ihn
411 2226 1572 2319 die, von elementarer Dramatik gefüllt, wetterleuchtete. Es
2404 2248 2728 2328 macht. Zu
1574 2255 2426 2328 Augenblick zu einem Doppelwesen
2730 2277 3359 2356 solchen Ekel vor der ans Sonn
411 2275 1579 2360 ist noch ein Stück in die gewohnten Formen der Theater¬
1574 2312 2728 2374 einem Menschen, der sich selbst leben zusieht. Herr
2729 2346 3354 2412 heit daß er diese lieber mit sei
411 2338 1579 2411 technik gekleidet. Und das Anarchische seiner Weltschilde¬
1579 2349 2732 2421 Straßni dagegen, wenn auch oft durch die Schwäche
2722 2376 3322 2459 Ewiges Erlebnis aller jener,
412 2387 1573 2443 rung; die schonungslose Brutalität der Geste, mit welcher
1576 2407 2729 2477 seiner äußeren Mittel an der Auswirkung seiner Ab¬
2717 2439 3339 2504 gebeuteten zählen und nicht
427 2438 1572 2504 hier ein Dichter für eine Zeitlang wieder der Menschheit
1578 2456 2724 2530 sichten gehindert, hat als Komponist, der den Tod
2734 2473 3353 2550 richtet sich denn auch zum Sch
425 2474 1575 2554 ihre Maske herunterreißt, sollte doch ebenfalls erfahrenen
1578 2504 2735 2577 ersehnt, um endlich aufgeführt zu werden, es wohl ge¬
2733 2525 3355 2601 Zorn statt auf die Verräteri
428 2533 1574 2606 Premieren=Habitués durch das Gesetz der Mimicri, dem
1573 2555 2730 2621 wußt, dem Sinn des Grotesken gerecht zu sein. Gutes
2740 2572 3330 2645 ihm ihren Verrat verriet. Er
424 2592 1577 2658 seine Literaturzubereiter unfehlbar unterliegen, schon mund¬
1586 2597 2729 2670 Theater bot Frau Kallina. Damit ist aber auch
2734 2633 3298 2688 des Faubourg Montmatre,
424 2627 1574 2713 gerecht geworden sein. Lernten sie nicht an Fulda und
1588 2633 2731 2724 gesagt, daß sie Wedekind schlecht spielte. Der verlangt
2724 2665 3352 2761 des besten Besitzes der Mensch
427 2687 1580 2753 Otto Ernst und anderen ersehen, daß das Phisio¬
1576 2702 2737 2766 anderes. Entschauspielerte Energie. Weniger Können als
428 2719 1574 2788 logisch=Psychologisch = Pathologische bald Aussicht haben
2830 2732 3348 2821 Ganz aus dem Herzen
1583 2741 2729 2812 Erkennen. Weil man aber im Burgtheater zu sehr ge¬
423 2782 1572 2842 dürfte, von Theaterdichtern allgemein getragen zu
2727 2779 3360 2876 werden. Herr Treßler al
1580 2793 2729 2870 wöhnt ist, der konventionellen Technik des Theaterspielens
424 2822 1578 2893 werden? Hat man ihnen nicht allerorten eine
2724 2834 3357 2909 Schmerbauch. Er konstruien
1579 2847 2725 2914 jede dichterische Eigenwilligkeit unterzuordnen, deshalb gab
431 2873 1581 2943 Ahnung Wedelind, und einen Hauch Strindberg in
2730 2873 3359 2947 Habitué, der unzählige Biere
1590 2880 2733 2952 man sozusagen einen Wedekind mit abgerundeten Ecken.
431 2922 1577 2992 ihr hausbackenes Konfekt gemischt? So durfte Direktor
2736 2922 3357 3000 hinunterschwemmt, einen an
1589 2939 2727 3004 Nahm ihm also den eigentlichsten Sinn seiner Wirkung.
432 2970 1578 3034 Thimig mit Recht annehmen, daß die Distanz eines Jahr¬
2730 2980 3355 3054 Asthmatiker, der hustet, prus
1591 2972 2737 3050 Die gerade darauf beruht, daß man an diesen Ecken sich
425 3028 1589 3088 zehntes, welche zwischen dem Erscheinen des „Kammer¬
2743 3034 3366 3101 schwappt. Alles dies ist gen
1584 3042 2050 3117 manche Beule schlägt.
434 3065 1584 3136 sängers“ und seiner Burgtheater=Nobilitierung liegt, selbst
2745 3084 3352 3144 Amüsement solcher physischer
2424 3078 2604 3153 —— — —
427 3107 1591 3186 von der konservativsten Gemächlichkeit genommen sein
2744 3129 3355 3190 Schauspieler als den Zuschaue
1705 3139 2736 3205 Courteline ist Wedekinds Gegenspiel. Kein
436 3149 1593 3244 mußte. Aber auch dieser gewiegte Theatermann hat sich
2742 3179 3349 3248 der Rolle ab. Niemals darf
1585 3195 2739 3259 Prophet; kein Ekstatiker; kein Welterschütterer, der seine
435 3215 1585 3280 geirrt, oder vielmehr er hat die Folgen von Erziehung
2733 3217 3351 3310 werden, ohne daß gleichzeitig i
1583 3244 2744 3320 Gestalten immer aus seinem Ich ableitet. Er ist als
435 3246 1592 3336 und Milieu unterschätzt. Das Burgtheater=Publikum zeigte
2726 3281 3065 3357 Lachen streitet.
1589 3288 2746 3370 Satiriker ein Agent provocateur. Er schafft Gelegen¬
433 3311 1597 3372 sich eben als das Produkt der Burgtheaterleitung dieser
2841 3312 3356 3405 Auch sonst eine zu bew
438 3352 2740 3418 letzen fünfzehn Jahre. Es ist systematisch von Geistesrevo= heiten für seelische Blamagen der Menschheit. Er liegt
422 3371 3331 3489 lutionen abgesperrt worden Man hat es in die Backhendel= im Hinterhalt und lauert auf den Fang von kostbaren „unterstrichene“ Aufführung.
