3392 4352
1268 223 1737 320 box 22/3
316 231 1124 337 16.4. Literatun
1098 1448 1326 1531 TOFEB1U
1114 1545 1389 1623 snichten
751 1569 933 1645 Haml
932 1629 1039 1701 Ha
488 1689 1628 1778 C. A. P. Deutsches Schauspielhaus. Am Sonnabend klappte
408 1723 1636 1817 Arthur Schnitzler mit dem Einakter „Literatur“ etwas
416 1783 1628 1860 nach. #estand Hem Wach auf dem Zeitel O##er
425 1828 1623 1885 tur verantwortlich gezeichnet hat oder tatsächlich verantwortlich ge¬
407 1868 1620 1928 besen ist, vermag der Außenstehende nicht zu entscheiden. Es ware
404 1902 1618 1972 aber keine sehr erfreuliche Entwicklung, wenn sich bei der Spiel¬
409 1944 1627 2014 leitung etwa das Institut des Prügelknaben, ähnlich dem des genug¬
406 1972 1409 2030 sam bekannten Sitzredakteurs, herausb'lden sollte. —
1408 2000 1620 2053 Die Vor¬
407 2007 1615 2087 stellung des geistreichen und graziösen Stückchens machte im übrigen
397 2061 1613 2120 einen guten Eindruck. Fräulein Paula Silten gab das oft
398 2100 1619 2159 gedruckte, aber trotzdem ungebundene Literaturweibchen, Marga¬
404 2129 1611 2200 rethe mit Namen, die ihre Gedichte und Romane unmittelbar dem
406 2179 1612 2246 eigenen Leben abschreibt, mit viel Temperament und feinem künst¬
398 2208 1615 2272 lerischen Takt; sie blieb stets auf der scharfen Grenze zwischen
408 2244 1611 2322 Eleganz und Zigeunertum, zwischen Salon und Kaffeehaus und
391 2280 1616 2361 ließ auch neben dem Sinnlichen einer gewissen ironisch erfaßten
399 2331 1609 2402 Geistigkeit ihr Recht. Herr Lang machte aus dem Herrenreiter
392 2368 1614 2442 Clemens mit seinem angestammelten Mißtrauen gegen das Musen¬
402 2405 1607 2478 roß ohne Pedigree eine köstliche Type. Herr Kobler fiel dagegen
397 2447 1609 2517 als Literaturzigeuner Gilbert ein wenig aus dem Rahmen des
392 2484 1604 2529 Stückes heraus. Erhatte zwar einige Momente von sehr drastischer
387 2519 1607 2589 Komik, mit denen er auch sofort die Lacher auf seine Seite zog.
388 2555 1601 2641 Aber er trug zu dick auf; die Beweglichkeit seiner Hände übertraf
390 2595 1606 2670 die seines Geistes bei weitem, und so kam es, daß er in bester 2b#
389 2634 1605 2713 sicht die Literatur ein wenig in die Nachbarschaft der Kolpontags
403 2672 1616 2751 hinüberspielte. Vielleicht wollte er damit seinen eigenen Roman
393 2710 742 2777 ironisch glossieren.
2032 621 2748 762 Klose & Seidel
2075 744 2694 814 Bureau für Zeitungsausschnitte
2019 798 2729 872 Berlin NO. 43, Georgenkirchplatz 21
2155 879 2204 951 0
2316 918 2620 1026 Surier
1978 939 2213 1028 Zeitung:
1998 1009 2138 1090 Ort:
1976 1080 2205 1160 Datum:
2185 1110 2598 1258 ∆TM 197
1966 1280 3136 1358 Einakter im Städt. Opern- und Schauspielhaus.
1941 1342 3156 1398 Heinrich Mann „Varieté“, Frank Wedekind „Der
1944 1386 3143 1456 Kamme,sänger“, ArthurSchnitzler „Literatur“.
2021 1441 3165 1509 Herk Dr. Roenneke hatte fest auf die Dame gebaut, die seinel
1951 1484 3151 1537 Ouversire klettern sollte. Er mag einen bösen Traum gehahl
1954 1522 3156 1574 haben und ließ Knoten in ihr Seil machen. Dennoch, bein
1943 1562 3147 1627 fünften Knoten schaffte sie's nicht mehr und sie mußte seitlich ab¬
1959 1602 3159 1668 gegangen werden. Ein guter Traum möge Dr. Roenneke nun
1951 1631 2482 1688 seine Ouvertüre ausreden.
2017 1688 3151 1744 Eine böse Satire Heinrich Manns, eine lächelnde Schnitz¬
1943 1718 3139 1785 lers und eine sehr ernste Wedekinds fügten sich hübsch zusammen,
1952 1758 3149 1827 setzten sich hübsch voneinander ab. Es war großer Tag für
1950 1801 3148 1867 Friedel Mumme. Dreimal variierte sie Kleid und Wesen. Eine
1943 1840 3157 1904 frische und erfrischende Frau bei Schnitzler, bei Heinrich Mann
1940 1876 3151 1945 reizend frech und schlau und voll zugellosen Blutes, überraschte
1947 1913 3155 1995 sie bei Wedekind mit einer ganz feinen und rührenden Lyrik
1940 1952 2231 2009 ihres Spiels.
2003 1997 3144 2058 Dieser Einakter „Kammersänger“ zunächst die Entschälung
1932 2035 3143 2112 des sehr nüchternen Kernes, der unter der Glorie eines Sänger¬
1939 2086 3141 2146 tums steckt, schlägt mit so durchdringendem Klang gegen die er¬
1950 2128 3137 2171 zene Härte des Lebens, daß seine kalte Konsequenz ihn inmitten
1945 2163 3147 2227 der beiden Nettigkeiten „Varieté“, „Literatur“ zum Hauptstück
1940 2203 3133 2269 des Abends machte. Hugo Rudolph, schon bewährt in
1947 2250 3134 2304 „Varieté“ in „Literatur“ innerhalb einer etwas vergröbernden
1946 2286 3135 2334 Gesamtauffassung des Schnitzlerschen Stückes den Gilbert bayrisch
1940 2325 3141 2388 grob und deutlich zeichnend erfaßte den Kammersänger in
1947 2362 3147 2429 scharfem, nicht karikierende, nicht sympathisierenden Relief. Herta
1945 2400 3137 2462 Windschild stellte die kleine Miß Ifabel lieblich auf die
1945 2437 3129 2501 Beine. Ebert — die Klavierlehrerin blieb auf dem Programm¬
1938 2486 3126 2537 papier —, vorher der kostbare Schilderer eines jüdischen Varieté¬
1944 2518 3136 2580 direktors, ging dann ergreifend und liebevoll dem Lebens¬
1930 2561 3147 2614 schicksal des erfolglosen alten Musikprofessors nach. Zwei junge
1934 2623 3139 2701 Kräfte hatte man in den Vordergrund gezogen. Fritz Reichert
1934 2675 3092 2739 und Walter Grüters, die sich nicht ohne Geschick gerierten.
2009 2716 3121 2771 In Schnitzlers „Literatur“ allerdings erfüllte keiner der
1922 2751 3130 2817 drei Spieler (Rudolph, Mumme, Grüters) die Absicht des Dich¬
1934 2790 3121 2861 ters, die schon vom Regisseur und Bühnenbildner zu sehr ins
1920 2828 3125 2903 Derbe und Possenmäßige gezogen war. Notabene, warum der
1921 2875 2569 2930 preußische General in Wien?
1993 2909 3117 2966 Im übrigen spielte und leitete man frisch und aus vollem
1923 2948 3121 3012 Leben (was offenbar im „Varieté“ einige Hoftheatergetreue baß
1926 2992 3127 3060 erschreckte) und auch Poreps Dekoration erlaubte sich expres¬
1930 3029 2644 3085 sionistisch wohlangebrachte Freiheiten.
1994 3072 3111 3130 Hätte man, wie man wollte, ein Haus für modernes Schau¬
1933 3103 3121 3168 spiel erwerben können, Abende wie diese würden sich natürlicher
1925 3155 3114 3194 machen; so muß man das Imponderabile alter Feierlichkeit des
1931 3187 3121 3256 schönen Hauses ein wenig mühsam beiseite schieben. Aber es
1926 3223 2075 3278 geht.
2983 3241 3086 3293 Sa
3084 3278 3124 3321 9
