3484 4192
222 132 1627 224 16.4. Literatun box 22/3
432 730 1048 824 Vertretungen in Berlin, Chienge,
1642 787 1870 859 Sekholm.
422 888 934 961 Ausschnitt aus:
1563 902 1780 995 2
1049 918 1269 1006 Genen
1002 966 1518 1098 Dr Laipzig und Umans
420 1004 974 1133 vomt 4 4 27 271
1370 1270 1656 1362 —CO
726 1453 1544 1519 Matinée des Vereins Leipziger Presse.
525 1490 1775 1564 Man soll mir ein offenes Bekenntniß gestatten: Als ich am gestrigen
482 1557 1767 1615 Synntag Vormittag das viereckig=ungeschickte „Carola=Theater“
485 1606 1770 1672 verließ, allwo unter Herrn Alban von Hahn's umsichtiger Regie
480 1634 1777 1692 ee Wohlthätigkeits=Vorstellung des Vereins „Leipziger Presse“.
494 1683 1776 1738 stattgefunden, war ich äußerst angenehm enttäuscht. Hatte ich doch
492 1736 1772 1788 den braven Leipziger Preßgenossen alles andere zugetraut, nur keine Klage
490 1780 1773 1826 unserer modernen, unserer allermodernsten Litteratur. Und
375 1746 480 1849 Für
484 1814 1780 1867 hier? Von Hofmannsthal über Schnitzler hinweg zu
496 1852 1776 1915 Hartleben hinunter. Ja gewiß, so ist die Reihenfolge richtig.
494 1909 1768 1953 Litterarisch am wenigsten bedeutend giebt sich Hartleben. Seine
492 1947 1774 1996 Muse trägt kein verklärtes Antlitz. Sie wirkt entweder durch ulkige
495 1979 1773 2036 Grimmassen oder sentimalen Gemüthsaufguß, durch den die Gefühle des
373 2005 485 2077 Ab
506 2029 1775 2074 Publicums überreichlich überzuckert werden. Man lacht oder möchte heulen:
371 2060 494 2132 Abo
501 2076 1773 2118 Theaterwirkung durch Kontrafte. Doch, witzig ist Hartleben. Seine
494 2105 1767 2167 satirengewürzte „Sittliche Forderung“ gehört zu dem Toll=Uebermüthigsten,
494 2156 1772 2211 was unsere heutigen Lustspielfabrikanten an leidlichen Mustern hervor¬
369 2163 495 2232 Inha
500 2202 816 2268 gebracht haben.
377 2224 491 2275 blä
542 2221 1770 2302 Käme Schnitzler's prachtvoller Einacter „Litteratur“. Dieses
367 2266 494 2314 wodu
508 2289 1783 2343 Lustspiel steht im Cyklus „Lebendige Stunden“, der neulich im
373 2295 497 2350 Lebel
359 2336 489 2409 theill
503 2335 1775 2388 Berliner „Deutschen Theater“ mit recht getheiltem Erfolge gespillt wurde.
504 2380 1779 2436 Schnitzler ist auch in seiner neuesten Schöpfung ein Fein= und
496 2416 1781 2473 dabei noch außerdem ein Freigeist. Fein: Er spricht nur zu Menschen
480 2472 1777 2532 von wirklich gediegenem Bildungsfonds. Anders ausgedrückt: Er kitzelt
484 2516 1788 2570 nicht — wie beispielsweise das Litteraturmeerschweinchen Otto Ernst
541 2552 1772 2603 seine Zuhörer durch grobe Reizmittel, die selber den Dünimsten auf¬
472 2594 1775 2664 „stacheln. Nein, Schnitzler's Witz geißelt. Aber jene Geißel hat ein
491 2642 1769 2696 Seidengeflecht. Und so wirkt dieses süße Marterinstrument in den
491 2682 1773 2723 Händen eines litterarischen Banausen einfach trivial. Stumpfbolde zer¬
499 2744 1770 2801 knittern diese Fein=Geißel, ohne sie jemals gebraucht zu haben,
496 2769 1290 2828 ohne sie jemals auf sich einwirken zu lassen.
546 2813 1775 2870 Schnitzler ist ein Freigeist: Er präsentirt seinesgleichen
500 2859 1773 2909 einen blendenden Wahrheitsspiegel. In dieser Manipulation liegt Muth,
500 2911 1783 2962 Kraft ... liegt Heroismus. Das Lustspiel „Litteratur“ enthüllt
492 2955 1772 3005 die schwerste Anklage gegen die verlogene Moderne. Gegen jene
492 2985 1777 3040 Ueber schreibselei unserer Tage, deren Grundton Lüge, deren
497 3036 1766 3095 „sterilisirte“ Gewandung „Phrase des Selbsterschwindelten“
497 3083 1773 3134 heißt. In dieser Entschleierung eines gewissen „dichtenden“
487 3113 1774 3176 Lumpenthums wirkt Schnitzler bannfluchend: Auch in Leipzig
494 3165 1767 3222 haben wir solche verlogenen Litteraturschwengels à la Hilbert. Ana¬
494 3211 825 3290 thema sit!
1846 1432 3084 1515 Am Anfang gub man Hugo v. Hofmannsthal's einactiges Schauspief
1799 1507 3068 1561 „Die Frau im Fenster“. Soll ich von einem Epilog, soll ich von einem
1785 1547 3068 1601 Prolog auf das Leben sprechen? Beides ist richtig. In beiden Fällen
1795 1580 3062 1637 klingt und singt die nervenbeängstigende Seite der Weltensehnsucht. Hinaus
1798 1630 3071 1689 aus der räumlichen Beschränktheit des Hauses! In's Leben hinaus, wo sich
1792 1672 3075 1729 die Kraft des Geschlechtes in freier Liebeswahl aufbäumt. Wo keine
1795 1714 3054 1775 enge Fensterumrahmung bloß einen Ausblick in
1787 1752 3058 1805 Leben gewährt. Nein, wo das Leben dahinströmt wie ein Sturzback
1794 1807 3067 1849 daß glühende Menschenglieder sich baden in solchen Fluthen kühlende
1795 1834 3061 1907 Ströme. In's Leben! Und doch bleibt man zurück zwischen den herz
1790 1889 3077 1948 beklemmenden Pfosten lusteindämmender Häuslichkeit. In's Leber.
1796 1922 3088 1988 Und doch hat man keinen Muth zum kraftvollen Sprunge aus dein
1796 1972 3084 2031 Fenster! In's Leben. Und doch ist uns keine Strickleiter zur Han),
1787 2022 3082 2078 die wir mit muthgeschwellter Faust vom Simse abreißen, wenn
1792 2069 3079 2121 wir wirklich einmal auf Freiheit athmendem Boden anlangten.
1790 2117 3076 2163 Hugo von Hofmannsthal, ein blutjunger Zwanziger, sagt uns
1794 2148 3076 2195 das Alles in einem Monologe, dessen Sprache sich flüsstger als Lethe,
1804 2199 3075 2252 durchsichtiger als Bergkrystall giebt: Fluthen aus dem Bronnen wahrer
1792 2238 3086 2301 Poesie. Hugo von Hofmannsthal spricht vielleicht zu viel.
1792 2302 3084 2348 Aber dieses „zu viel“ belästigt nicht. Wirkt auch nicht einschläfernd.
1793 2325 3087 2400 Beängstigt uns höchstens: Fluthwellen gewährt das
1796 2377 2669 2428 Leben, nicht winzige Thautropfen!
1852 2412 3078 2468 In „Litteratur“ von Arthur Schnitzler spielten neben dem
1792 2454 3084 2512 brillanten Fräulein Serda vom Dresdener Königl. Schauspiel die Herren
1794 2501 3073 2554 Huth und Grelle, Mitglieder des hiesigen Stadttheaters. Man
1798 2537 3083 2601 mimte sehr flott. Nur Herr Huth hatte in seiner Maske ein wenig
1783 2590 3082 2667 danebengegriffen: Hilbert ist Litteraturroué. Damit ist alles aus¬
1793 2631 3082 2695 gedrückt. Herr Grelle gab sich äußerst burschikos als Clemens und
1787 2673 3075 2739 dabei doch vornehm: Einfach köstlich! Dasselbe gilt von Fräulein Serda,
1799 2730 2556 2775 die hoffentlich recht bald die Unsere wird.
1850 2741 3079 2820 In Hofmann's „Die Frau im Fenster“ lag die einzige
1794 2797 3072 2875 Rolle — zwei fast möchte ich sagen stigmatisirende Nebenpartien kommen
1791 2849 3068 2902 nicht in Frage — in den Händen des Fräulein Albertine Zehme.
1795 2886 3084 2951 Ihre Leistung als Mado. na Dianora verdiesst alles Lob. Nur hätte die
1789 2942 3086 2994 Dame mit dem Accent übermäßigen Pathos' nicht zublel in jenen Mo¬
1791 2983 3080 3035 menten arbeiten sollen, wo das rein Natürliche alle Schranken des
1799 3020 3086 3069 Conventionellen durchbricht: Wo das Weib auf eigenen Füßen
1799 3069 3082 3128 steht. In solchen Augenblicken gehört der Kothurn vom Fuße der
1797 3109 3082 3182 Künstlerin weg. Fräulein Zeh#e aber behielt ihn an. Und das war
1793 3161 2381 3215 nicht im Sinne der Dichtung.
1838 3175 3112 3268 Das Haus war reichlich besegt. Der Beifall besonders nach Schnitzler's
1784 3252 2426 3334 „Litteratur“ herzlich, aber nicht —
2422 3246 3082 3362 Die am Tage vorher dei 5i
1781 3324 3079 3401 Ernst schmutztriefender und inhaltloser „Größten Sünde“ — auf¬
1776 3347 1966 3416 dringlich.
1825 3396 3069 3500 Leider zog sich diese im Ganzen wohlgelungene Matinée bis
1776 3452 3071 3545 in die dritte Nachmittagsstunde hinaus. Wodurch die Magenfrage des
1781 3499 2811 3573 Publicums, noch dazu an einem Sonntage, ungelöst blieb.
2585 3551 3035 3641 Artur Pleißner.
