3336 4252
204 197 1436 305 Spaziergang box 35/5
485 1124 633 1193 —
2173 1123 2760 1214 senbahnbetriedes ersdigen die
476 1128 2048 1240 der Eisenindustrie abhängt  eine Bevölkerung, weiche keine] Persönlicheit des
2787 1157 3295 1230 Dr. Hallwich wies du
484 1188 2779 1278 fluctuirende ist, die nicht in der Lage ist, morgen ebensogut Bestellungen erst nach tirung des bezüglichen Etats;
2788 1221 3290 1279 daß die Anzahl der Un
2800 1262 3306 1323 Forstwirthschaft größer
1640 1286 2795 1345 Inhalt deines Lebens verdankst du ihm; Alles, was du schufst,
2798 1294 3298 1366 Das Verlangen nach eine
484 1309 1642 1381 Wiener Mädels die ganze rührende und reiche Seele der
1650 1337 2785 1399 war von Wiener Luft durchtränkt, und Alles was du lebtest,
2787 1346 3295 1408 lichen von den gewerblich
494 1339 1482 1442 Stadt entgegenfluthet, das, das möcht' ich wissen!“
1654 1377 2701 1458 hatte die Süßigkeit seiner Atmosphäre. Ist's nicht so?“
2789 1394 3301 1451 verband der Industriell
569 1389 1639 1456 „Nun ja,“ sagte Hans, „das Geheimniß der Stimmung!“
1731 1426 2789 1492 „Ja. Aber das ist lang vorbei. Wien! — Plötzlich hatte
2788 1428 3183 1507 deßhalb begründet.
564 1441 1646 1498 „Darüber,“ meinte Stefan, „habe ich erst neulich einmal
1660 1486 2786 1533 es sich von mir abgewandt. Alles mißglückte mir, was ich
2893 1469 3287 1537 Gleichfalls von Dr.
487 1478 1648 1554 nachgedacht. Nicht wahr, die Tugenden und die Laster, die
1650 1514 2790 1586 in Kunst und Leben unternahm. Ich nannte es ein Miß¬
2798 1509 3295 1587 nach berufsgenosse
478 1515 1641 1577 Talente und die Vorurtheile unserer Ahnen gehen nicht ver¬
1657 1551 2798 1629 glücken, während doch eigentlich nichts Anderes geschah, als
2803 1564 3291 1623 der Unfallversicherung erh
482 1568 1640 1633 loren. Die erben sich fort. Warum denn nicht auch die
1655 1617 2795 1675 daß sich meine Art zu schauen änderte. Ich klage nicht da¬
2793 1611 3301 1666 diesem Verlangen mit den
477 1609 1641 1687 Stimmungen? Und in manchen Stunden, deren Lust oder
1650 1649 2790 1714 rüber, denn es mußte offenbar so kommen, und nirgends in
2806 1655 3294 1728 der Ausführung entgegen.
489 1656 1641 1713 Weh im Dämmern des Unbegreiflichen verschwimmt, sind
2901 1696 3292 1768 In der morgigen Si
1655 1692 2795 1755 der Welt wäre es mir anders ergangen. Es gibt Leute, die
494 1695 1643 1765 es vielleicht Stimmungen vergangener Jahrhunderte, die
1657 1734 2795 1792 ihre Jugend nie los werden — wie ihr zum Beispiel! Ich
2805 1719 2973 1813 werden.
488 1730 1655 1805 durch unsere Seele gehen; und wir erkennen die Träume
1663 1777 2795 1836 aber gehöre zu Denen, welche eines Morgens aufwachen und
2885 1762 3294 1851 Nachstehend der Beri
486 1784 1644 1862 nicht als die unserer Ahnen. Denn ihre Tugenden und
1658 1823 2796 1885 keine Freude am Spiel mehr finden. Da kommt wohl auch
2888 1829 3279 1886 Berichterstatter Dr. 9#
478 1828 1619 1907 Laster hat man aufgezeichnet — nur selten ihre Träume.“
1660 1864 2800 1924 eine Zeit der Bitterkeit, in der man die Anderen beneidet,
2801 1868 3244 1934 zu denen das Haftpflicht
584 1857 1645 1941 „Mystiker,“ sagté Max, „das verwirrt nur. Unsere
1649 1908 2798 1976 die weiterspielen. Zuerst ist nur das schale Gefühl da, daß
2794 1912 3234 1975 welche sich daraus ergeb
491 1917 1644 1985 Augen müssen wir schärfen, um endlich die Fäden zu sehen,
2805 1957 3262 2008 Führung eines Civilproce
1657 1947 2798 2015 man etwas verloren hat. Ja, man hat die Kinderfreude ver¬
492 1961 1652 2029 welche zwischen den Einzelheiten laufen. Zum Entstehen von
2804 1987 3283 2048 unternehmung fehlen, sich
1662 1994 2797 2053 loren, an Alles so nahe heranzutreten, daß man es berühren
498 1991 1647 2071 Stimmungen ist eine gewisse Müdigkeit der Sinne und der
2806 2032 3297 2081 mageren Vergleiche zufriede
1661 2034 2804 2109 kann. Die Verwandtschaft ist Einem abhauden gekommen,
500 2043 1658 2106 Gedanken nothwendig. Wenn wir stets völlig wach wären,
2805 2064 3246 2116 daß eine der grö
1662 2081 2800 2143 man gehört nicht mehr dazu. Und da ist man eine Zeit¬
498 2085 1659 2171 oder wenn wir uns gar zu jener idealen Wachheit empor¬
2813 2094 3287 2164 Eisenbahnunterne
1657 2127 2800 2179 lang einsam und arm, denn die Einsamkeit findet uns nicht
502 2130 1660 2202 ringen könnten, in welcher alle Sinne vollkommen aufnahms¬
2799 2144 3294 2198 Namen eines getödteten Ar
1667 2160 2799 2234 reif, sie macht uns erst dazu. Dann aber kommt die große
2894 2188 3267 2240 drehen wußte,
492 2165 1659 2237 fähig wären, so gäbe es jene wallenden Schleier nicht, welche
1664 2211 2799 2275 Klarheit. Man läßt einfach seine Sinne die Welt einsaugen.
2806 2203 3238 2280 schädigung von 50 fl. al
512 2220 1661 2294 sich vor die Deutlichkeit der Dinge legen und uns die Töne
1673 2259 2800 2319 Man verzichtet darauf, die hundert Spiele mit der Welt zu
2817 2259 3223 2320 zu 100 und 200 fl. im
497 2274 1105 2350 unserer Stimmungen bringen.“
2810 2300 3225 2355 heiten. Durch die vorlie
1670 2299 2805 2368 spielen, denen ihr die schönen Namen gebt. Ich bin ja noch
596 2300 1655 2377 Es war dunkel geworden. Die Laternen in den Straßen
2805 2341 3265 2399 Bediensteten der österreich
1674 2341 2809 2405 nicht so weit, daß ich gerne darauf verzichte, aber wartet nur
508 2345 1669 2427 waren angezündet. Die Freunde schlugen den Rückweg in die
2808 2386 3222 2435 welcher motorischen Kra
1670 2389 2800 2449 bis meine Sinne sich zur „großen Wachheit“ werden durch¬
503 2410 751 2487 Stadt ein.
2819 2414 3296 2461 sicherungspflicht unterworfen
1663 2428 2803 2507 gerungen haben. Vielleicht kann ich euch dann Dinge er¬
605 2417 1661 2512 „Nein, nein,“ sagte Hans, „ich habe keine Sehnsucht
2814 2459 3303 2514 die Verpflichtung auferlegt,
1678 2479 2810 2546 zählen, die euch staunen machen werden. Ihr wißt ja doch
511 2483 1658 2545 nach Deutlichkeit! In welch einförmiger, unausstehlicher
2805 2496 3197 2563 zahlung aufzuk
1674 2512 2808 2576 im Grunde nur, was ihr zum Leben sagt. Ihr bekommt
2823 2536 3172 2589 nach dem gegenwärt
502 2523 1663 2587 Beleuchtung stände Alles da! Verdrossen wie an einem
1676 2562 2819 2630 Antworten aus der Tiese rnrer Seele und ihr meint, die
2817 2577 3147 2634 durch den Arbeiter
503 2570 1644 2647 Wintertage würden wir durch dieses frostige Dasein eilen.“
2819 2613 3157 2668 leisten, und es w
1677 2609 2123 2687 Welt hat gesprochen.“
595 2609 1668 2688 „Und wer von uns,“ sagte Max, „glauht ihr wohl,
2821 2646 3188 2721 Bezug auf die Eisen!
1757 2654 2808 2727 Die Freunde gingen weiter; der Stadt zu. Sie sprachen
500 2661 1669 2730 hat am meisten Anwartschaft darauf, dieses Räthsel zu lösen,
2906 2688 3225 2749 Die Einbeziehung
1674 2701 2815 2781 eine Weile nichts. Wie sie aber schon dem großen Gewühle
517 2695 1661 2778 in das wir eben jetzt wieder hineinspazieren, und das uns
2812 2711 3300 2784 graphenwesens in die Unfal
504 2751 1667 2802 mit seinen tausend Laternen und mit den beleuchteten Fenstern
1676 2748 2823 2807 nahe waren, in dem alle Worte sich verlieren mußten, da
2820 2764 3153 2820 indem dieselbe in
519 2787 1666 2860 höhnisch entgegenglänzt? — Du, Hans, für den die Lösung
1681 2801 1972 2873 sagte Hans:
2823 2803 3105 2859 sich aber technis
524 2817 1670 2900 des Räthsels aus unbewußten Schmerzen — oder du, Stefan,
2828 2843 3113 2901 schuß mit der 3
1771 2830 2812 2912 „Es ist doch schön, daß wir Alle nie die Wachheit haben
518 2872 1670 2961 für den es aus dem Hauch ferner Zeiten zu kommen scheint
2819 2881 3146 2939 messener Frist ein
1679 2885 2289 2971 werden, die du, Max, ersehnst.“
2823 2914 3317 2978 unterbreitet werden. Der B
529 2914 1673 2984 — oder du, Fritz, der du dich vom gedankenlosen Strome
1772 2928 2811 3011 „Sucht ihr sie denn nicht?“ rief Max aus. „Ihr
2834 2960 3313 3016 minister das Ersuchen, eine
510 2968 1104 3054 mittreiben lassen willst —?“
1685 2969 2820 3052 seid ja doch Alle nicht im Stande, gemächlich euere Freude
2832 2994 3297 3052 es mit diesem Gesetzentwur
610 3001 1671 3077 „Wir Alle eher, als du,“ sagte Stefan, „wenn du
1685 3024 2805 3095 und eure Schmerzen zu genießen. Seid ihr denn zufrieden,
2830 3037 3305 3098 sei, daß er nunmehr bei B
509 3058 1672 3119 wirklich ein so Wacher wärst, als du uns glauben machen
2820 3072 3317 3145 also etwa im Februar, zur
1682 3068 2815 3124 einfach etwas zu lieben oder etwas zu hassen? Ihr sucht nach
2918 3114 3309 3167 Der einzige Punkt, d
521 3104 1671 3181 willst. Aber auch zwischen dir und der Stadt bestehen Be¬
1690 3107 2825 3199 den letzten geheimsten Gründen, sucht nach der Seele
2831 3141 3306 3198 Differenz führte, war die
527 3145 1677 3221 ziehungen. Und zwar andere, als die zwischen dem Schauenden
1686 3165 1936 3233 der Dinge.“
2833 3187 3310 3247 sicherung auf den Werkst
516 3183 1677 3259 und dem Geschauten. Du bist ganz einfach ein Betrogener
1765 3193 2829 3265 „Mag sein,“ sagte Stefan. „Und daher kommt es viel¬
2826 3232 3308 3292 gewerben, insbesondere
517 3227 1686 3297 Wiens und wie es nun schon einmal Betrogene thun, spielst
1683 3245 2830 3324 leicht, daß wir Sehnsucht haben nach dem, was wir besitzen
2832 3273 3309 3325 Nebengewerben. Der
524 3279 1673 3350 du den Kalten und höhnst. Dich hat Wien getäuscht, weil
1742 3291 2678 3374 - und Heimweh, während wir doch zu Hause sind!“
2829 3309 3306 3373 Antrag der Regierung sei
523 3317 1681 3387 du es einmal zu sehr geliebt hast. Du warst berauscht davon.
2284 3329 3323 3423 Arthur Schnitzler. worden, der Referent er
512 3355 1709 3462 Es hat dir so viel gegeben, bedenke doch; — fast den ganzen
