3392 4320
1463 249 1921 355 box 36/6
170 255 1296 375 PanphletsOffarints
842 1017 2494 1118 Ein faustisches Element ist den Fantasiegestalten unseres Dichters eigen. Die
716 1059 2492 1172 Erde umfassen sie mit „klammernden Organen“, die Rätsel des Seins möchten sie
728 1115 2486 1215 ergründen. Dazu braucht er vor allem jene Reife, die das zunehmende Alter
723 1172 2499 1289 beschert. Langsam und allmählig geraten wir nun in jene Sphäre, wo Traum und
720 1244 2492 1337 Wachen ineinanderfließen. „Lebendige Stunden“ ein Auftakt; welche Stunden
723 1294 2496 1401 heissen lebendig? Die, in denen ein Erlebnis sich in seinem Werte zeigt. Und die
726 1362 2486 1464 Mission des Dichters ist es, der Wirklichkeit erhöhten Sinn zu leihen. So sagt der
724 1409 2485 1506 junge Mann zum Freunde seiner toten Mutter und nimmt die verklärte Vision gegen
719 1480 2481 1548 die Tatsachen in Schutz. („Lebendige Stunden“) Schnitzler ist hier sicher gleicher
722 1542 2475 1636 Ansicht und berührt damit das allgemeine Los jedes Künstlers. Er wird von den
722 1596 2483 1700 Menschen, die im grellen Lichte der Tatsachen wandeln, nie ganz verstanden werden,
717 1658 2482 1755 einsam sein ist wohl seine Bestimmung. Der Schmerz darf allerdings nicht bewußt
714 1712 2485 1816 zum Ferment eines Kunstwerkes werden; der Maler in dem Einakter „Die Frau mit dem
711 1760 2480 1880 Dolch“ ist ein Egoist, sonst nichts. Anders steht die Sache, wenn der Schauer des
715 1821 2479 1929 nahenden Todes die Schleier von der Seele zieht. Rademacher will seinem
709 1896 2476 1988 Freunde Weihgast sagen, daß er der arme, Unberühmte, doch die Frau des Be¬
714 1957 2483 2026 rühmten besessen habe. Und zum Schluße die feine Wendung. Er besinnt sich
712 2008 2477 2095 eines Besseren: „Was hat unsereiner mit denen zu schaffen, die morgen noch leben
707 2069 2483 2164 werden?“ Alles kleinliche versinkt vor dem Unerbittlichen, Unwiderruflichen, dem
710 2124 2473 2217 Tode („Literatur“ ist eine köstliche Probe von der lronie unseres Dichters, — so
708 2186 2486 2293 spottet nur einer, der sein Handwerk liebt und versteht). Rademacher resigniert
711 2248 2456 2344 vor seinem Ende, anders der „Puppenspieler“: er glaubt die Ereignisse zu be¬
697 2312 2475 2403 herrschen, der Wahn wird ihm nicht geraubt, doch seine nächste Umgebung weiß,
706 2362 2469 2459 daß er selbst bloß eine Puppe ist im Marionettentheater des Lebens. Schon in die
695 2417 2468 2518 Frühzeit des Schnitzlerischen Schaffens fällt der kühnste Versuch, Spiel und Ernst
692 2466 2475 2578 durcheinander zu bringen; wer kennt und liebt nicht die Groteske „Der grüne
694 2530 2473 2627 Kakadu“? Leben auf der Bühne, Leben auf den Straßen von Paris (Vor Ausbruch
706 2592 2469 2699 der Revolution). Was ein „Irrspiel“ war, zwischen Schein und Sein — so ein
697 2668 2468 2771 Ausdruck Alfred Kerrs — wird Wirklichkeit. Die staatliche Ordnung wankt und
693 2721 2054 2809 ein harmloser Schauspieler wird zum Rächer seiner Gattenehre.
812 2781 2470 2877 War es Schicksal, war es Zufall? könnte man sich hernach fragen. Unter
689 2845 2456 2930 einem augenblicklichen Impulse handelten hier die Menschen, die Masse wider
694 2893 2466 2992 Einzelne und das Unerwartete geschieht. Ein blindes Ungefähr läßt wohl auch den
683 2951 2463 3059 Freiherrn von Leisenbohg sterben („Das Schicksal des Freiherrn von Leisenbohg“)
694 3014 2468 3113 und die Weissagung an dem Leutnant sicher erfüllen („Die Weissagung“). Ja, was
684 3080 2459 3176 ist Zufall, was Bestimmung? Kann das der Sterbliche entscheiden? Hier schwinden
691 3131 2461 3221 die scharfen Grenzlinien und die Ahnungen kommen zu ihrem Rechte. War es die
688 3177 2449 3295 Bestimmung Wehwalds, für die Wünsche und Sehnsuchtsträume der Redegonda
690 3247 2449 3351 zu büßen? Wie sonderbar, daß diese Frau alles erlebt zu haben meint, was sie
680 3316 2453 3384 vergeblich erwünscht. In Schnitzlers Sinne hat Wehwald allerdings eine Schuld
676 3365 2455 3458 auf sich geladen, denn er belog sich und das geliebte Weib um ein herrliches
674 3439 2445 3538 Erlebnis („Das Tagebuch der Redegonda“), mußte Gabriel an seinem Glücke vorbei¬
1499 3517 1629 3600 254
1934 3983 2094 4060 AN
