3392 4320
1459 222 1925 327 box 36/6
247 225 1307 348 Panphlets offorints
1362 714 1980 908 M
865 927 2620 1027 Ganzen zu verbinden. Der Tonfall der Worte wird darum der musikalisch geführten
867 998 2610 1056 Melodie weichen müssen und bloß der strengen Wahrung von Wort- und Satz¬
863 1058 2614 1140 akzent die Hauptaufmerksamkeit zuzuwenden sein. Die Singstimme wieder, der
866 1112 2627 1191 eigenste Träger und das vollkommenste Ausdrucksorgan menschlicher Empfindungen,
867 1191 2626 1249 wird zuweilen mit Rücksicht auf ihre Schwesterkunst in ihrer vollen Entfaltung
868 1241 2624 1311 Einbuße erfahren und diese musikalische Hemmung dann durch das Instrument
869 1304 2624 1370 wieder ausgeglichen werden müssen. Indem so Ton und Wort, Toninhalt und Text¬
871 1367 2617 1422 inhalt, Singstimme und instrumentaler Teil gegenseitig durcheinander bedingt er¬
870 1428 2625 1488 scheinen, indem Dichtung und Musik einander wechselseitig ergänzen, bewußtes
860 1468 2626 1548 Denken und unbewußtes Fühlen ihre Lücken gegenseitig ausfüllen, entsteht jenes
863 1539 2620 1603 einheitlich verschmolzene, Geist und Gemüt in gleicher Weise befriedigende Miniatur¬
865 1593 2636 1663 kunstwerk des Lieder, das von meisterlicher Hand geformt und vom berufenen
865 1651 2617 1726 Künstler zu tönender Darstellung gebracht, das Herz gleich einer Offenbarung er¬
864 1704 2628 1778 greift, die Seele zu neuer Ausdauer stärkt und zu neuen Waffengängen ermutigt.
857 1772 2628 1840 So meint es auch Schumann, wenn er in einer Kritik (über den Liedkomponisten
851 1829 2637 1890 Bernhard Klein) schlicht und schmucklos sagt: „Das Gedicht soll dem Sänger wie
857 1888 2621 1948 eine Braut im Arme liegen, frei, glücklich und ganz. Dann klingt’s wie aus himm¬
863 1936 1234 2035 lischen Fernen.“
845 2079 2626 2175 ARTHUR SCHNITZLERS KUNSTLERISCHE
1384 2169 2106 2262 ENTWICKLUNG.
1230 2240 2266 2339 (EIN KRITISCHER VERSUCH.)
1681 2320 1810 2380 VON
1346 2361 2123 2455 DR. OTTO FRÖHLICH.
2041 2433 2216 2512 Motto:
1812 2494 2486 2575 „Seltsam im Dunkeln zu wandeln.
1801 2552 2324 2616 Leben heisst einsam sein.
1799 2604 2311 2655 Keiner kennt den andern.
1076 2709 2611 2811 it unseren Lieblingsdichtern ergeht es uns seltsam; immer wieder ver¬
1089 2769 2614 2837 fallen wir ihrem Zauber, ohne das, was uns fesselt, in Worte und Begriffe
1082 2833 2612 2918 kleiden zu können. Freilich, sobald man vom Genießer zum ruhigen
960 2862 2623 2950 Betrachter wird, sieht man den Poeten und sein Werk in verändertem
862 2956 2626 3023 Lichte; nicht, was er uns persönlich bedeutet, dünkt uns wichtig, sondern danach
857 3016 2612 3094 fragen wir, was er der kommenden Generation sein wird. Jeder echte Künstler
852 3063 2616 3131 trägt sein Teil zur Gestaltung des Weltbildes bei; sein eigenes Ich verblaßt, die
859 3126 2612 3192 Ideen behalten ihre Macht. Arthur Schnitzler! ein Name, mit dem jeden Öster¬
858 3185 2624 3261 reicher Erinnerungen verknüpfen, ein Name, der für unsere Heimat wesentlich
858 3250 2616 3311 geworden ist. Die künstlerische Entwickelung dieses Dichters ist gewiß noch nicht
849 3318 2622 3371 abgeschlossen. Ein Höhepunkt scheint erreicht, von dem aus man Rückschau
853 3361 2641 3462 halten darf. Die „Komödie der Worte“ hat er uns jüngst geschenkt. Versuchen
1672 3451 1803 3530 250
