3392 4320
1455 254 1910 352 box 36/6
230 249 1296 378 Panphlets offorints
754 988 2514 1132 Typus vor unseren Augen: der lächelnde Melancholiker Anatol. Dem schien es
756 1089 2518 1181 am Besten, die Schönheit jedes Erlebnisses auszukosten. Und was hieß ihm
753 1136 2517 1262 Erlebnis? Die Liebe in ihrer ungezwungensten Form; es galt, das Leben voll zu
748 1209 2519 1321 erfassen, zu geniessen und schöne Erinnerungen heimzutragen. Keine düsteren
757 1279 2511 1382 Gedanken! Wie ein weicher, wiegender Walzer verklingt, soll eine Liebesstunde
753 1335 2515 1434 vergehen und eine süsse Wehmut ins Herz senken. Ist auch alles vergänglich, der
757 1392 2519 1489 Augenblick des Glückes bleibt unverloren. Gewiß; selbst Anatol ist vom
746 1444 2515 1534 Skeptizismus nicht frei, die Treue seiner Geliebten zweifelt er an und will an Cora
755 1503 2519 1590 in der Hypnose die inhaltsschwere Frage an das „Schicksal“ stellen, ob sie ihm
751 1584 2209 1662 allein angehöre; er unterläßt es und bewahrt sich die holde Illusion.
867 1618 2502 1725 Mancherlei ist in dem Erstling enthalten, was uns den Dichter erkennen lehrt.
750 1676 2509 1786 Der Wirklichkeitssinn war in allen seinen Zeitgenossen lebendig; doch welche
737 1753 2502 1825 Kluft trennt dieses graziöse Werkchen beispielsweise von Hauptmanns „Vor Sonnen¬
743 1814 2510 1907 aufgang“! Realisten sind beide; während aber der Schlesier vor allem die Wahrheit
733 1849 2502 1953 sucht, sei es auch auf Kosten der Schönheit, will der Wiener nur die Wahrheit
747 1941 2516 1997 sagen, wenn er es in schöner Form tun kann. Der eine wurzelt mit seinem Wesen
733 1988 2506 2076 in einer Scholle, der jeder Ertrag mühselig abgerungen werden muß, der andere
741 2025 2502 2149 bewegt sich auf einem Boden jahrzehntelanger Kultur und mag den Wohlstand
734 2109 2498 2196 die stimmungsvolle Umgebung nicht missen. Stimmung! Eines jener Worte die
734 2160 2501 2270 man nicht definiert, nur empfindet. Und sie gedeiht sicher dort am schönsten, wo
739 2218 2500 2315 der Genius der Musik heimisch ist, wie in der Donauresidenz. Wo Luxus Bedürfnis
742 2273 2490 2383 ist, wird man sich schon aus Gründen der Wohlerzogenheit scheuen, Gefühle
729 2326 2487 2444 brutal zu äußern. „Die Helden“ Schnitziers sind Feinschmecker der Liebe, Fein¬
725 2404 2500 2490 schmecker und vielleicht deshalb Skeptiker. Anatol ist der erste in einer langen
736 2450 2506 2565 Reihe. Sein Gefährte Fritz in der „Liebelei“ ist bereits ein Grübler und kennt
735 2517 2497 2617 keinen rechten Genuß mehr. Die Beziehungen zu einer verheirateten Frau quälen
736 2570 2499 2679 ihn, im Zusammensein mit Christine nennt er die Liebesstunde eine Lügnerin, sein
732 2636 2499 2721 Leben läßt er, weil ihm die Konvention das Duell gebietet, zu einer entscheidenden
737 2702 2493 2792 Tat fehlt ihm die Kraft. Der Meister Zyprian („Paracelsus“) ist zwar Fritzens voll¬
730 2750 2495 2851 kommenes Gegenstück, doch der Dichter rückt den Hexenkünstler Paracelsus
726 2813 2489 2911 geflissentlich in den Vordergrund; durch ihn wird das geheimste Wünschen der
732 2875 2499 2987 tugendsamen Ehefrau enthüllt: Sie gesteht im Halbschlaf ihre Neigung zu einem
724 2928 1154 3004 schmucken junker.
847 3000 2493 3094 Wieder das Fragen und Suchen nach den Regungen der Seele wie bei
724 3060 2469 3140 Anatol. Wir entdecken bereits die zweite Komponente in Schnitzlers Schaffen:
719 3106 2473 3209 zunächst eine heiße Sehnsucht nach dem Erlebnisse an sich („Anatol“ und „Liebelei“),
723 3190 2484 3264 dann das Verlangen in die Psyche des geliebten Wesens einzudringen (Frage an
724 3239 2480 3302 das Schicksal, Paracelsus). Nun beginnen Variationen beider Themen: der Mann
719 3294 2482 3378 kann die Geliebte nicht vergessen („Blumen“), verleugnet sie (Ein Abschied, „Die
715 3349 2485 3440 Gefährtin“); die Frau handelt ebenso („Frau des Weisen, die Toten schweigen“).
705 3410 2494 3488 Die feine lronie Schnitzlers spürt man, wenn ein Hahnrei die Treue seiner Gattin
709 3480 2198 3574 durch Selbstmord beweisen will („Andräas Thameyers letzter Brief“).
1534 3560 1664 3648 252
