3392 4352
439 151 514 221 R
255 159 762 253 11.igen
960 145 1368 239 box 17/6
807 798 976 881 Seite 8
1433 790 1751 886 Wien, Samstag
768 888 1903 942 genommen werden. Zuständig zur Erteilung einer
781 936 1896 989 Aufführungsbewilligung und zur Zurück¬
778 982 1894 1026 nahme der Bewilligung ist somit der Statthalter.
770 1019 1897 1066 Nach dem neuen Bundesverfassungsgesetze ist an Stelle des
772 1062 1903 1117 Statthalters der Landeshauptmann getreten. Das
768 1104 1902 1157 Verbot des Bundesministers für Inneres und Unterricht greift
772 1151 1900 1206 also in die Kompetenz des Landeshauptmannes ein. Ich stelle
769 1190 1891 1251 daher den Antrag: Der Herr Bürgermeister als Landeshaupt¬
764 1236 1885 1290 mann wolle die Autonomie des Landes Wien gegen
765 1272 1894 1333 jedweden Eingriff der Bundesregierung energisch wahren.
861 1321 1890 1387 Gemeinderätin Frau Dr. Seitz=Motzko begleitet die
764 1361 1889 1427 Verlesung dieses Dringlichkeitsantrages mit lebhaften Pfuirufen
764 1416 1895 1471 und fängt auch kurze Zeit mit ihrer Pultlade zu klopfen an.
775 1453 1883 1517 Auch andere Mitglieder der Minorität begleiten die Verlesung
768 1495 1270 1558 mit lebhaften Zwischenrufen.
840 1545 1887 1604 Gemeinderat Speiser führt in Begründung seines Dring¬
757 1576 1890 1637 lichkeitsantrages aus: Das Verbot des Bundesministers für
760 1628 1894 1684 Inneres und Unterricht stellt den ersten Versuch eines
754 1669 1882 1721 Eingriffes in die Autonomie des Landes Wien
752 1710 1823 1781 dar. Der Gegenstand, an dem sich dieser Eingriff vollzieht,
766 1751 1797 1804 eigentlich für meinen Dringlichkeitsantrag ohne Belang.
1798 1759 1880 1808 Es
761 1794 1885 1851 handelt sich durchaus nicht darum, daß sich etwa der Wiener
748 1838 1880 1897 Landtag als eine Stelle für Theaterkritik auftue. Aber es ist be¬
758 1874 1880 1943 kannt, daß meine Partei durch lange Zeit dafür gekämpft hat,
761 1917 1876 1977 daß die Bundesverfassung der Republik Oesterreich nach zentra¬
753 1959 1879 2021 listischen Prinzipien eingerichtet werde. Wir mußten uns schließ¬
748 1999 1891 2065 lich fügen und der autonomistischen Gestaltung der Republik
767 2047 1876 2096 unsere Zustimmung geben; wir werden nicht zugeben, daß ein
752 2082 1885 2137 Bundesminister die Rechte dieses freien und autonomen Landes
750 2129 1884 2188 und seines Landeshauptmannes einfach wegeskamotiert. Niemals
760 2166 1886 2224 hätte es dieser Herr Bundesminister gewagt, etwa mit dem Herrn
760 2210 1882 2268 Landeshauptmann von Vorarlberg oder Tirol so zu verfahren, wie
760 2255 1878 2312 er es sich gegenüber dem Herrn Landeshauptmann von Wien
753 2292 1882 2346 herausnimmt. Ich bin überzeugt, daß uns der Herr Bürger¬
756 2343 1882 2388 meister als Landeshauptmann beruhigende Auskünfte darüber
755 2382 1890 2423 geben wird, was er zur Wahrung seiner Rechte und der Rechte
757 2418 1885 2479 des Landes Wien zu tun gedenkt. Ich gebe aber auch der Hoff¬
753 2463 1883 2513 nung Ausdruck, daß sich der gesamte Wiener Landtag in dieser
751 2502 1886 2564 grundlegenden Frage der Verteidigung der autonomen Rechte des
751 2545 1887 2605 freien Landes Wien hinter unseren Landeshauptmann stellen wird.
832 2588 1875 2650 Gemeinderätin Dr. Seitz=Motzko (christlichsozial) erklärt
758 2631 1884 2695 uuter großer Unruhe, daß der Landeshauptmann von Wien sich
754 2674 1882 2736 schwer gegen das Volk von Wien versündigt habe. Es ist ge¬
753 2710 1882 2772 radezu unglaublich, daß dieses Stück, „Der Reigen“, das nichts
759 2764 1879 2812 anderes ist als eine Konzession an die Gailheit eines auswärtigen
756 2798 1877 2863 Schiebertums, in Wien aufgeführt werden dürfe und daß entgegen
759 2847 1874 2899 allen Einsprachen der Bürgermeister von Wien als Landeshaupt¬
760 2894 1878 2951 mann ein derartiges Stück schützt. Wir erheben flammenden
757 2924 1883 2993 Protest gegen dieses Vorgehen, das die Würde und die Ehre
759 2972 1882 3027 deutscher Frauen auf das tiefste verletzt. Wir Frauen von Wien
756 3013 1877 3075 begrüßen es von ganzem Herzen, daß die Regierung den Mut
755 3060 1871 3110 gehabt hat, diesem Skandal Einhalt zu bieten und wir verlangen
753 3103 1879 3148 vom Landeshauptmann, daß er sein Verhalten hier rechtfertige.
748 3137 1876 3198 (Fortgesetzte stürmische Zwischenrufe der Sozialdemokraten, aus
760 3187 1867 3242 denen man immer wieder die Worte heraushört: Melbinger¬
749 3216 1872 3286 Moral! Hier handelt es sich um die Verteidigung der Autonomie.)
751 3260 1876 3320 Der Landeshauptmann wird sich hier rechtfertigen müssen, wie er
757 3302 1881 3355 dazugekommen ist, dem ganzen Volke von Wien Trotz zu bieten.
753 3342 1872 3402 (Mit erhobener Stimme:) Hüten Sie sich und spielen Sie nicht
749 3385 1867 3459 mit dem Aeußersten. Es gibt eine Gewalt, die sich stärker erweisen
744 3423 984 3483 wird als Sie.
832 3450 1878 3520 Nachdem Gemeinderätin Motzko ihre Rede geschlossen, ent¬
752 3489 1865 3569 steht un den Bänken der Christlichsozialen ein heftiger Meinungs¬
753 3549 1872 3601 austausch zwischen der Gemeinderätin Kramer und einigen
751 3583 1873 3647 christlichsozialen Gemeinderätinnen, die ihr zurufen: „Pfui Teufel,
747 3630 1879 3689 das will eine Lehrerin sein, schämen Sie sich, den Schmutz für das
741 3666 1215 3728 Dirnentum zu verteidigen“
825 3710 1873 3768 Gemeinderat Kunschak (christlichsozial) beginnt seine
744 3752 1872 3820 Rede unter heftigen und lauten Zwischenrufen und meint, daß
746 3805 1878 3852 es bezeichnend sei, daß die Aufführung eines Schaustückes, das Sau¬
754 3842 1872 3912 tück genant werden könne, Anlaß zu Weiterungen zwischen den
759 3887 1874 3946 Parteien geben kann. Nicht nur die Bevölkerung Wiens, sondern
741 3938 1879 3995 auch die Bevölkerung anderer Städte und auch die Bevölkerung
745 3973 1881 4037 des Deutschen Reiches haben die Aufführung des „Reigen“ ab¬
746 4026 1870 4086 gelehnt. Wenn schon der Friedensvertrag den Anschluß Oester¬
752 4070 1880 4122 reichs an das Deutsche Reich untersage, so sei doch nicht ver¬
744 4100 1867 4156 boten, daß sich Oesterreich in sittlicher und kultureller Beziehung
2177 807 2831 869 Neue Freie Presse.
2020 882 3063 954 Landeshauptmann Reumann: Ich stehe auf dem
1941 926 3057 992 Standpunkt, daß jeder einzelne berufen ist dazu, das Ver¬
1942 983 3050 1040 fassungsrecht der Stadt Wien nicht schänden zu lassen, und das
1931 1024 3053 1078 würde geschehen, wenn man einer Vorschrift zustimmen würde,
1931 1065 3057 1120 die von einem Mann gegeben wird, der nichts zu diktieren hat.
1935 1096 3054 1161 (Rufe bei den Sozialdemokraten: Sehr richtig!) Ich habe also
1939 1152 3059 1212 keine Ursache, mich zum Bedienten des Herrn
1938 1191 3046 1242 Glanz herabzuwürdigen. (Rufe bei den Sozial¬
1936 1237 3045 1280 demokraten: Bravo! Sehr richtig!) Ich habe, gestützt auf die
1936 1274 3050 1333 staatliche Verordnung vom November 1850, dem Herrn Glanz
1941 1320 3054 1374 ereits einmal gesagt, daß ich seinem Gebote nicht Folge leisten
1938 1363 3050 1412 wverde. Herr Glanz hat mir in beispielloser Ueberhebung einen
1943 1399 3050 1458 Erlaß zugesandt, in dem er am Schlusse verlangt, daß ich die
1937 1442 3053 1493 Aufführungsbewilligung des „Reigen außer Kraft setze. Hiezu
1933 1488 3044 1535 hat Herr Glanz kein Recht und man kann auch einer solchen
1930 1532 3051 1584 Rechtsbeugung nie zustimmen. Ich habe dem Herrn Glanz
1943 1573 3050 1628 olgende Antwort erteilt: „Durch Bericht seitens der Magistrats¬
1925 1618 3042 1675 abteilung 55 bin ich in Kenntnis gesetzt worden, daß mit dem an
1935 1650 3046 1702 diese gerichteten Erlaß des Bundesministeriums für Inneres
1935 1696 3059 1753 ind Unterricht vom 10. Februar 1921 die mit ihrer Ent¬
1938 1741 3052 1795 cheidung erteilte Aufführungsbewilligung für das Bühnenwerk
1929 1787 3054 1836 „Reigen von Artur Schnitzler außer Kraft gesetzt und die
1923 1820 3046 1865 weitere Aufführung untersagt wurde. Nach der Theaterver¬
1926 1863 3052 1911 ordnung vom 14. November 1850 bedarf jede Bühnenproduktion
1926 1908 3052 1965 vor ihrer ersten Darstellung der Aufführungsbewilligung von
1943 1947 3049 2004 eiten des Statthalters. Nach § 5 kann die erteilte Bewilligung
1927 1997 3048 2045 aus Beweggründen der öffentlichen Ordnung jederzeit zurück¬
1929 2033 3038 2085 genommen werden. Nach § 7 steht dem Theaterunternehmer
1920 2080 3051 2133 gegen die Entscheidung des Statthalters der Rekurs an den
1931 2115 3041 2164 Minister des Innern zu. Aus diesen gesetzlichen Bestimmungen
1928 2158 3046 2213 geht hervor, daß die Untersagung der weiteren
1927 2194 3052 2249 Aufführung obbezeichneten Bühnenwerkes nicht vom
1924 2238 3050 2301 Bundesministerium für Inneres und Unterricht aus¬
1927 2286 3047 2331 gehen kann. Die Magistratsabteilung 55 wurde von mir be¬
1927 2325 3054 2382 auftragt, mit der exekutiven Durchführung des
1921 2367 3046 2414 amtlichen Erlasses im Wege der Polizeidirektion
1922 2404 3049 2467 innezuhalten. An Stelle des Statthalters ist nun nach
1924 2447 3052 2499 den Verfassungsgesetzen der Landeshauptmann von Wien ge¬
1934 2488 3054 2537 reten. Ich werde als Landeshauptmann von dem mir zustehenden
1925 2529 3048 2579 Rechte um kein Jota abweichen. (Lebhafte Zustimmung bei den
1927 2572 3051 2634 Sozialdemokraten. Gegenrufe bei den Christlichsozialen.) Das ist
1927 2614 3001 2669 die Entscheidung, und nun soll Herr Glanz das Gesetz verletzen.
2014 2656 3040 2709 Gegen Schluß der Rede des Landeshauptmannes, die zum
1921 2691 3050 2754 großen Teile von Zwischenrufen der christlichsozialen Gemeinderäte
1926 2753 2924 2807 begleitet war, steigern sich die Gegenrufe immer mehr.
2932 2748 3042 2797 Die
1924 2777 3044 2838 Sozialdemokraten applaudierten dem Bürgermeister am Schlusse
1939 2827 3048 2876 einer Rede lebhaft. Es werden Rufe laut: Nieder mit der Re¬
1918 2870 2345 2924 gierung! Abzug Glanz!
1990 2887 3047 2968 Gemeinderat Kunschak (christlichsozial): Der Herr Landes¬
1922 2944 3045 3010 hauptmann hat als stärkstes Argument zum Schutze der Ehre
1924 2996 3045 3051 der Gemeinde Wien es nicht gegen seinen Geschmack gefunden,
1916 3040 3049 3091 auf einen Fall zu verweisen, der sich vor einem Vierteljahr¬
1921 3078 3049 3126 hundert in Wien ereignet hat und in dem er einen Mann
1916 3127 3050 3175 genannt hat, über dessen Leib schon seit 15 Jahren der Rasen
1921 3162 3048 3208 liegt. Der Herr Landeshauptmann hat es mit seinem Geschmack
1921 3206 3040 3260 vereinbarlich gefunden, dies Argument zu gebrauchen, obwohl
1925 3245 3043 3296 er wissen mußte, daß der Mann, der das erstemal dieses Argument
1925 3292 3046 3345 gegen den verstorbenen Abgeordneten Gregorig gebrauchte, vor
1927 3327 3039 3374 em Gerichte in Wien als Verleumder mit mehrmonatiger
1921 3368 3040 3415 Kerkerstrafe bestraft wurde. (Lebhafte Pfuirufe und Rufe: So
1913 3409 3036 3456 ein Landeshauptmann, Leichenschändung ist das! bei den Christ¬
1913 3448 3048 3498 lichsozialen.) Ich habe dieser Feststellung nichts hinzuzufügen
1924 3488 3049 3544 und überlasse es dem Herrn Landeshauptmann, sich selbst darüber
1913 3529 3045 3575 ein Urteil zu bilden, wie ein Mann sich erniedrigt, der in solcher
1904 3569 3046 3619 Stellung von so niedrigen Mitteln Gebrauch macht. (Lebhafter
1937 3611 2864 3664 eifall und Händeklatschen bei den Christlichsozialen.)
2003 3649 3040 3705 Der Antrag des Abgeordneten Kunschak wird sodann
1913 3694 3035 3755 von der Mehrheit abgelehnt, der Antrag Speiser mit
1921 3738 3056 3782 genügender Mehrheit der geschäftsordnungsmäßigen
1919 3772 2433 3853 Behandlung zugewiesen.
2721 3842 2768 3905 —
2809 3829 3116 3918 „ „  11
