3392 4320
946 107 1358 192 box 18/1
449 116 513 179 R
248 113 761 213 11. Ligen
392 479 1209 676 Klose & Seidel
416 623 1191 755 Bureau für Zeitungsausschnitte
422 694 1192 805 Berlin HO. 43, Georgenkirchplatz 21
1029 869 1071 951 52
409 965 602 1048 Zeitung:
932 998 1113 1111 erl
405 1070 536 1156 Ort:
638 1117 1250 1206 15. SLL.1920 —
418 1179 681 1262 Datum: —
460 1307 1210 1383 Arthur Schnitzlers „Reigen“.
575 1374 1091 1456 Kleines Schauspielhaus.
465 1436 1256 1505 Vertrud Eysoldts Ausführungen über das
410 1469 1259 1545 Verbot der Vorstellung, worüber bereits gestern
411 1528 1251 1583 besicktet worden ist, wurden von lebhaften Bei¬
405 1569 1258 1621 fallcußerungen begleitet, die sich am Schluß zu
410 1612 881 1660 Sympathiekundgebungen
879 1608 1255 1655 stürmisch steigerten.
413 1642 1257 1698 Dieser Beifall übertrug sich auch auf Schnitzlers
421 1690 1255 1738 eichtgefügtes Werkchen. Anno 1897 geschrieben,
415 1722 1255 1775 hat die Dialogserie — eine Delikatesse für den
411 1763 1250 1806 nicht zimperlichen Feinschmecker — im kaiserlichen
410 1800 1251 1852 Deutschland der Oeffentlichkeit nicht einmal durch
416 1838 1254 1884 den Druck zugänglich gemacht werden dürfen.
408 1877 1249 1927 Dem Zensor und dem Staatsanwalt galten die
410 1921 1248 1969 zehn Dialoge, die die sinnlichen Triebe der mensch¬
403 1958 1260 2001 lichen Natur bloßlegen, für unsittlich. Unsittlich!
463 1998 1255 2044 Je nun, was ist unsittlich! Unsittlich kann
415 2026 1259 2088 auch ein Augenzwinkern, ein faunisches Lächeln
417 2067 1249 2121 sein. Aber wenn die erotische Materie so fein,
422 2111 1248 2165 o zart, auf so künstlerische Art angesaßt wird.
417 2133 1258 2199 wie in Schnitzlers Skizzen, dann verkriecht sich
417 2182 1249 2233 das Bewußtsein, daß da droben auf der Bühne
409 2226 1262 2275 und im gedruckten Buch die heikelsten, geschlecht¬
418 2265 1256 2303 lichen Dinge behandelt werden. Das ungemin¬
410 2303 1264 2345 derte Interesse, das der Aufführung, die unter
418 2344 1258 2387 der behutsamen Regie von Hubert Reusch den
411 2385 1251 2434 geistigen Gehalt hervorhob, entgegengebracht
414 2423 1255 2469 wurde, galt denn auch entschieden nicht so sehr
415 2454 1250 2509 den erotischen Situationen, wie der guten Laune
421 2497 1253 2560 und dem kichernden Humor des Wiener Bocaccio¬
414 2534 591 2592 Epigonen.
480 2564 1266 2626 Im Gegensatz zu Strindlerg, der am Weibe
411 2598 1255 2660 litt, gibt Schnitzler, der am Weibe sich erfreut,
422 2652 1258 2694 statt der Leidens=, Liebesstationen. Und um die
415 2694 1249 2732 Liebe mit ihrer sexuellen Schlußpointe aus¬
420 2725 1252 2775 giebig zu illustrieren, zieht er die verschieden¬
436 2765 1258 2808 ten Gesellschaftsschichten in das Bereich seiner
844 2802 1248 2862 Zum Liebesreigen
411 2805 843 2866 Zehn=Bilder=Plauderei.
409 2853 1241 2905 treten an, sich wechselseitig umschlingend, Dame,
415 2896 1109 2955 Soldat, Stubenmädchen, junger Herr,
1142 2898 1253 2948 junge
408 2917 1242 2985 Frau, Ehemann und süßes Mädel, Dichter,
413 2973 1257 3030 Schauspielerin, Graf.- Und der Graf schließt
397 3006 844 3055 die Kette mit der Dirne.
452 3040 1251 3102 In einem ihrer originellsten Romane, „Lu¬
400 3089 1244 3140 cretia Floriani“, schildert George Sand, eine
409 3124 1250 3171 unverheiratete Frau, die ihre Keuschheit be¬
405 3161 1255 3209 wahrt hat, trotzdem sie vier Kinder von dret
406 3205 1248 3254 verschiedenen Männern geboren. Nun wohl,
404 3239 1249 3288 man — nicht jedermann — kann diese zehn
410 3274 1238 3332 Schnitzlerschen Dialoge mit ihren eleichmäßig
400 3314 1246 3375 verlaufenden zehn Ausgängen sehen, ohne sich
399 3351 1108 3406 in seiner Sittlichkeit verletzt zu fühlen.
451 3385 1241 3449 Das hat wohl auch der Vertreter der klagen¬
401 3405 1248 3478 den Partei, der „Hochschule für Musik“, emp¬
400 3464 1240 3508 funden und den Einspruch gegen die Auffüh¬
399 3507 1245 3557 rung, bei der nur die verdeutlichende Musik
400 3540 1243 3613 störte, klüglich zurückgezogen. Er tat gut
403 3578 511 3625 daran.
455 3617 1243 3672 Die verschiedenen Typen wurden von den
399 3635 1244 3720 Schauspielern scharf umrissen. Else Bärk und
392 3691 999 3751 Leuis Ralph, Kurt Götz
1006 3699 1241 3752 und Viktor
389 3728 1242 3784 Schwanneke bewegten sich leicht und sicher
387 3773 1243 3822 auf dem gefährlichen Boden der Erotik. Süß in
390 3805 1243 3864 der Tat Poldi Müllers „süßes Mädel“ und
387 3844 1240 3900 recht belustigend in ihrer sacht parodistischen
393 3880 1238 3955 Art der komödiantischen Schauspielerin Blenche
382 3915 582 3981 Dergan.
1074 3914 1284 4003 J. Kn.
1665 1104 2797 1187 # um ScwitzlensReigen“. Zu den Grör###ngen über
1605 1163 2795 1238 die Aufführung von Schniplers „Reigen“ wird uns vom Direktor
1607 1206 2461 1271 der Hochschule für Kunst und Musik mitgeteilt:
1668 1258 2804 1327 „Bei Erwirkung der einstweiligen gerichtlichen Vorfügung, nach
1607 1295 2785 1366 der die Aufführungen untersagt wurden, waren lediglich die Inter¬
1610 1345 2800 1402 essen der mir anvertrauten Anstalt maßgebend. Der Charakter des
1609 1383 2793 1448 Hauses als öffentliches Schulgebäude ist im Vertrag mit Frau
1612 1427 2790 1501 Eysoldt besonders berücksichtigt, da die im § 1 enthaltene Bedingung
1602 1466 2785 1541 des Vertrages Stücke ausschlioßt, die in sittlicher, religiöser, politi¬
1615 1510 2797 1582 cher oder künstlerischer Hinsicht Anstoß erregen. Dazu hat Frau
1599 1555 2778 1627 Eysoldt bei Verhandlungen über den Vertrag, als es sich um dessen
1604 1597 2790 1666 Anerkennung handelte, wiederholt und feierlichst zugesichert, daß
1609 1641 2777 1699 ihre Direktionsführung aus dem Theater eine sittliche und künst¬
1601 1683 2784 1750 lerische Erziehungsstätte ersten Ranges schaffen würde, deren
1595 1720 2774 1796 Leitung nicht nur für die Studierenden der Musithochschule,
1607 1770 2775 1838 sondern für die gesamte Jugend vorbildlich werden würde. Nur
1606 1809 2688 1886 o ließen sich die für das Theater ungewöhnlich günstigen
2690 1823 2773 1882 Ver¬
1607 1857 2695 1923 ragsbedingungen rechtfertigen. Frau Ensoldt hat denn auch
1598 1896 2706 1964 Studierenden der Musikhochschule ermäßigte Einteittskarten
2713 1912 2770 1961 be¬
1601 1947 2769 2015 willigt. Tatsächlich ergab sich, daß für die Direktionsführung im
1593 1982 2774 2050 Gegensatz zu den gemachten Zusicherungen geschäftliche Tendenzen
1585 2034 2777 2104 maßgebend waren und sind. Diesen Tendenzen gegenüber habe ich
1594 2075 2783 2141 pflichtgemäß mein Haus und Vertragsrecht und die Schulinteressen
1596 2118 2775 2185 gewahrt, wie ich das auch weiterhin tun werde. Mit Zenfur und
1598 2158 2555 2223 Polizeimaßnahmen hat mein Vorgehen nichts zu tun.“
1637 2201 2771 2254 Wir können nicht finden, daß durch diese Erklärung das Vor¬
1584 2237 2776 2311 gehen des Direktors der Hochschule irgendwie entschuldigt wird.
1590 2288 2767 2349 Die Erwirkung einer gerichtlichen Verfügung gegen die Auf¬
1592 2328 2766 2397 führung eines Stückes unter der Begründung der Unzüchtigkeit ist
1585 2375 2762 2440 von Zenfur und Polizeimaßnahmen gegen Kunst denn doch nicht
1592 2413 2763 2477 sehr verschieden, besonders dann nicht, wann es sich also um ein ehr¬
1586 2458 2774 2530 liches Vorgehen handelke, und nicht etwa die Unzüchtigkeit nur als
1584 2502 2764 2580 willkommener Vorwand gebraucht wurde, um einen unbequemen
1580 2541 1942 2597 Mieter loszuwerden.
1630 2585 1706 2638 N
1714 2591 2753 2659 Kleine Mitteilungen. Martä Jerber spricht am 31. De¬
1585 2621 2760 2694 zember im Künstlerhaus: Pikante Geschichten lustige Verse Satiren von
1588 2662 2756 2719 Andersen. Busch, Morgenstern, Godwin, Schäfer. Altenberg. — Der
1590 2697 2758 2759 Justitiar der staatlichen Stelle für Naturdenkmalpflege, Landgerichtsrat
1583 2724 2757 2788 Dr. B. Wolf, läßt in den von Geh. Rat Conwentz herausgegebenen
1593 2762 2751 2825 Beiträgen zur Naturdenkmalpflege“ die erste Darstllung des Rechte der
1577 2793 2056 2837 Naturdenkmalpflege erscheinen
2080 2804 2113 2838 —
2153 2801 2751 2850 Als Weihnacktaabe albt das Anti¬
1572 2831 2740 2882 quariat Paul Graupe ein hübsch ausgestattetes Büchlein von G A. E
1574 2859 2720 2920 Bogena „Berühmte Erstbrucke“ heraus — „Das Prakat
1583 2890 2747 2956 Zeitschrift für Kunst und Kultur in der Reklame veranstaltet ankäßlich
1574 2927 2741 2988 des 15jährigen Bestehens des Vereins der Plakatfreunde E. V. einen
1572 2956 2756 3037 Wettbewerb für gute Aufsätze und setzt 10000 Mark an Preisen aus.
2442 3014 2726 3150 12.1920
1902 3098 2513 3237 ANER TAGBLAT
