3336 4352
537 412 1776 492 Sittlichkeit als normgebend aufzutrumpfen und sie mit Lebensfragen
543 470 1673 540 der Kunst und Dichtung in ungehöriger Weise zu vermengen?
636 528 1781 595 Ich gestehe, daß ich hierfür keinen Sinn habe und mich niemals
536 569 1782 651 an staatsanwaltliche Meinungen und Sprüche über Literatur und
548 617 1776 689 Kunst und höhere Menschlichkeit kehren werde, so wenig wie ich Lust
550 679 1770 741 habe, bei den Priestern zu erfragen, was Sittlichkeit und vornehm
544 732 1771 795 Gesinnung sei. Wer innerhalb der ästhetischen Kultur steht, die un¬
550 770 1775 844 endlich mehr ist als vage, modische Schöngeister sich träumen lassen,
540 826 1093 890 wird mir nicht Unrecht geben.
640 878 1788 942 Hat man den jüngsten Simplicissimusprozeß in München gegen
557 917 1780 987 Theodor Thomas Heine genau verfolgt? Hat man die Reden des
560 964 1784 1030 Staatsanwalts, des Verteidigers, der Sachverständigen und schließlich
544 1018 1783 1081 die richterliche Begründung des Urteils gewissenhaft auf ihren Gehalt
545 1067 1791 1128 an echter Kulturweisheit und Kulturkraft verglichen unter Ausscheidung
543 1106 1787 1179 aller gewohnheitsmäßigen Phrasen und tauben Formeln? Wohlan,
558 1159 1788 1231 so wird man aufs neue bestätigt gesehen haben, was von der Rolle
544 1212 1777 1273 des Herrn Staatsanwalts in der ästhetischen Kultur eines so hoch¬
551 1256 1438 1332 stehenden Volkes wie des deutschen zu halten ist.
649 1309 1786 1377 „Es erben sich Gesetz und Rechte wie eine ewige Krankheit
543 1362 1785 1448 fort.“ Darum sind weite Kulturgebiete heute noch nichts anderes als
559 1405 1600 1477 „übertünchte“ Gräber und „gebildete“ drapierte Barbarei.
655 1461 1785 1519 Und nun wollen wir den Nagel für den nächsten Denunzianten
558 1517 1792 1575 bereit halten und uns nicht länger mit Herrn Törnsee beschäftigen.
550 1568 1796 1625 Gesegnet sei die Zeit, wo man die armen Schächer gleich zu den
555 1599 1785 1666 alten Sündenböcken in die Wüste jagt, weil man in den blühenden
551 1656 1786 1718 Gefilden der Kultur ringsum für solche Jammergestalten nichts mehr
1448 1698 1754 1768 M. G. Conrad.
551 1711 739 1775 übrig hat.
645 1753 1787 1831 Rainer Maria Kilke als Kunstschriftsteller. Rainer Maria Rilke,
558 1824 1789 1872 der Troubadour der Mädchen und Abendröten, der Sänger vom
558 1857 1789 1926 tieferen Sinn der Dinge, ist nicht in dem Sinne Fachmann, daß er
559 1907 1793 1972 uns Autoritatives und Stichhaltiges über die Gegenstände bieten
551 1950 1788 2024 könnte, die er als Kunstschriftsteller behandelt. Aber er ist auch
552 2004 1793 2078 durchaus nicht in dem bösen Sinne kritischer Dilettant, daß er nur
557 2067 1799 2128 Wertloses, d. i Subjektives und Empfindungsmäßiges mitteilte.
553 2100 1790 2180 Freilich gibt es Literaten genug, die im Gehen und Stehen Be¬
563 2157 1804 2226 sprechungen von Kunstwerken und dgl. aus dem Aermel schütteln;
569 2200 1794 2276 sie erlassen einfach einen Steckbrief hinter der Gänsehaut, die ihnen
564 2248 1801 2316 während des Genusses vor diesem oder jenem „merveilleusen“ Blatt
568 2297 1800 2377 über den Rücken schnurrte, oder hinter den Zuckungen ihres Herzens
569 2347 1794 2424 und des sonstigen Gekröses und damit gut Rilkes Anregungen
567 2394 1793 2470 gehen dagegen durchaus redlich aus dem Objekt hervor. Dadurch
564 2455 1804 2515 unterscheidet sich seine Arbeit von einem sterilen Beschwätzen. Von
574 2498 1802 2563 einer fachmännischen Leistung aber unterscheidet sie sich dadurch,
566 2545 1731 2622 daß er seinen Gegenstand nicht fest in die Hand nimmt, sondern
568 2599 1741 2668 nur Mühe gibt, ihn zu Worte kommen zu lassen. Das Objekt!
563 2652 1781 2718 er einfach reden, er macht es deutlich und arbeitet seine Ei##a.
572 2694 1797 2763 möglichst erkennbar heraus. Was seine poctischen Leistungen aus¬
568 2741 1809 2814 zeichnet, bew Ihrt sich auch hier, bei seinen gelegentlichen Auslassungen
573 2788 1803 2853 über Kunst und Künstler: ein vorbehaltloses Eingehen auf den Gegen¬
571 2835 1813 2916 stand. Vom Kritiker ist man im allgemeinen eine persönliche Meinung
576 2885 1815 2968 zu hören gewöhnt. Rilke der Kunstschriftsteller hat soviel Meinungen
583 2944 1805 3008 als er Objekte hat. Er ist nichts weiter als ein Dolmetscher, seine
586 2984 1800 3054 Stimme schallt von da und dort, aus Steinen, Farben und Linien
576 3045 1810 3102 wie sie auch in seiner dichterischen Produktion aus Blumen, Mädchen¬
575 3099 1812 3156 trauer und Nachtstürmen kommt, aus allem, was nicht reden kann.
573 3127 1814 3206 All dieses Unwirkliche hat er geformt und vergestaltet, fast nach
587 3179 1815 3254 Prinzipien der bildenden Kunst. Sein letztes Versbuch führt nicht
575 3234 1809 3307 umsonst den Litel: Buch der Bilder. Ein Buch voll von Bildsäulen
579 3283 1815 3345 und Hermen, um welche die kühle, spöttische Ruhe jahrtausendealter
578 3333 1816 3401 Skulpturen fließt. Nicht umsonst hat das „Buch der Bilder“ auch
583 3376 1811 3450 das „Lied der Bildsäule". Schrecklich starrt sie mit weißen Augen
578 3427 1809 3496 in den Tag. Sie hat bronzene Augenlider, die rotbraun aussehen,
582 3474 1811 3550 als habe sie tausend Jahre lang geweint. Sie steht da und hat die
581 3524 1812 3593 Hände geballt und lauert. Dabei ist sie viel entrückter als eine Leiche
579 3572 1810 3647 und voll einer schwir delnden Ueberwindung. Und sie singt Es
581 3619 1813 3694 könnte fast das Lied des getreuen Johannes im Märchen sein, der
581 3669 1824 3743 für seine Treue in Stein verwandelt ward und nun tagaus tagein
589 3717 1811 3800 im Schlafzimmer seines Herrn stand und auf seine Erlösung wartete:
877 3772 1555 3848 Wer ist es, der mich so liebt, daß er
884 3822 1385 3888 Sein liebes Leben verstößt?
590 3864 1817 3943 Man begreift, daß diese Fähigkeit, für Stummes, für stumme Bilder
591 3912 1813 3997 zu sprechen, auch den Rodinschen Steinen zustatten kommen mußte.
1833 419 3073 473 Grade diese Skulptur, in die so viel Persönliches, mangels großer
1840 453 3070 526 nationaler oder auch internationaler Konvenienzen, hineingelegt ist,
1833 504 3074 572 bot für einen so passionierten Schriftendeuter wie Rilke eine doppelt
1831 563 3065 615 dankbare Aufgabe. Und so reiht sich denn sein Rodinbuch“, dem
1828 602 3067 670 guten populären Unternehmen Richard Muthers geschickt an. Man
1846 663 3073 718 ieht gerne durch seine Augen; und das ist ja wohl die löbliche End¬
1833 706 3065 768 absicht der ganzen Mutherschen Sammlung: daß die sonst von Para¬
1833 759 3063 824 graphenzeichen umgitterte Künstlererscheinung ein persönliches, tief¬
1844 800 3065 872 gefühltes Erlebnis des Lesers werde. Rilkes Bemerkungen über Rodin
1837 853 3073 912 werden viele Menschen anmuten als sei ihnen das alles schon einmal
1832 895 3078 962 dunkel vorgekommen und dann wieder vergessen worden. Man hat
1835 953 3075 1012 manchmal traumartige Gedanken, die zwar nicht über die Schwelle
1837 1007 3081 1062 des Bewußtseins treten, aber doch in der Türe dieser Schwelle
1851 1044 3073 1107 ichtbar werden und nach flüchtigem Blick wieder rückwärts ver¬
1840 1094 3079 1160 schwinden. Solche Gedanken glauben wir in Rilkes feinen, oft allzu¬
1839 1141 3079 1211 feinen Sätzen wiederzuerkennen: „Es ist eine dunkle Geduld in
1836 1190 3070 1255 Rodin, die ihn beinahe namenlos macht, eine stille, überlegene
1837 1240 3077 1309 Langmut, etwas von der großen Geduld und Güte der Natur, die
1837 1292 3076 1359 mit einem Nichts beginnt, um still und ernst den weiten Weg zum
1838 1337 3073 1400 Ueberfluß zu gehen.“ — Das langsame Heranreifen des spezifisch
1844 1392 3081 1447 Rodinschen Gedankens in Rodin ist mit vieler Liebe dargestellt, oder
1846 1435 3074 1503 vielmehr diviniert oder glaubhaft gemacht. Vor den realen Daten
1850 1494 3076 1557 hat die Betrachtungsweise Rilkes eine gewisse Scheu. Er sagt alles
1848 1533 3079 1609 gern indirekt und ganz vorsichtig, verkleidet beinahe und unpersönlich
1840 1582 3085 1655 als fürchte er, das Ding durch das zugehörige Wort zu erschrecken
1845 1638 3083 1695 wie man einen Schlafwandler durch Anruf erschreckt. Das Wort
1849 1678 3091 1748 „namenlos“ kommt sehr oft in diesen Monographien und seinen
1854 1726 3082 1794 sonstigen Schriften vor, und zwar stets im wörtlichen Sinne von „ohne
1852 1788 3081 1845 Namen“ oder „den Worten entwachsen“. So erfährt man zwar nicht
1854 1824 3091 1893 wann etwa Rodin könnte geboren sein, dafür aber vieles Namenlose,
1849 1874 3081 1945 z. B. den Sinn von Rodins Körperdarstellungen: „Das Leben, das
1848 1923 3082 1993 in den Gesichtern wie auf Zifferblättern stand, leicht ablesbar und voll
1856 1975 3089 2041 Bezug auf die Zeit — in den Körpern war es zerstreuter, größer,
1855 2037 3084 2098 geheimnisvoller und ewiger. Hier verstellte es sich nicht, hier ging
1847 2069 3090 2136 es nachlässig, wo es nachlässig war und stolz bei den Stolzen; zurück¬
1857 2123 3081 2197 getreten von der Bühne des Angesichts, hatte es die Maske abge¬
1846 2178 3080 2236 nommen und stand wie es war, hinter den Coulissen der Kleider“.
1861 2219 3083 2293 Von altgriechischer Skulptur heißt es später: „Es waren Strömungen
1854 2274 3097 2339 in den verschlossenen Göttern, welche saßen und in den stehenden
1860 2318 3088 2383 war eine Gebärde, die wie eine Fontäne aus dem Steine stieg und
1856 2370 3093 2436 wieder in ihn zurückfiel, ihn mit vielen Wellen erfüllend“. Ich meine,
1855 2424 3086 2481 solche Bemerkungen haben ihr Verdienst als Ausflüsse großer innerer
1854 2468 3088 2532 Kultur wie als Förderungen des Objekts. Wenn man näher zusieht,
1861 2511 3086 2572 so entdeckt man vielleicht auch, welchem Verfahren die Betrachtungs¬
1856 2561 3090 2623 weise Rilkes ihre schätzharen Funde verdankt. Er nimmt eben sein
1866 2616 3086 2683 Objekt, sei das nun die Künstlerpersönlichkeit oder ein Kunstwerk,
1863 2676 3097 2729 nicht als fert., gegeben, um es so gewissermaßen architektonisch zu
1858 2702 3104 2774 analysieren, sondern er löst es in Tätigkeit und Bewegung auf, er
1870 2755 3104 2832 läßt es plausibel vor unseren Augen entstehen. So wird die Ruhe
1865 2819 3100 2872 des Gegenwärtigen als Frucht eben vergangener Bewegung begriffen
1868 2858 3093 2926 und viel tiefer und einfacher verstanden, wie ja auch der Maler einen
1862 2905 3102 2973 ruhenden Muskel erst dann versteht, wenn er ihn in Tätigkeit ge¬
1875 2967 3099 3027 ehen hat. Ich zitiere: „So ist jene unvergeßliche Voix intérieure,
1857 3012 3088 3072 die leifeste Stimme Victor Hugoscher Gesänge, die auf dem Denkmal
1860 3060 3100 3117 des Dichters fast verborgen unter der Stimme des Zornes steht.
1860 3101 3099 3170 Niemals ist ein menschlicher Körper so um sein Inneres versammelt
1871 3145 3098 3219 gewesen, so gebogen von seiner eigenen Seele und wieder zurück¬
1870 3197 3103 3267 gehalten von seines Blutes elastischer Kraft“. Hier hat man die
1863 3241 3097 3312 beiden Kräfte, die um die Bildung des Körpers der Figur streiten,
1865 3309 3096 3359 man begreift ihren Kampf, man denkt wie der Künstler, hinter dem
1872 3344 3100 3415 Kunstwerk stehend; man wäre imstande, die nächste Bewegung der
1870 3408 3098 3466 Figur, wenn sie lebendig würde, hinzuzeichnen. Das nenne ich ver¬
1870 3447 3098 3513 stehen. Die beigegebenen Reproduktionen gestatten zu Rilkes glänzen¬
1864 3491 3106 3565 den Nach= und Einfühlungen fast immer die Probe. Der Lesererlebt
1862 3535 3101 3614 Rodin; oder wenn das zu viel gesagt ist, er hört wenigstens Worte
1866 3595 3098 3654 und Namen für das namenlose Staunen, das uns vor Rodinschen
1874 3645 3106 3713 Skulpturen ergreift. Hier arbeitet ein Laie für Laien, und man kann
1878 3700 2303 3768 ihm dafür dankbar sein.
1942 3740 3114 3803 Weniger gelegen war dem Dichter die Aufgabe, über die Worps¬
1948 3851 3111 3934 *) R. M. Rilke, Auguste Rodin. Aus „Die Kunst“ herausgegeben von
1869 3910 2829 3989 Richard Muther. Verlag Julius Bard, Berlin 1903. M. 1.25.
