3436 4384
306 187 435 265 11.
497 192 816 300 Reigen
989 186 1422 270 box 17/2
1390 1655 1583 1752 — 409 —
647 1768 2359 1873 noch nicht, Ibsen und d' Annunzio stellen dem jungen Musenkinde die Taufpaten,
644 1843 2345 1918 vielleicht ohne daß es der Antor ahnt. Echt ist nur ein jugendlicher Ueberschwang
647 1889 2358 1971 der Gefühle und es hatte für mich einen feinen Reiz als Introduktion zu der artisti¬
652 1930 2357 2022 schen Spielerei Schnitzlers so viel Treffliches und auch Verstiegenes über die Erhabenheit
650 2009 1186 2069 der Kunst reden zu hören.
765 2032 2353 2113 Ueber die Oper verbteibt mir noch einige Worte zu sagen. Trotz der rastlosen
656 2084 2362 2166 Arbeit für die in den ersten Augusttagen beginnenden Wagner=Festspiele im
649 2120 2369 2219 Prinzregentheater brachte die Hofbühne nach eine Premiere, freilich keine von den
664 2181 2351 2263 versprochenen, die geradezu für ein Opernhaus nötig sind, wenn es das Beste unserer
661 2225 2366 2310 Tage nicht übersehen will. Massenets „Mirakel“ vom „Gankler unserer
655 2272 2368 2367 lieben Fran“ gehört auch nicht zu den besten, dieses Tonkünstlers, der in vielen
652 2319 2363 2416 hier nicht gegebenen Werken viel mehr Klangreiz, Melodienfluß und Temperament
663 2376 2371 2469 zeigt als hier. Der Stoff ist nicht ungeschickt, aber doch vergröbernd von Lona einer
665 2424 2373 2507 alten Legende entnommen, die u. a. auch Wilh. Hertz (der Tänzer unserer lieben
665 2467 2381 2558 Frau) erzählt und deren Quellen bis in die Antike verfolgt hat. Am frischesten ist
658 2515 2378 2615 die Musik im humorvollen in Haus Sachs meistersingerlicher Manier, anders im
661 2561 2371 2652 religiösen; die Botschaft hörten wir wohl, ein feinsinniger Musiker sprach zu uns,
658 2624 2379 2707 für den Glauben mußte jedoch der Theatermeister sorgen und die Mutter Gottes
672 2660 2378 2756 stieg in solch künstlerisch vollendeter Weise zu Himmel empor, daß das Publikum
663 2736 1497 2825 das „Mirakel“ sehr freundlich aufnahm.
