3392 4320
301 149 426 225 11
1018 135 1403 224 box 18/1
503 144 820 242 Reigen
436 966 1274 1094 Mlose & Geidel
476 1066 1226 1176 Bureau für Zeitungsausschnitte
473 1139 1224 1243 Berlin HO. 43, Georgenkirchplatz 21
919 1368 1001 1412 „
418 1358 595 1432 Zeitung
1143 1316 1246 1441 23
408 1473 514 1534 Orti
398 1578 613 1670 Datumis
612 1557 968 1712 4—1-910
731 1714 1216 1795 Theater und Musik.
435 1768 1563 1845 Kleines Schauspielhaus: Schnitzlers „Reigen“. Also ein
356 1830 1568 1901 Glück habens schon, die Frau Eysoldt und der Herr Sladek, net
356 1875 1570 1942 zum sagen! Drei Stunden vor der Aufführung tut ihnen der
372 1914 1560 1986 Staatsanwalt vom Landgericht III den Gefallen, die Abendvor¬
366 1959 1556 2035 stellung inhibieren zu wollen. Infolgedessen kann sich Frau
366 2000 1561 2062 Eysoldt als Märtyrin an die Rampe stellen und eine sehr gefühl¬
366 2050 1568 2119 volle Nede halten über erotische Kunst, und daß sie Herrn Schnitzler
366 2091 1563 2160 liebe und für ihn (und die Kunst natürlich!) bereit sei, sechs
363 2130 1558 2205 Wochen Haft auf sich zu nehmen. Wenn das kein Geschäft wird —!
353 2175 1563 2234 Nun wußte doch jeder, daß es sich bei diesen zeha Dialogen um
358 2219 1562 2294 höhere Kunst handelt. Und daß jeder ein Barause ist, der die
355 2274 1562 2336 „leise erotische Wehmut“ — so sagte die Frau Direktorin am
352 2316 1550 2373 Schluß — etwa als das empfindet, was sie in Wirklichkeit ist: ein
354 2347 1549 2421 Stimulanz für Lebegreise, ein Gift für jeden noch nicht gänzlich
350 2395 661 2453 Demoralisierten.
442 2443 1555 2509 Soweit ist alles gut und schön. Aber was soll man von einer
360 2486 1562 2553 Kollegialität halten, welche dem „Folie Caprice“ solch einen fetten
348 2532 1551 2597 Bissen vor der Nase wegschnappt. Die sinnige Weihnachtsgabe,
358 2579 1558 2636 welche das Kleine Schauspielhaus dem Berliner Westen mit dieser
365 2618 1559 2684 Aufführung bescherte, bedeutet einen schönen Höhepunkt auf dem
352 2659 1559 2727 Wege zur republikanischen Kunstfreiheit. Es wird schwer fallen,
356 2702 1559 2774 ihn einstweilen zu überbieten. Sellte das dennoch möglich sein,
364 2765 1547 2809 so schlage ich in aller Bescheidenheit vor, dieses Creignis vor einem
351 2800 1559 2856 wirklich sachverständigen Publikum steigen zu lassen. Auf der
356 2838 1506 2897 Friedrichstraße abends nach zehn wird man es mühelos finden.
430 2881 1547 2943 Von der Aufführung muß gesagt werden, daß sie erwies, was
359 2923 1554 2987 jedem Schnitzlerkenner von vornherein klar sein mußte: Der
352 2970 1561 3021 Reigen ist nicht für die Bühne geschrieben gewesen. Daran konnten
354 3014 1561 3066 die guten schauspielerischen Leistungen der Damen Bäck, Magda
353 3058 1556 3118 Mohr Poldi Müller, Blanche Dergau, der Herren Kurt
358 3101 1557 3163 Götz, Schwanneke Etlinger, Forster=Larinaga
359 3143 1548 3205 und Ralph nichts ändern. Eine mehr als geschmacklose
357 3187 1549 3251 Zwischenaktsmusik machte die Wiener Paprika=Limonade nicht er¬
361 3234 1547 3289 träglicher. Wo nicht als wichtigstes Requisit das Bett auf der
361 3275 1550 3335 Bühne stand, wirkte die Szenerie unwahr. So namentlich in dem
354 3320 1557 3398 Praterbild und dem Ausblick nach dem Stefansdom, der hier ein
348 3361 763 3416 Blasphemie bedeutete.
431 3408 1550 3465 Das Kapitel Berliner Bühnenkunst ist um einen betrüblichen
365 3452 1552 3510 Abschnitt reicher. Man kann nur immer wieder mit Erleichterung
352 3490 1552 3548 feststellen, daß Berlin nicht Deutschland ist. Sonst müßte man
351 3548 1150 3600 wahrhaftig an unserer Zukunft verzweifeln!
1334 3544 1517 3609 M. Selt.
1876 698 2680 849 Klose & Seidel
1889 840 2681 921 Bureau für Zeitungsausschnitte
1901 904 2680 1000 Berlin NO. 43, Georgenkirchplatz 21
2592 1008 2640 1117 ∆
1875 1116 2698 1219 Zeitung: Deutsche Allgemeine Ztg.
2435 1242 2668 1327 Berlin
2230 1302 2601 1403 74 DLG
1883 1376 2169 1449 Datum: —
2071 1492 2742 1584 Der verbotene „Reigen“.
1904 1560 2978 1626 Das Kleine Schauspielhaus in der Fasanenstraße hatte
1833 1615 2978 1674 für gestern abend die Erstaufführung von Arthur Schnitzlers
1827 1669 2983 1723 „Reigen“ angekündigt. Mittags wurde ein behördliches Verbot
1835 1715 2976 1765 der Vorstellung mitgeteilt — bei Androhung einer Strafe von
1831 1750 2975 1798 sechs Wochen Haft im Fall der Zuwiderhandlung. Am Abend
1839 1797 2976 1856 hat die Aufführung trotzdem siattgefunden: Frau Eysoldt, die
1830 1839 2980 1892 Leiterin des Theaters, erschien vor dem Vorhang, teilte den
1835 1880 2985 1934 Tatbestand mit und erklärte, daß man trotz des Verbots spielen
1838 1923 1944 1976 wolle.
1908 1952 2978 2028 Polizeiliche Verbote der Aufführung eines Dramas, hinter
1829 2015 2970 2073 denen als Verfasser ein Mann von dem literarischen Ruf
1834 2064 2844 2125 Arthur Schnitzlers steht, haben immer ihr Mißliches.
2840 2067 2970 2122 Hier
1837 2106 2970 2154 iegt die Sache aber doch so, daß sie nicht so ohne weiteres
1822 2151 2976 2203 mit Für oder Wider zu entscheiden ist, selbst ganz abgeselen
1833 2195 2887 2248 davon, daß der Einspruck, zunächst von der Hochschule
2887 2195 2974 2251 für
1820 2234 2970 2277 Musik, der Eigentümerin des Theaters, erhoben worden ist.
1838 2278 2956 2330 Schnitzlers „Reigen“ liegt seit mehr als zwanzig Jahren ge¬
1825 2321 2969 2372 druckt vor: der Dichter selbst hat aber bisher aus einem sehr
1827 2364 2961 2417 richtigen Gefühl heraus jede öffentliche Aufführung des Werkes
1832 2408 2966 2464 untersagt. Szenen, Dialoge vor und nach dem letzten Liebes¬
1824 2449 2961 2502 erlebnis zwischen je zwei Menschen, von denen der eine in der
1825 2494 2956 2549 nächsten Szene mit einem neuen Gegenüber das Thema neu
1828 2534 2970 2579 variiert — sie mögen als Literatur ihren Reiz haben: ihre
1820 2579 2960 2642 Aufführung, im Theater bringt sie aber vor Kreise, die, Hand
1817 2621 2956 2669 aufs Herz, keigeswegs um dieser Qualitäten willen die Vor¬
1825 2664 2957 2719 stellung besuchen. Schnitzler selbst hatte ein ganz richtiges
1828 2707 2965 2766 Empfinden dafür, als er öffentliche Aufführungen bisher
1818 2750 2959 2793 untersagte. Wenn er dies Verbot jetzt zurückgezogen hat, so
1822 2795 2962 2846 ist das menschlich begreiflich aus der drückenden Lage heraus,
1812 2836 2953 2891 in der die Wiener Schriftsteller heute leben. Er wird damit
1813 2880 2951 2934 entlastet, nicht aber das Theater. Denn es gibt viele andere
1819 2928 2944 2980 und bessere Stücke von Schnitzler, die man aufführen konnte
1826 2958 2945 3022 wenn man ihm helfen wollte. Um so mehr, als die Ver¬
1818 3013 2957 3064 bietenden sich hier auf den Verfasser selbst und seine frühere
1816 3056 2945 3109 Haltung berufen können. Es wäre etwas ganz anderes, wenn
1823 3097 2955 3139 es sich um ein wesentliches Hauptwerk eines Schaffenden
1816 3135 2942 3185 handelte, dem mit der Nichtaufführung als Mensch und
1820 3178 2952 3238 Dichter schweres Unrecht, geschähe. Das aber ist hier nicht
1814 3222 2950 3267 der Fall — das Theater hat nur einen Mann, der selbst ge¬
1830 3265 2950 3316 chmackvoll genug war, bisher dieses Werk auf die Wenigen
1816 3312 2960 3361 zu beschränken, in eine peinliche Situation gebracht. Was bei
1816 3354 2945 3412 einiger Ueberlegung und einem starken Verantwortlichkeitsge¬
1816 3397 2857 3466 fühl gegenüber dem Ganzen zu vermeiden gewesen wäre.
1894 3445 2957 3515 Wie wir hören, will die Leitung der Hochschule für Musik
1819 3505 2950 3575 über die Gründe, die sie zu ihrem Einspruch veranlaßt haben,
1807 3542 2468 3611 selbst noch eine Erklärung abgeben.
2857 3543 2908 3605 F.
