3436 4384
292 124 411 213 11
989 126 1398 215 box 17/2
483 130 803 227 Reigen
438 345 1371 413 Die „Augsburger Abendzeitung“ verzeichnet das
357 393 1356 469 Gerücht, daß dem Akademisch=dramati¬
365 443 1362 514 schen Verein in München die Suspension
356 498 1351 584 bevorstehen soll, weit er Schnitzler's „Reigen“ auf
354 544 1363 627 Aufführung gebracht habe. Allch#Mnnchen
364 604 1350 665 neugegründete Dramatische Gesellschaft,
356 643 1358 730 die, wie dieser Tage im „Fränk. Kuk.“ berichtet
356 696 1348 761 wurde, eine Reihe von angesehenen Männern zu
352 744 1350 820 ihren Gründungsmitgliedern zählt, hat bereits die
352 788 1354 873 Aufmerksamkeit der ultramontauen Kunstbanausen
355 848 1351 920 auf sich gezogen. So spricht die „Donau=Ztg.,
354 889 1347 968 das Organ Dr. Pichler's, in Bezug auf dieselbe die
354 938 1347 1013 Warnung aus, „auf der Hut zu sein“. Die neue
340 985 1356 1066 literarische Gesellschaft wird also denunzirt, ehe sie
346 1032 1346 1128 überhaupt mit einer That an die Oeffentlichkeit ge¬
339 1082 530 1164 treten ist.
805 1940 1308 2050 Münchner Brief.
1027 2038 1100 2088 Von
938 2085 1194 2161 Max halbe.
572 2165 1580 2230 Vimplicissimus=Konfiskation, Aufhebung des aka
534 2215 1599 2292 O demisch=dramatischen Vereins, Zensurstreiche aller
528 2277 1590 2333 Art, Kammerdebatten über Kunst, Religion, Sittlichkeit
543 2322 1588 2390 und tausend anderes, Anträge auf Kolportageverbot
546 2368 1596 2440 von „Jugend“ und „Simplicissimus", Beschränkung
533 2419 1602 2494 der Abgeordneten=Redefreiheit durch den Präsidenten
546 2472 1587 2535 von Orterer mit nachfolgender Abdankung des
533 2527 1594 2591 liberalen Vizepräsidenten: seit Monaten geht's in bunter
533 2564 1601 2639 Fülle und anmutigem Wechsel. Es weht ein scharfer Wind
546 2622 1593 2684 über die Berge her, und das neue Ministerium beeilt sich,
537 2657 1604 2726 ihn in seine Segel aufzufangen. Es soll endlich einmal
542 2709 1603 2781 Ordnung geschafft werden in Capua und Umgegend!
550 2763 1607 2823 Bebel soll nicht mehr mit Fiegern auf uns zeigen
546 2807 1600 2870 dürfen! Fort mit der allzulang geduldeten Lieder¬
554 2855 1600 2929 lichkeit und Kunstlibertinage! Die vom Norden sollen
548 2904 1598 2974 uns nicht länger um unseren freieren Ton und um
556 2950 1596 3019 unser weitherziges Verstehen beniden müssen! Ein
546 3000 1597 3069 Band umschlinge Nord und Süb, West und Ost!
544 3049 1611 3124 Polizeispieß und Schulmeisterdünkl regiere brüderlich
544 3098 1612 3172 vereint das neue Reich, und Arm in Arm wandle der
558 3153 1613 3213 weithin andonnernde Schutzmann vom Potsdamer
547 3205 1610 3274 Platz mit dem bakelschwingenden Rektor aller Bayern
553 3247 1299 3312 und Kammerpräsidenten von Orterer!
591 3288 1610 3359 Ob nicht doch ein Fehler in der Rechnung steckt?
548 3342 1605 3408 Ob die Herren mit ihrem blindwütigen Anrennen
537 3392 1616 3493 gegen die Purpurflagge lebendigen zeitgenössischen
1630 1890 2708 1981 Geistes nichtst zlich selbst am vosesten zu Schaden
1647 1964 2710 2039 kommen werden: Gewiß, wer am Ruder sitzt, dünkt
1657 2019 2712 2087 sich unfehlbar und wünscht unbequeme Kritiker zu
1655 2073 2707 2130 allen Teufeln. Herrschen heißt recht haben. Und wer
1657 2124 2713 2179 recht hat, will doch auch recht behalten. Das ist
1650 2158 2718 2220 menschlich und gilt für einzelne wie für ganze
1658 2213 2720 2274 Parteien, für Könige und Staatsmänner wie für
1657 2256 2706 2322 Dichter und Künstler, für Schwarze wie für Rote.
1659 2320 2707 2370 Aber hinter allen Herrscherthronen (Schreibstühlen,
1666 2366 2711 2424 Parlamentsfesseln) steht unsichtbar Hybris, die dunkel¬
1665 2402 2719 2473 drohende Göttin, und lenkt den Arm des Macht¬
1665 2451 2720 2517 berauschten, des Siegestrunkenen, daß er mit dem
1663 2494 2718 2564 Schwertstreich, den er nach dem Gegner zu führen
1662 2549 2715 2615 meint, sich selber den Todesstreich versetzt. Selbst¬
1664 2594 2718 2660 hilfe der Natur! Automatismus alles Werdens und
1657 2646 2716 2712 Vergehens! Am letzten Ende gehen wir an uns selbst,
1662 2698 2710 2765 an der Ueberspannung (vielleicht auch nur Erfüllung)
1663 2747 2370 2814 unseres eigenen Prinzips zugrunde.
1714 2789 2716 2852 Darauf wird's denn wohl auch bei dem klerikalen
1658 2851 2725 2909 Regiment hinauslaufen, dessen fröhliche Anfänge wir
1672 2893 2722 2959 jetzt in Bayern erleben. Vorläufig scheint es un¬
1666 2936 2725 3004 absehbar, unsterblich. Aber wenn die Herren so fort¬
1665 2989 2718 3055 fahren, durch Akte der Willkür und Undulbsamkeit,
1671 3034 2721 3100 durch Knebelung der freien Meinungsäußerung in
1662 3091 2721 3147 Wort und Bild, durch Verweigerung der notwendigsten
1676 3135 2720 3201 Mittel für eine würdige Kunstpflege und sonstige
1667 3193 2723 3246 Schildbürgerstreiche sich gleichzeitig verhaßt und lächer¬
1679 3227 2626 3290 lich zu machen, dann ... Wer weiß! Abwarten!
1719 3289 2732 3344 Man mißverstehe mich nicht! Die Verdienste der
1668 3320 2734 3385 katholischen Kirche und Coistlichkeit, besonders um die
1682 3384 2730 3448 bildende Kunst, in allen C#en, ja selbst zugestanden,
2770 1908 3273 1980 daß ime augemeigen Koer
2770 1958 3310 2018 seinem Hang zum Sinnfä
2781 2004 3318 2074 baren einen günstigeren B.
2771 2050 3282 2116 als der Verstandeskultus
2771 2110 3293 2172 Abstraktion protestantischen
2775 2146 3323 2223 sind seit den Tagen der Ro
2772 2214 3321 2266 Jahrhunderte dahingegange
2779 2243 3329 2319 die hier in der Landstube au
2772 2297 3288 2363 große Wort gegen alle
2780 2344 3292 2416 Wissenschaft führen, lebt
2774 2393 3322 2461 des Geistes, der anregen
2787 2442 3322 2514 goldigen Morgen Raffgels un
2786 2487 3329 2559 Eher noch von jenem anden
2785 2542 3284 2604 mit Feuersgluten gegen
2784 2591 3316 2659 schönheit wütete, wenn m
2780 2637 3320 2705 bankpolitiker und kannegie
2773 2686 3282 2749 in einem Atem nenn##
2788 2729 3322 2798 waltigen Bettlermönch Sav
2816 2784 3315 2845 Und doch ... zwar nich
2788 2829 3316 2894 wohl aber in den Gesinnu
2790 2876 3321 2947 punkt. In der nämlichen
2788 2935 3324 2991 und Weltverneinens, in den
2790 2971 3300 3045 Mönchs= und Büßergeist,
2784 3025 3316 3091 katholischen Welt zum Vo
2789 3071 3322 3140 andere, dem protestantischen
2785 3121 3257 3184 zugekehrte Seite bildet.
2786 3173 3299 3241 im Innersten verwandten
2792 3215 3284 3281 für Kunst und Künstler
2791 3262 3320 3337 Freundschaft geben. Kamp
2794 3316 3314 3380 lautet hier das Feldgesch
2790 3368 3084 3442 Jahrhunderte.
