3336 4416
337 286 479 380 11.
533 288 852 390 Reigen
1035 276 1453 369 box 17/6
1570 243 2415 308 Zeiten weder der gesetzgebenden Korperschaft
1562 300 2415 351 noch deren Mitgliedern zum Ruhme gereichten.
1557 333 2417 404 Heute aber, da die gepeinigte österreichische
1554 384 2409 441 Kreatur ob all der Furchtbarkeiten und Be¬
1555 431 2415 495 drückungen aufschreit, der auf uns schar
1566 482 2414 543 horchenden Welt das Schauspiel bieten, daß
1561 536 2418 589 das Für und Gegen ein Schauspiel die größte
1568 573 2412 641 Sorge unserer politischen Führer ist, muß
1556 630 2426 685 noch als ein ärgerer Skandal bezeichnet
1560 667 2417 733 werden als der gestrige Parlamentsskandal
1566 720 2416 785 selbst. Ein Funken Takt und die ganzen
1562 769 2425 828 gestrigen Szenen hätten nicht vorkommen
1562 817 2420 877 dürfen, ein Funken Sinn für das, was
1558 862 2419 920 wirklich die Bevölkerung bewegt, und die
1567 909 2417 968 Boten des Volkes hätten sich vor dem Volke
1565 956 2421 1023 geschämt. Partei ist ein Wort lateinischen Ur¬
1570 1001 2416 1074 sprungs. Es kommt von Pars, das Teil be¬
1568 1051 2421 1115 deutet. Gestern ist sinnfällig erwiesen worden,
1562 1101 2416 1165 daß unsere Parteien vom Ganzen und dem
1573 1153 2096 1222 Gemeinsamen nichts wissen.
1652 1196 2427 1266 Zunächst noch ein paar Worte zu Artur
1558 1242 2433 1311 Schnitzlers „Reigen“ dessen Aufführung und
1568 1294 2440 1354 dessen allerdings vorläufig noch nicht in
1566 1353 2431 1407 Wirklichkeit versetztes Verbot Anlaß zu den
1567 1391 2423 1460 gestrigen beschämenden Vorgängen im Par¬
1562 1440 2431 1506 lament gegeben haben. Das Stück, eine
1563 1483 2430 1540 Szenenreihe, behandelt Vorgänge aus dem
1560 1535 2431 1606 Geschlechtsleben. Der gemeinen Deutlichkeit
1554 1580 2424 1643 der Dinge wird hiebei nicht aus dem Wege
1567 1630 2436 1713 gegangen. Schnitzler hat sein Opus ursprüng¬
1569 1676 2438 1735 lich nur für einen engeren Freundeskreis als
1574 1730 2430 1791 sogenanntes Manuskript drucken lassen. Dabei
1567 1782 2424 1840 hätte es sein Bewenden haben sollen. Es kam
1574 1818 2427 1878 aber später in größerer Auflage in den Buch¬
1568 1880 2432 1944 handel, bis man sogar den ungeheuerlichen
1567 1919 2419 1973 Mut aufbrachte, die ungemein fraglich
1569 1973 2432 2029 Szenenreihe auf das Theater zu bringen. Das
1563 2013 2424 2080 Werk hat nie in die Menge gehört, am aller¬
1572 2059 2416 2128 wenigsten auf die Bretter. Theater ist derbe
1581 2111 2431 2176 handfeste Wirklichkeit. Der „Reigen“ dort
1569 2138 2429 2232 aufgeführt, ist nichts mehr als gewöhnlicher,
1570 2211 2431 2270 aber schon sehr gewöhnlicher erotischer Kitzel.
1569 2256 2432 2317 Was immer für künstlerische Absichten dem
1571 2313 2431 2368 Dichter bei Verfassung dieser Szenen vor¬
1573 2354 2424 2416 geschwebt haben mögen, und wenn es ihm
1584 2396 2427 2465 auch nur darum zu tun gewesen wäre, sein
1567 2448 2432 2501 dichterisches Senkblei in menschliche Leiden¬
1583 2493 2440 2560 schaften und Verworrenheiten hinabzulassen,
1585 2552 2430 2605 der Menge, und insbesondere dem Theater,
1576 2600 2432 2655 hatte das Stück auf alle Fälle fernzubleiben
1574 2636 2425 2695 Wir sind keine Augenverdreher, wissen, das
1584 2686 2429 2750 die deutsche Literatur in allen Zeiten ähnlich
1582 2739 2427 2799 Schöpfungen freiester Schwingung aufzu¬
1577 2778 2433 2845 weisen hat. Und es sind nicht die Schlechtesten,
1582 2826 2431 2891 die sich zuweilen, weil ihnen eben nichts
1579 2890 2429 2943 Menschliches fremd war, den gewagtesten
1579 2937 2425 2987 Problemen genahert. Goethe hat sein „Tage
1586 2979 2429 3040 buch“ gedichtet, eine heikle, aber zugleich tiese
1577 3013 2428 3087 Sache. Aber hier, ohne sonst Vergleiche an¬
1577 3067 2425 3128 stellen zu wollen, beginnt gleich der Unter
1592 3113 2422 3180 schied. Goethe hätte niemals darein gewilligt
1584 3165 2430 3230 daß sein Poem der großen Oeffentlichkei
1586 3212 2437 3276 unterbreitet werde. Bis vor wenigen Jahrer
1585 3261 2420 3320 noch haben selbst die großen Goethe=Ausgaben
1580 3302 2365 3365 das „Tagebuch“ nicht enthalten. Andere
1584 3351 2429 3415 die Allgemeinheit nicht bestimmte Dichtungen
1583 3414 2436 3459 Goethes sind jahrzehntelang noch nach de
1595 3456 2433 3512 Dichters Tode unter strengem Verschluß ge
1587 3496 2429 3567 blieben. Den „Reigen“ durfte ein Künstler
1596 3542 2430 3606 wie Schnitzler dichten. Ihn aufführen lassen
1588 3596 2430 3655 niemals. Hier trifft den Dichter schwer
1595 3649 1742 3713 Schuld.
1681 3699 2428 3744 Das mußten wir sagen, und nun zu der
1598 3735 2431 3797 anderen, was auch noch zu sagen ist. Beide
1587 3785 2423 3845 Parteien, weder den Christlichsozialen noch de
1591 3833 2422 3897 Sozialdemokraten, die gestern um das Stü
1586 3873 2437 3948 herum, aber nicht eigentlich des Stücke
1589 3925 2435 4000 wegen sich balgten, war es um da
1555 3971 2435 4058 Wesen zu tun. Es war nicht de
2455 268 2682 332 ozialistische
2706 268 3304 329 Führer auch zu einer Art
2457 317 3299 372 iterarischen Bolschewismus hinneigen. Die
2455 367 3303 421 große Masse der sozialistischen Arbeiter dürfte
2450 415 3290 479 aber, unserer Meinung nach, andere und ge¬
2450 465 3299 518 wichtigere Sorgen haben als sich für die Auf¬
2449 510 3287 565 führung des „Reigen“ zu entflammen. De¬
2458 557 3287 617 parlamentarische Reigen, der gestern zu
2450 605 3293 654 Schnitzlers „Reigen“ aufgeführt wurde, war
2447 653 3292 709 und bleibt eine tiefbedauerliche Entgleisung
2455 703 3294 760 Zweiundvierzig Milliarden Defizit und in
2460 747 3304 800 Parlament rauft man wegen eines Theater¬
2465 789 3296 847 tückes. Zweiundvierzig Milliarden Defizit in
2447 845 3293 902 einem Sechsmillionenstaatchen und die Volks¬
2451 888 3303 950 boten haben nichts Besseres zu tun, als sich
2464 936 3304 989 die rostige Parteirüstung anzuschirren und
2459 991 3293 1042 aufeinander loszuschlagen. Armer Staat,
2453 1026 3023 1100 doppelt armes Gemeinwesen!
2631 1103 3340 1219 amischon Rußlanh mah#
