3436 4224
906 83 1301 173 box 17/1
197 82 713 197 11. Reigen
230 900 1168 956 Haß gegen die andere Konfession kann der
233 948 1169 1009 wahre Grund dieser Bewegung gegen den leiten¬
240 1002 682 1064 den Staatsmann sein.
281 1041 1168 1111 Doch der Schein trügt. Hier ist wirklich der
245 1103 1169 1157 Klerikalismus nur Aufputz und Verbrämung;
471 1237 958 1340 Denilleton.
225 1361 1151 1456 Arthur Schnitzler und sein „Reigen“
277 1441 1171 1508 Von den Büchern, die Arthur Schnitzler ge¬
235 1507 1175 1568 schrieben hat, ist dem „Reigen“*) der größte
239 1565 1157 1614 äußere Erfolg zuteil geworden. Der „Reigen“
228 1598 1171 1667 wird am meisten gelesen. Vom „Reigen“ wird am
244 1654 1164 1714 meisten gesprochen. In acht Monaten hat diese
243 1708 1166 1769 Dialogreihe zehn Auflagen erlebt. Man streitet
241 1752 1165 1812 über dieses Werk, was zur Folge hat, daß immer
240 1804 1163 1861 mehr und mehr Leute danach greifen. Die Be¬
231 1864 1168 1911 hörden beschäftigen sich damit, und es kann der
241 1900 1163 1956 Oeffentlichkeit nicht vorenthalten, nicht verheim¬
246 1951 1162 2004 licht werden. Es ist unter allen Büchern Schnitz¬
243 2002 1164 2065 lers nicht das beste; aber wenn der „Leutnant
237 2050 1163 2113 Gustl“ sein kühnstes, so darf der „Reigen“ sein
243 2096 1164 2156 frechstes Buch genannt werden. Vielleicht ist es
236 2153 1166 2210 sogar eines der frechsten Bücher überhaupt, die
229 2198 1168 2252 in deutscher Sprache geschrieben wurden. Deshalb
235 2249 1158 2305 braucht man aber nicht sprachlos zu bleiben. Wie
241 2300 1170 2354 sich heute Klatsch und Schwatz mit diesem Werk
229 2346 1163 2399 beschäftigen, wie die breitesten Kreise diese sonder¬
236 2393 1158 2444 bare Dichtergabe diskutieren und umstreiten
240 2441 1162 2500 so wird der Literarhistoriker auch, der einmal
229 2489 1160 2558 Schnitzlers Wirken überschaut und wägt, am
231 2538 1163 2609 „Reigen“ nicht vorüber können. Denn dieser
235 2591 1162 2648 „Reigen“ gehört nun einmal zur eigensten Eigen¬
239 2644 1156 2697 art Arthur Schnitzlers, bezeichnet einen wichtigen
230 2687 1162 2740 Punkt in seinem Entwicklungsgang, und man
240 2739 1155 2792 darf sagen, es ist nicht bloß das frechste, es ist
233 2790 1162 2846 auch das entscheidendste Buch, das wir von
233 2832 560 2902 Schnitzler haben.
272 2880 1158 2937 Es bedeutet einen Abschluß, und es be¬
227 2929 1157 2985 deutet, vielleicht, auch einen Anfang. Es ist ein
223 2984 1167 3061 Buch, das harmlose Illusionen zerstört und den
281 3051 1163 3142 *) „Reigen.“ Zehn Dialoge von Arthur Schnitzler.
228 3103 525 3192 Wiener Verlag.
1721 875 2132 929 — Grage entstehr nun
1214 913 2131 971 Werden die übrigen oppositionellen Gruppen.
1208 953 2132 1029 wird die Unabhangigkeitspartei ihnen folgen?
1219 1005 2132 1079 Die taktische Diversion des Herrn v. Ugron hat
1207 1049 2132 1128 die Kossuthianer vor eine schwere Entscheidung
1205 1097 2136 1170 gestellt. Ehrlich genommen, könnten sie sich mir
1202 1194 2128 1263 Zauber unserer glücklichsten Stunden entlarvt.
1209 1251 2129 1314 Es ist ein Buch, das wie ein Scherz zu wirken
1203 1298 2128 1364 vermag, das aber mit zu viel virtuoser Kunst,
1215 1358 2130 1423 mit zu viel sinnreicher Komposition gearbeitet, das
1213 1395 2125 1467 überhaupt zu sehr gearbeitet ist, um nichts weiter
1214 1440 1643 1513 als ein Scherz zu sein.
1243 1491 2123 1563 Von einer lautlosen, unmerklichen, man
1202 1551 2153 1611 müßte sagen von einer liebenswürdigen Grau¬
1218 1601 2123 1661 amkeit ist der „Reigen“. Und nur ein lächelndet
1204 1646 2128 1707 Mann konnte ihn schreiben, in der üppigen und
1212 1692 2134 1746 gefährlichen Laune des Reif= und Sattwerdens.
1212 1743 2127 1808 Ich meine, in jener Stunde, in der enttäuschtes
1214 1791 2121 1855 Jugendfühlen, des Hoffens und der Klage müde
1213 1849 2133 1906 anfängt, nach Beschwichtigung zu suchen, und, vom
1203 1884 2125 1958 Einzelschicksal abgewendet, des Weltlaufs sich
1204 1937 1347 1992 besinnt.
1242 1979 2127 2045 Da stehen die Erfahrungen rasch durcheilter
1208 2030 2124 2101 Jahre auf einmal wie zu einer Front versammelt
1200 2086 2120 2141 vor dem Geist. Und wie man sie mustert, diese
1207 2132 2121 2197 überklugen Kinder eigenen Erlebens, erwacht
1204 2195 2127 2250 mit tiefen, beruhigten Atemzügen ein volleres
1199 2226 2120 2298 Verstehen, und die Pulse schlagen ruhiger. Jetzt
1203 2288 2122 2333 wird das Wesen geheimer Triebe, dumpfen
1198 2329 2130 2390 Jubels, heißer Sehnsucht und begehrender Qual
1207 2390 2123 2450 plötzlich von innen her erhellt und durchscheinend.
1209 2429 2118 2490 Der leidenschaftliche Tumult lichtet sich zu einen
1198 2482 2116 2532 unendlichen, von ewigen Gesetzen geordneten und
1202 2521 2128 2597 bewegten Reigen. „Das also war des Pudels
1198 2566 1921 2638 Kern? Der Kasus macht mich lachen!
1247 2627 2121 2697 Daß Einer aber lachen kann, wenn er des
1199 2659 2123 2743 Pudels Kern einmal erkannt hat, das ist nun
1210 2733 2122 2790 reilich das Allerwichtigste. Halten wir daran fest,
1200 2778 2118 2830 meine Freunde, und es wird uns wie im Leben
1199 2824 2119 2883 also auch in jeder Kunst ein treuer Maßstab sein
1196 2872 2125 2940 Weder die Trauer noch der Schmerz, weder die
1197 2926 2128 2980 Leidenschaft noch der Haß, weder die Wehmut
1209 2970 2131 3034 noch der Witz, weder die Bitterkeit noch der Hohn
1202 3015 2126 3071 sind ein Endgiltiges. Es sind gewaltige Durch¬
1206 3069 2128 3135 gänge oder kleine Durchlässe auf unserer Bahn;
1235 3112 2113 3197 nachdem. Je nachdem unser Temverament
2179 880 3071 965 Vorsitzende verweist darauf, daß nur der .
2177 951 3095 1009 weisliche Bescheid des Rekurses Dompieris als
2175 994 3101 1054 ungesetzlich erklärt wurde, aber nicht die Agnoszie¬
2169 1043 3097 1081 rung der Wahlen. GR. Dr. Depiera be¬
2171 1082 3099 1142 antragt, das Ersuchen Dompieris a limine ab¬
2166 1130 3096 1174 zuweisen. Nachdem noch Dr. Rybar namens der
2164 1213 3091 1274 kraftvoll oder gering, glühend oder kühl, edel
2166 1270 3089 1328 und mutig oder saftlos=hämisch ist. Je nachdem
2171 1309 3098 1365 unsere Seele begabt ist, große Pforten zu
2180 1361 3086 1421 prengen, oder es vorzieht, durch kleine Auswege
2172 1417 3094 1463 zu entwischen. Und niemand kann in der Trauer,
2166 1459 3095 1518 niemand im Haß, niemand in der Leidenschaft
2168 1516 3099 1565 noch in der Bitterkeit verweilen. Er muß höher
2180 1552 3087 1608 teigen oder tiefer fallen, muß seines Schaffens
2178 1599 3090 1654 Habe in solchen Uebergängen erneuern, oder
2172 1647 3095 1703 sie ermattét sehen. Denn allzusammen, Trotz und
2165 1701 3096 1765 Wehmut, Schmerz und Verachtung, sind nur
2163 1749 3085 1807 unterwegs. Der Humor allein ist am Ziel. Er ist
2163 1799 3031 1856 die Höhe, ist der Gipfel; er ist das Endgiltige.
2207 1848 3092 1915 Und weil so viel lebensstarker Humor darinnen
2165 1896 3093 1965 ist, darf man den „Reigen“ für ein Kunstwerk
2171 1952 3083 1999 nehmen. Mir erscheint die freie Heiterkeit seines
2163 2000 3095 2053 Geistes liebenswürdig, seine verwegene Bravour
2163 2050 3094 2110 ergötzlich und seine frech=gesunde Anmut an
2159 2099 3095 2158 manchen Stellen hinreißend. Freilich fänden
2166 2141 3090 2195 primitivere Naturen, und Leute, die zu einer ein¬
2165 2191 3082 2257 fachen Gemütsart neigen, die zeitlebens im Her¬
2155 2240 3086 2294 zen naiv geblieben sind, nur wenig Erquickung
2165 2292 3092 2355 daran. Es muß sie abstoßen oder verführen, dieses
2161 2336 3090 2392 schonungslose Buch. Denn auch die Nüchtern¬
2166 2390 3090 2444 heit des „Reigens“ muß betrachtet werden, seine
2164 2435 3092 2497 unbedenkliche Brutalität, die in zehn schleierlosen
2997 2486 3087 2545 zehn¬
2157 2479 2974 2537 Gesprächen zehnmal der Liebe spottet, die
2164 2536 2946 2593 mal nur die gierige, listig=verlogene,
2949 2532 3096 2589 ihren
2163 2583 3094 2654 Trieben unterworfene Kreatur zeigt, und uns
2166 2626 2510 2690 zehnmal erschreckt.
2213 2663 3083 2744 Schnitzler hat oft die gefährliche Neigung ver¬
2160 2725 3082 2792 raten, Spielereien wichtig zu nehmen. Jetzt übt
2160 2785 3083 2844 er das bessere Können: Wichtigkeiten spielend zu
2161 2824 3090 2884 behandeln. Darin liegt vieles; unter anderem
2163 2879 3078 2955 innere Ruhe, Gleichgewicht, Weltanschauung
2158 2926 2590 2990 Verve — kurz: Reife.
2212 2971 3081 3033 Schnitzler hatte noch andere Eigenschaften, die
2163 3024 3084 3079 auch den Freund seiner Dichtung nachdenklich
2160 3069 3087 3132 stimmen konnten. Er liebte die Sentimentalität,
2158 3120 3078 3201 da, wo sie anfänat, süß zu werden. Er liebte den
3132 891 3243 958 Deba
3146 952 3229 1004 selbst
3136 998 3250 1047 ausfü
3137 1040 3244 1094 fertig
3148 1084 3219 1136 chr
3137 1126 3238 1181 Stell
3138 1217 3237 1273 Witz,
3145 1269 3233 1329 häuse
3136 1315 3251 1377 sie zu
3136 1367 3205 1417 des
3142 1410 3256 1469 glitzen
3134 1461 3236 1515 Gold
3181 1512 3247 1568 Daf
3140 1553 3242 1622 Mate
3139 1610 3243 1674 Kräft
3127 1660 3239 1717 wenig
3137 1709 3246 1769 gab
3130 1760 3254 1822 den vo
3137 1804 3249 1865 entled
3128 1851 3244 1919 wierig
3126 1900 3252 1960 diesen
3132 1950 3243 2007 motiv
3129 1998 3250 2060 in kla
3166 2050 3254 2116 Von
3138 2099 3244 2163 Diese
3137 2157 3241 2208 gange
3123 2197 3234 2264 über
3136 2250 3242 2311 entin
3160 2339 3231 2397 An
3133 2388 3237 2459 wenig
3120 2447 3200 2499 mit
3131 2493 3199 2553 Im
3132 2543 3245 2603 tenzen
3123 2586 3242 2643 Bemei
3133 2638 3243 2701 gewau
3123 2686 3249 2743 des L
3122 2733 3248 2797 herrli
3122 2781 3268 2840 Nuan
3131 2830 3250 2896 Eitelk
3128 2882 3201 2937 Im
3127 2932 3247 2987 schuld
3131 2978 3242 3034 Der „
3119 3025 3242 3090 Szene
3129 3077 3239 3135 seligke
3116 3128 3209 3203 gibt
