3392 4352
249 137 742 235 11. Reigen
949 125 1363 220 box 17/6
1850 118 2721 174 lusweisung von Ausländern gestattet.
1846 158 2718 222 die Zuteilung von Vangründen in der
1874 204 2485 263 Nachbarschaft Groß=Prags.
1851 235 2768 307 ie Deutschbürgerlichen fordern Doppel¬
1858 295 2399 355 Zählungskommissionen.
1852 332 2774 395 die Tiroler Volksabstimmung über den
1869 383 2345 452 Anschluß verschoben.
1851 418 2685 491 licht Kuropatkin, sondern Kropatkin
1872 476 2093 542 gestorben.
1850 502 2701 582 der Prager Stadtrat für den Austritt
1882 566 2216 626 aus der Kirche.
1852 596 2673 671 Internationaler Kongreß der soziali¬
1872 647 2622 716 stischen Jugendverbände in Wien.
2315 702 2770 766 W
1964 845 2904 956 Politischer „Reigen
2341 920 2725 986 Wien, 11. Feber.
1881 966 2770 1036 Der Streit um Schnitzlefs Reigen“ hat zu
1855 1026 2772 1090 inem ernstlichen Verfassungkkonflikt geführt.
1861 1068 2773 1123 er heute in einer stürnischen Sitzung des
1859 1109 2761 1172 tationalrates ausbrach. Die Gächichte des Kon¬
2801 1165 2854 1213 5
1863 1149 2772 1210 lirtes ist ganz einfach und durchsichtig. Die
1851 1190 2764 1253 leine Szenenreihe Schnitzlers, die den Liebes¬
2811 1199 2872 1259 K
1850 1234 2768 1301 ikt in seinen verschiedenen sszialen Verbrä¬
2802 1253 2854 1300 #
1859 1273 2774 1341 nungen darstellt, wird von der Dependence¬
2817 1339 2847 1384 555
2652 1315 2777 1375 dem
1861 1324 2651 1384 Bühne des Deutschen Volkstheaters,
2808 1375 2865 1412 CI
1865 1364 2776 1427 kleinen Kammerspielhaus in der Rothenturm¬
1865 1410 2783 1470 traße, seit Wochen gegeben, ohne daß irgend¬
2802 1441 2865 1520 73
1871 1449 2785 1510 emand daran. Anstoß genommen hätte. Wien
1862 1494 2777 1564 st in seiner großen Mehrheit weiß Gott keine
2806 1517 2851 1586 *
1862 1535 2771 1595 brüde Stadt. Denn gerade der Wiener Mensch
2826 1586 2876 1627 4
1858 1579 2783 1658 weiß besser, als jeder andere, Sittlichkeit von
1856 1622 2773 1692 Erotik zu scheiden. Der „Reigen“ hätte also
1861 1674 2781 1727 ruhig weitergespielt und hundert Aufführungen
1866 1714 2786 1770 erleben können, wenn nicht eines Tages die
1858 1745 2789 1824 christlichsoziale „Reichspost“ gefunden haben
1858 1794 2784 1861 würde, daß Schnitzlers Werk eine Schweinerei
1862 1829 2797 1900 und aus Sittlichkeitsgründen zu verhieten sei.
1855 1888 2786 1944 Den christlichsozialen Urhebern des Krakehls
1866 1921 2793 1991 handelte sich übrigens bei ihrem Vorstoß nicht
1863 1973 2784 2031 um die ästhetische oder ethische Seite der
1862 2014 2796 2072 Frage; ihnen war es nur um eine Probe der
1867 2049 2794 2114 Nacht, um einen politischen Rekognoszierungs¬
1869 2095 2774 2157 eitt zu tun, und dazu schien Schnitzlers „Reigen
2557 2136 2797 2197 Sie wollten
1862 2149 2491 2207 allerdings das geeignete Objekt.
1860 2181 2791 2256 mit dem oft angewendeten Sittlichkeitsrummel
1867 2224 2799 2286 ausprobieren, wer der Stärkere in Wien ist, der
1865 2267 2808 2338 sozialdemokratische Bürgermeister Reumann, der
1868 2310 2783 2375 als Landeshauptmann von Wien den „Reigen
1878 2353 2802 2421 estattet hat, oder die christlichsoziale Demago¬
1866 2392 2811 2459 gie, der es wieder danach geküstet, sich alsHerrin
1873 2438 2795 2499 Wiens aufzuspielen. Rechtlich ist Reumanns
1879 2482 2805 2543 Erlaubnis nicht umzustoßen, da er in seinem
1872 2520 2801 2591 Kreise autonom, also auch unabhängig ist von
1880 2563 2808 2629 Kabinetsbeschlüssen und Ministermeinungen.
1885 2610 2807 2671 dem Landeshauptmann untersteht auch die
1882 2649 2802 2718 Wiener Polizei, die als letztes Organ die
1886 2694 2800 2758 Theater zu überwachen hat. Die „Reichspost“¬
1882 2736 2800 2804 Krakehler haben nun solange getrommelt bis
1883 2786 2799 2840 die christlichsoziale Regierung sich entschloß, zu
1879 2825 2790 2894 der Sache Stellung zu nehmen. Natürlich
1881 2871 2800 2931 venn Herr Dr. Funder will, müssen christlich¬
1896 2912 2813 2971 oziale Minister parieren. In ihrer Mehrheit
1893 2953 2811 3021 cheuten sie jedoch davor zurück, wegen eines
1890 2996 2807 3065 Theaterstückes einen Konflikt heraufzubeschwö¬
1890 3037 2799 3101 en. Nur Herr Dr. Glanz, der Minister des
1898 3085 2812 3148 nnern, ein wenig begabter, aber sehr streb¬
1893 3119 2815 3190 amer Mann, klerikaler Einschlag, sprang für
1905 3169 2813 3237 ie Forderung der „Reichspost“ ein und ver¬
1893 3212 2809 3275 uchte über den Kopf Reumanns ein Verbot
1893 3252 2807 3310 er „Reigen“=Aufführung durchzusetzen. Der
1888 3303 2815 3355 Zürgermeister tat darauf, was ihm Gesetz und
1901 3341 2809 3401 besinnung vorschrieb, er warf das Verbot des
1911 3384 2808 3452 sinisters in den Papierkorb und ließ den
1909 3432 2337 3499 Reigen“ weiterspielen.
1928 3482 2821 3553 Die Sozialdemokraten sehen in der ganzen
1911 3539 2807 3593 ache aber einen Vorstoß des monarchistischen
1899 3572 2818 3633 klüngels, dem, mag der Anlaß selbst noch
1906 3621 2820 3676 o geringfügig sein, politisch dennoch volle Be¬
1907 3664 2816 3729 eutung zukommt. Die Christlichsozialen haben
1910 3706 2824 3772 ach der heutigen stürmischen Sitzung im Parla¬
1919 3742 2814 3811 iente mit einer Gewaltaktion gegen den „Rei¬
1906 3786 2818 3853 en“ gedroht; darauf erhielten sie die Antwort,
1915 3826 2821 3899 aß eine Störung nicht ohne Antwort bleiben
1909 3871 2817 3956 bürde. In letzter Stunde hat der Troß der
