3392 4384
286 208 792 300 11. Reigen
990 193 1399 282 box 18/3
1742 186 1788 249 W
1763 250 2721 335 ARGUS SUISSE ET IVTERNATIONA.
1998 309 2480 367 E LA PRESSE S.
1886 354 2624 415 23, rue du Rhöne — Genéve
1766 396 2732 488 Adr. télégr.: Coupures-Genève — Tél. Stand 40.05
1758 492 2734 570 Tureau International de coupures de journan#
1863 537 2615 611 Traductions de et en toutes langues
1786 646 2725 746 Correspondants dans toutes les grandes villes
1779 776 2174 875 Extrait du Journal.
2122 828 2473 1017 eese
1776 903 1963 972 Adresse:
2576 892 2703 989 1928
2454 944 2589 1032 400.
1784 1001 1899 1057 Date:
2057 1098 2759 1179 JANAU BESSANTÖTTESIAS
2063 1366 2619 1468 ienns, Badapest e Praga
2773 1386 2817 1472 an
2017 1459 2888 1543 un lavoro ancora permesso in Italia
2222 1517 2676 1587 (Nostre informazioni).
2597 1577 2830 1642 PRAGA, 22
2061 1631 2881 1688 Non ei tratta di un successo di #####
2030 1675 2876 1724 portata, mia é un successo-tanto insolito,
2019 1718 2870 1766 gurtroppo, che merita di essere segnalato,
2026 1754 2871 1791 a soddisfazione di quanti soffrono nel ve¬
2017 1798 2880 1848 der dilagare il teatro osceno, sotto gli oc¬
2019 1824 2568 1883 chi conniventi dei governi.
2060 1869 2872 1922 In Cecoslovacchia é stato proibite i1 Ju¬
2017 1909 2878 1951 rido lavoro di Arturo Schnitzhre Der
2027 1945 2875 2004 Reigen n, che gia fu respinto dal pubblico
2034 1986 2882 2032 viennese e da quello di Budapestj dove le
2021 2031 2876 2084 scene di protesta divennero taifto gravi
2021 2063 2872 2115 che la polizia dovette far cessargklo- Spet¬
2025 2099 2873 2166 tacolo per motivo di ordine pubblicole di
2030 2139 2435 2198 sicurezza personali.
2058 2163 2872 2230 II teatro di cura di Teplitz ebbe la infe¬
2021 2216 2878 2262 lice idea di dare una recita di questo la¬
2031 2259 2880 2309 oro durante la presente stagione balnen¬
2029 2299 2885 2341 re. In seguito alle proteste-di und parte
2025 2329 2876 2376 degli spettatori, si ebbe un'accesa discus¬
2029 2373 2876 2411 sione in seno all’ammninistrazione comu¬
2018 2410 2881 2460 nale di Teplitz, colld conseguenza che lo
2030 2450 2884 2492 accesso al teatro venne limitato alle sole
2018 2487 2871 2538 persone che firmassero una reversale, con
2017 2531 2873 2573 promessa di astenersi dall disturbare la
2028 2572 2873 2617 rappresentaziome. Frattanto peró l’autori¬
2030 2600 2874 2658 ta politica df prima istanza vieto la rap¬
2033 2640 2325 2693 Dresentazione,
2433 2648 2878 2695 comne era avvenuto a
2036 2679 2474 2739 Vienna d a Budapest
2478 2681 2876 2747 — per ragioni d’or¬
2028 2713 2317 2769 dine Dabblico.
2057 2755 2877 2802 La direzione del teatro presentö ricorso
2023 2801 2882 2854 catro il divieto all’autorità politica pro¬
2035 2839 2874 2890 Anciale di Praga. Ouesta peró ha ora re¬
2039 2880 2873 2931 Spinto il ricorso, dichiarando che la rap¬
2021 2915 2871 2965 presentazione del 6 Reigen s quind’innan¬
2029 2958 2886 2996 zi restava vietata per tutto il territorio
2029 2993 2626 3035 della Repubblica cecoslovaccn.
2075 3024 2887 3084 il caso di trarre un profondo respiro
2032 3072 2881 3120 edi ringraziare il Signore che ha illumi¬
2036 3112 2883 3160 nato i nostri uomini di governo a dare
2040 3144 2884 3210 juesta potente mazzata ad una delle teste
2036 3185 2810 3236 dell’idra policefala della pornografia.
2070 3269 2882 3332 Ci congratuliamo col popolo cecoslonde¬
2039 3324 2880 3362 co per questo successo, tanto piu nolevole
2031 3362 2876 3409 in quanto che i dirigenti della pubblica
2039 3408 2872 3453 cosa in quel paese non sono certo sospetti
2034 3436 2865 3491 di eccessiod sensibilitd in questa matgria.
2072 3481 2872 3525 E siamo d’ultra parte splucentissimi che
2033 3517 2866 3560 nella nostra Italia, cattolicd, riecd di buo
2033 3558 2877 3600 ne leggie di regolamenti, che dovrebbero
2038 3594 2869 3644 rscludere a priori certo genere d’arte sce¬
2037 3632 2884 3668 #icd, il turpe n Reigenn (gid tradotto in
2033 3670 2875 3711 (Girotondon) faccia capolino tutti gli annt
2032 3710 2874 3756 sui manifesti dei nostri teatri, senza che
2032 3746 2872 3795 #é u pubblico, né la polizia trovino motivo
2031 3786 2873 3835 derredgüre, e senza che interveggano con
2035 3827 2885 3871 dfleacia gli enti chiamati a vigilare sulla
2027 3866 2406 3919 pabblica moralitd.
2082 3904 2884 3946 Ma i rilegure tutto cid per cerli nostri
2054 3940 2886 3991 olleghi e di persimo gusto &# ledioso, &
2045 3981 2868 4029 sopratutto antipatriottico. Silenzio dunque,
2036 4018 2881 4061 rlasciamo a loro la fatica, Yonore # #l
2042 4057 2877 4109 ranto di sublimare il Paese sino allg stal¬
2028 4095 2479 4158 le.., del paleoscenico.
