3532 4320
410 158 548 252 11.
1115 158 1510 250 box 18/3
597 177 914 260 igen
818 883 1483 1011 Klose & Seidel
865 985 1437 1064 Bureau für Zeitungseusschnitte
799 1048 1475 1136 Berlin NO. 43, Georgenkischplatz 21
773 1208 961 1298 Zeitung:
766 1277 883 1358 Ort:
1051 1283 1146 1390 3
760 1346 946 1424 Datum:
941 1366 980 1427 —*
653 1498 1576 1614 Aus dem Heimatgebiete
1266 1591 1599 1670 Gero, 29 Juni.
663 1644 1622 1714 — Der Gemeinderat glitt gestern wieder einmal aus
597 1699 1613 1751 den Wlichen Bahnen heraus, worunter, wie immer
598 1731 1629 1781 in solchen Fällen die Tagesordnung zu leiden hatte, so
599 1771 1621 1829 daß nur zwei Pünkte zur Erledigung gelangten. Im
604 1820 1626 1865 übrigen füllte einen großen Teil der Sitzungszeit die
598 1856 1621 1907 so beliebt gewordenen Anfragen „vor Eintritt in die
600 1894 1619 1944 Tagesordnung“ aus. Zunächst verwahrte sich Stadtrat
602 1933 1617 1993 Dr. Trautner gegen Angriffe der „Tribüne“, daß
598 1981 1605 2028 er die Wiedereinführung der Schutzmann=, Behelmung
599 2022 1618 2064 angeregt hätte. Selbst von USP.=Gemeinderäten
599 2059 1616 2105 mußte zugegeben werden, daß in dieser Maßnahme
612 2090 1625 2140 keine reaktionäre Maßnahme erblickt werden dürfte.
609 2130 1626 2183 Man kann entschiedener Gegner des überwundenen
599 2168 1627 2222 Obrigkeitsstaates sein, ohne in der „Behelmung“ der
610 2217 1631 2263 Polizei heute eine Gefährdung der gegenwärtigen
610 2261 1629 2301 Staatsform zu erblicken. Hierauf kämen wieder Be¬
612 2286 1623 2342 schwerden gegen das Wohnungsamt zur Sprache, das
609 2327 1615 2381 heute ganz gewiß die unbeliebteste Einrichtung ir
605 2366 1619 2417 Gera ist. Der Oberbürgermeister nahm die Beamten
600 2405 1619 2463 u. Schutz und verwies auf, den steten Kampf, den diese
608 2440 1629 2498 wit einem großen Teil des Publikums zu führen
601 2480 1618 2539 hätten. Bei den dauernden Ausstellungen des Publi¬
599 2528 1626 2575 kums käme auch die Galle der Beamten einmal zum
916 2568 1611 2618 Weiter führte die im Residenztheate
604 2572 894 2625 Ueberlaufen. —
602 2606 1608 2662 geplante Aufführung des Schnitzlerschen „Reigen
609 2628 1626 2698 noch zu einer temperamentvollen Auseinandersetzunn.
601 2680 1617 2731 G.=M. Regner (Bürgerl.) fragte an, was der Stadt¬
601 2720 1612 2772 rat gegen die geplante Aufführung zu tun gedenke
612 2758 1624 2825 Auch die Deutschvölkischen hatten eine Protesteingabe
612 2798 1621 2855 an den Gemeinderat gerichtet. Vom Stadtratstische
610 2837 1623 2893 wurde erklärt, daß das Stück nicht mehr verboten sei,
604 2872 1619 2937 so daß man die Aufführung nicht mehr verhindern
613 2920 1616 2972 könnte. Die Jugend bis zum 18. Lebensjahre sei von
604 2958 1629 3013 dem Besuch sowieso ausgeschlossen. Zur Wahrung von
609 2995 1618 3053 Anstand und Sitte seien somit die erforderlichen Vor¬
605 3046 1621 3093 kehrungen getroffen. Der Stadtrat habe bei anderen
614 3082 1605 3140 Städten Umfrage gehalten, in denen der „Reigen
611 3113 1629 3171 aufgeführt worden sei. Man hätte über den künstleri¬
613 3154 1629 3212 schen Wert des Stückes zweifelsfreie Auskunft erhal¬
608 3193 1622 3259 ten. An die stadträtliche Beantwortung schließt sich
613 3234 1629 3292 eine längere Aussprache an. Es stellte sich jedoch her¬
607 3269 1628 3328 aus, daß keiner der Redner das Stück selbst gelesen
743 3311 1621 3368 G.=M. Fuamann bemerkte ganz richtig, daß
614 3327 683 3374 hat.
604 3360 1621 3412 man über eine Sache, die man nicht kennt, auch nicht
613 3391 1622 3446 reden könne. G.=M. Albrecht glaubt, daß jene, die
607 3432 1628 3487 Sensationen bei den Aufführungen erwarten, nicht auf
607 3476 1619 3524 ihre Kosten kommen würden. Nachdem noch eine wei¬
616 3523 1628 3568 tere, aber an sich belanglose Anfrage erledigt war,
608 3554 1631 3609 wurde endlich nach fünfviertelstündiger Vorplauderei
608 3593 1624 3649 zum Fenster hinaus in die Beratung der Tagesordnung
618 3632 1632 3682 eingetreten. Dem Oberbürgermeister kann man nur
608 3684 1634 3724 beipflichten, wenn er fordert, daß Anfragen in Zu¬
604 3702 1632 3766 kunft acht Tage vor der Sitzung eingebracht werden
598 3753 1510 3818 müßten, wenn sie Beantwortung finden sollen.
1998 1057 2666 1184 Klose & Seidel
2047 1171 2626 1254 Bureau für Zeitungsausschnitte
2001 1226 2670 1304 Berlin NO. 43, Georgenkirchplatz 21
2272 1384 2652 1483 Gera i. R
1989 1418 2172 1490 Zeitung:
1981 1498 2093 1563 Ort:
2287 1537 2723 1625 2.4 3
1991 1562 2157 1642 Datum:
1931 1647 2800 1786 7. Sitzung des Gemeinderats
2381 1786 2810 1844 Gera, 28. Juni 1921.
1931 1825 2880 1892 Värsitzender Nündel eröffnet die Sitzung bei An¬
1842 1877 2633 1934 wesen##von 39 Mitgliedern nach 5 Uhr.
1938 1906 2876 1965 AStadtratstisch: Oberbürgermeister Dr. Herir¬
1856 1954 2878 2009 furtk. Bürgermeister Leven und andere Stadtrats¬
1856 1998 2046 2052 mitglieder.
1939 2033 2888 2087 Vor Eintritt in die Tagesordnung führt Stadtrat
1852 2073 2883 2126 Dr. Trautner aus, daß in der „Tribüne“ heute ein
2317 2110 2880 2170 der sich gegen die Wieder¬
1854 2111 2315 2171 Artikel erschienen sei,
1859 2153 2888 2202 einführung des Helmes und des langen Säbels bei
1867 2190 2879 2239 der Schutzmannschaft und auch gegen Dr. Treutner
1859 2236 2876 2281 wendet. Von ihm seien die Wünsche bezüglich des
1858 2271 2882 2320 Helmes und Säbels nicht gekommen, sondern aus
1862 2300 2881 2353 Kreisen der Polizei selbst. Der Ausschuß habe der
1860 2347 2884 2397 Helmeinführung zugestimmt, daß nunmehr der Stadtrat
1860 2386 2875 2434 die Beschlüsse auszuführen habe. Angriffe gegen sein
1859 2424 2460 2485 Person weist der Redner zurück.
1943 2465 2886 2521 G.=M. Knauf (U. S.) erklärt, daß ein gewisses
1860 2494 2878 2547 Mißtrauen in seinen Kreisen berechtigt sei, weil allent
1859 2542 2879 2593 halben Wünsche auf Herbeiführung von Einrichtungen
1858 2583 2880 2628 des alten Obrigkeitsstaates wieder erkenntlich seien. Er
1863 2625 2883 2673 und seine Genossen hätten die Dickelhaube nicht ver¬
1863 2662 2890 2711 mißt. Er werde sich das Recht, reaktionären Bestre¬
1864 2696 2754 2744 bungen entgegenzutreten, nicht verkürzen lassen.
1955 2722 2879 2789 G.=M. Merkel (U. S.) stellt fest, daß der Aus
1871 2772 2886 2826 schuß die Einführung des Helmes zwar beschlossen hat,
1861 2810 2346 2865 daß er aber dagegen war.
1947 2844 2892 2906 G.=M. Jähnig (Bürgerl.) kann den Widerstand
1871 2893 2878 2945 nicht verstehen, da der Ausschuß lediglich aus Zweck
1957 2967 2882 3021 G.=M. Seifarth (Bürgerl.) meint, daß man die
1863 3008 2882 3065 kostbare Zeit nicht mit unnützen Reden verbringen sollte
1858 3054 2885 3101 In anderen Städten trüge die Polizei schon lange
1865 3071 2881 3141 Helme und kein Mensch finde etwas gefährliches darin
1942 3128 2886 3174 G.=M. Schulze (Komm.) unterstützt die Knausscheu
1876 3161 2892 3217 Ausführungen und meint, wer Helme haben wollte,
1869 3202 2279 3260 sollte sie selbst tragen.
1947 3236 2884 3299 G.=M. Voigt (U. S.) findet in dem Helm keine
1865 3282 2883 3338 gefährliche Vorschrift, da der Ausschuß tatsächlich aus
1875 3328 2734 3375 praktischen Gründen den Beschluß gefaßt habe.
1958 3359 2884 3406 G.=M. Merkel (U. S.) bemängelt sodann die
1871 3392 2886 3453 Tätigkeit des Wohnungsamtes in verschiedener Hinsich
1874 3441 2886 3493 und wünscht insbesondere eine bessere Behandlung des
1875 3476 2670 3524 Publikums durch verschiedene Beamte usw.
1955 3512 2889 3562 Oberbürgermeister Dr. Herrfurth erklärt zu¬
1863 3549 2887 3607 nächst, daß in Zukunft derartige Anfragen rechtzeitig
1874 3597 2892 3639 eingehen müssen, wenn sie beantwortet werden sollen.
1877 3633 2888 3676 Was die gerügten Mängel anbelangt, so müsse man
1872 3672 2887 3717 doch auch berücksichtigen, daß den Beamten infolge des
1876 3709 2894 3753 Austretens des Publikums auch einmal die Galle über¬
2898 740 3424 806 läuft. Wenn die Leute nich
2901 790 3413 841 so liegt das nicht an den
2906 817 3418 878 auch keine Wohnungen schaf
2981 864 3427 925 G.=M. Prager(Bürgerl
2897 891 3247 958 beamten in Schutz.
2976 936 3418 998 G.=M. Regner Bürg
2901 983 3401 1034 den Stabtrat und fragt an
2910 1021 3404 1075 Aufführung des „Reigen
2904 1063 3419 1108 Schuitler im Residenztheate
2903 1097 3419 1151 Ortsgruppe des deutsch=v#
2906 1139 3423 1192 bundes hat eine Eingabe an
2910 1182 3390 1225 gegen diese Aufführungen.
2902 1220 3381 1260 klärt, daß das Stück nicht
2985 1253 3405 1298 Oberlehrer G.=M. G
2903 1291 3417 1338 daß die Aufführung ein St
2903 1335 3421 1381 zieher müsse er sich aus sit
2907 1368 3361 1430 Aufführung aussprechen.
2983 1408 3429 1465 G.=M. Schulze (Komn
2902 1446 3437 1513 Arbeitern derartige Aufführt
2901 1489 3412 1542 würden. Diejenigen, die
2903 1528 3428 1583 brauchten doch nicht hinzug
2903 1564 3422 1618 üblichen Ausfällen auf die
2985 1607 3426 1654 Lehrer G.=M. Schulze
2898 1642 3398 1698 daß solche Aufführungen
2906 1678 3426 1728 fördern müssen. Es sei beda
2901 1724 3429 1769 Handhabe besitze, solche Unte
2917 1761 3428 1827 ollte deshalb das bürgerlich
2916 1800 3398 1847 Stellung dagegen nehmen.
2994 1838 3440 1891 G.=M. Knauf (U.S.) be
2906 1865 3382 1934 künstlerischen Standpunkt
2916 1916 3426 1970 Reinen alles rein sein müßt
2975 1960 3435 2011 G.=M. Albrecht (U.S.
2909 1987 3421 2042 für gefährlich und viele, die
2911 2036 3435 2082 würden nicht auf ihre Kosten
2990 2075 3436 2131 G.=M. Greil (U.S.) me
2918 2111 3430 2162 solcher Aufführungen wahr
2916 2158 3437 2207 Kreise in erster Linie vertret
2915 2196 3427 2244 unter 18 Jahren sei der Z
2907 2232 3428 2294 habe die Behörde ihre Pflick
2990 2268 3430 2314 G.=M. Fugmann (M.
2924 2290 3443 2368 ührungen scharf und betont
2919 2348 3375 2397 ginge, die Unternehmer
2914 2383 3438 2441 sich allein aufführen könnten
2989 2426 3417 2479 G.=M. Dr. Rau (U.
2919 2463 3435 2506 Schülern gehört, daß die Au
2912 2503 3437 2554 Interesse beanspruchen dürf
2923 2537 3433 2604 gewollte Reklameaussprache
2918 2583 3008 2640 endet
2995 2607 3441 2674 Nachdem noch auf eine
2916 2659 3437 2706 und Gen. vom Stadtrat erk
2917 2738 3437 2787 der Gebührnisse der Ruhestät
2925 2777 3435 2833 nach über einstündiger Ausst
2919 2819 3125 2872 eingetreten.
2994 2848 3400 2900 1. Haushaltplan
2926 2895 3439 2951 ind bauliche Instandsetzt
2919 2936 3421 2985 Bei dem Entwurf handelt
2929 2973 3449 3017 usgabeseite, um bestimmte
2920 3014 3427 3055 während die Einnahmeseite
2917 3052 3438 3100 ratung des Haushaltolane
2925 3091 3440 3139 verden soll. Die Einnahme
2924 3131 3446 3179 Arbeiten gänzlich ohne Bela
2925 3169 3436 3218 zu verzeichnen auf Grund
2916 3206 3436 3248 bühren, bezw. bei den Sch
2926 3244 3440 3293 Uebertragung von einer städ
2923 3289 3445 3335 darstellen. 1. Zum Haushalt
2921 3323 3445 3380 Der vorgelegte Entwurf schl
2927 3363 3442 3420 haltplan mit einer Gesamtst
2930 3391 3442 3454 m außerordentlichen mit
2916 3437 3435 3491 2922525.10 M. 2. Zum Ha
2917 3481 3445 3525 standsetzung der Schulgebäu
2934 3514 3445 3562 Stadtrat wesentliche Streich
2926 3552 3447 3603 den. Für die gesamten bau
2928 3595 3442 3645 Schulen wären nach dem u
2931 3630 3449 3685 gesamt rund 590000 M. nöt
2933 3668 3427 3724 die weit über den Rahmen
2917 3709 3443 3751 diese Arbeiten zur Verfürm
