<?xml version="1.0" encoding="UTF-8" standalone="yes"?>
<PcGts xmlns="http://schema.primaresearch.org/PAGE/gts/pagecontent/2013-07-15" xmlns:xsi="http://www.w3.org/2001/XMLSchema-instance" xsi:schemaLocation="http://schema.primaresearch.org/PAGE/gts/pagecontent/2013-07-15 http://schema.primaresearch.org/PAGE/gts/pagecontent/2013-07-15/pagecontent.xsd">
    <Metadata>
        <Creator>prov=University of Rostock/Institute of Mathematics/CITlab/Gundram Leifert/gundram.leifert@uni-rostock.de:name=ONB_Newseye_GT_M1+(htr_id=10810)::::v=2.4.3
prov=University of Rostock/Institute of Mathematics/CITlab/Tobias Gruening/tobias.gruening@uni-rostock.de:name=de.uros.citlab.module.baseline2polygon.B2PSeamMultiOriented:v=2.4.3
prov=University of Rostock/Institute of Mathematics/CITlab/Tobias Gruening/tobias.gruening@uni-rostock.de:name=/net_tf/LA73_249_0mod360.pb:de.uros.citlab.segmentation.CITlab_LA_ML:v=2.4.3
Transkribus</Creator>
        <Created>2019-10-07T11:42:07.185+02:00</Created>
        <LastChange>2019-12-05T02:39:39.334+01:00</LastChange>
        <TranskribusMetadata docId="223982" pageId="9505854" pageNr="1039" tsid="20422651" status="IN_PROGRESS" userId="40391" imgUrl="https://files.transkribus.eu/Get?id=VVHGLAHXRXTSLMIZDMPTOTSX&amp;fileType=view" xmlUrl="https://files.transkribus.eu/Get?id=OJCEGLBWKTHIJTPREYNPNRYL" imageId="6196068"/>
    </Metadata>
    <Page imageFilename="223982_1039.jpeg" imageWidth="3436" imageHeight="4256">
        <ReadingOrder>
            <OrderedGroup id="ro_1711448804352" caption="Regions reading order">
                <RegionRefIndexed index="0" regionRef="r1"/>
                <RegionRefIndexed index="1" regionRef="r2"/>
            </OrderedGroup>
        </ReadingOrder>
        <TextRegion orientation="0.0" id="r1" custom="readingOrder {index:0;}">
            <Coords points="380,198 380,3299 1696,3299 1696,198"/>
            <TextLine id="r1l1" custom="readingOrder {index:0;}">
                <Coords points="372,232 531,225 585,253 878,250 880,178 858,174 734,185 702,167 622,178 586,163 514,204 420,158 374,166"/>
                <Baseline points="380,219 405,221 431,221 457,222 483,223 509,224 535,225 560,226 586,226 612,228 638,228 664,229 690,230 715,231 741,231 767,232 793,232 819,233 845,233 871,233"/>
                <TextEquiv>
                    <Unicode>11. Reigen</Unicode>
                </TextEquiv>
            </TextLine>
            <TextLine id="r1l2" custom="readingOrder {index:1;}">
                <Coords points="1068,240 1231,227 1287,244 1374,230 1411,251 1434,231 1489,230 1490,174 1416,169 1381,188 1362,168 1315,165 1252,198 1198,178 1108,183 1069,165"/>
                <Baseline points="1075,222 1100,224 1125,225 1151,226 1176,227 1201,228 1227,228 1252,228 1278,228 1303,228 1328,228 1354,228 1379,228 1404,229 1430,229 1455,229 1481,229"/>
                <TextEquiv>
                    <Unicode>box 18/3</Unicode>
                </TextEquiv>
            </TextLine>
            <TextLine id="r1l3" custom="readingOrder {index:2;}">
                <Coords points="650,750 793,756 849,737 907,755 967,730 1017,751 1222,749 1222,687 1201,680 1060,679 1014,716 977,716 942,693 854,702 819,678 711,676 687,698 651,676"/>
                <Baseline points="658,738 685,737 713,737 741,737 769,737 797,737 825,737 852,737 880,737 908,737 936,737 964,738 992,738 1020,738 1047,738 1075,739 1103,739 1131,739 1159,739 1187,739 1215,739"/>
                <TextEquiv>
                    <Unicode>Klose d Seidel</Unicode>
                </TextEquiv>
            </TextLine>
            <TextLine id="r1l4" custom="readingOrder {index:3;}">
                <Coords points="650,812 1221,820 1221,782 1180,758 899,770 824,754 785,776 650,759"/>
                <Baseline points="657,802 684,803 712,803 740,804 768,804 796,804 823,804 851,804 879,804 907,804 935,804 962,803 990,803 1018,803 1046,803 1074,803 1101,803 1129,804 1157,804 1185,805 1213,806"/>
                <TextEquiv>
                    <Unicode>Burean für Zeitungsausschnit#e</Unicode>
                </TextEquiv>
            </TextLine>
            <TextLine id="r1l5" custom="readingOrder {index:4;}">
                <Coords points="586,877 1270,881 1270,826 1249,820 1013,836 896,817 801,839 740,815 586,821"/>
                <Baseline points="594,863 627,864 660,864 694,865 727,865 761,865 794,865 827,865 861,865 894,865 928,865 961,865 994,865 1028,865 1061,865 1095,865 1128,865 1161,865 1195,865 1228,865 1262,866"/>
                <TextEquiv>
                    <Unicode>Ban NO. 48. Oeorgenkirchplatz mn</Unicode>
                </TextEquiv>
            </TextLine>
            <TextLine id="r1l6" custom="readingOrder {index:5;}">
                <Coords points="946,962 1082,955 1151,982 1216,950 1326,960 1375,935 1375,907 1317,903 1296,886 1239,896 1202,885 1155,901 1069,885 1034,903 947,891"/>
                <Baseline points="954,952 979,949 1005,947 1031,946 1057,945 1083,945 1109,945 1135,945 1161,945 1186,946 1212,947 1238,948 1264,949 1290,950 1316,951 1342,952 1368,953"/>
                <TextEquiv>
                    <Unicode>7. Courier</Unicode>
                </TextEquiv>
            </TextLine>
            <TextLine id="r1l7" custom="readingOrder {index:6;}">
                <Coords points="571,1046 589,1050 644,1034 674,1062 705,1062 722,1047 757,1041 759,997 726,1001 712,994 688,1002 659,983 623,994 574,980"/>
                <Baseline points="579,1030 607,1028 636,1028 664,1029 693,1031 721,1033 750,1035"/>
                <TextEquiv>
                    <Unicode>Zeitung:</Unicode>
                </TextEquiv>
            </TextLine>
            <TextLine id="r1l8" custom="readingOrder {index:7;}">
                <Coords points="568,1114 580,1115 595,1104 601,1107 607,1103 618,1112 624,1108 640,1120 648,1114 659,1115 667,1108 674,1108 677,1058 661,1062 642,1059 634,1066 621,1054 611,1055 601,1044 587,1050 572,1045"/>
                <Baseline points="576,1097 606,1097 636,1098 667,1102"/>
                <TextEquiv>
                    <Unicode>Ort:</Unicode>
                </TextEquiv>
            </TextLine>
            <TextLine id="r1l9" custom="readingOrder {index:8;}">
                <Coords points="569,1167 600,1177 637,1173 669,1182 688,1175 746,1181 747,1142 723,1142 706,1131 664,1134 638,1119 628,1126 594,1119 580,1128 570,1125"/>
                <Baseline points="577,1167 604,1166 631,1166 658,1166 685,1168 712,1169 739,1170"/>
                <TextEquiv>
                    <Unicode>Datum:</Unicode>
                </TextEquiv>
            </TextLine>
            <TextLine id="r1l10" custom="readingOrder {index:9;}">
                <Coords points="1120,1189 1136,1191 1148,1202 1170,1199 1200,1183 1247,1191 1263,1182 1285,1190 1286,1155 1256,1156 1231,1139 1193,1133 1164,1113 1155,1119 1142,1112 1121,1116"/>
                <Baseline points="1128,1173 1153,1173 1178,1173 1203,1173 1228,1174 1253,1174 1278,1175"/>
                <TextEquiv>
                    <Unicode>54</Unicode>
                </TextEquiv>
            </TextLine>
            <TextLine id="r1l11" custom="readingOrder {index:10;}">
                <Coords points="616,1403 799,1380 1533,1413 1613,1397 1614,1356 617,1327"/>
                <Baseline points="624,1377 673,1376 722,1376 771,1376 820,1376 869,1376 918,1377 967,1378 1016,1379 1065,1380 1115,1381 1164,1382 1213,1384 1262,1385 1311,1386 1360,1388 1409,1390 1458,1391 1507,1392 1556,1393 1606,1394"/>
                <TextEquiv>
                    <Unicode>Zur Aufführung von Schnißlers Reigen</Unicode>
                </TextEquiv>
            </TextLine>
            <TextLine id="r1l12" custom="readingOrder {index:11;}">
                <Coords points="855,1457 1206,1446 1319,1471 1347,1462 1349,1394 1162,1392 1135,1409 1071,1388 1003,1401 857,1389"/>
                <Baseline points="864,1433 889,1433 914,1433 939,1434 964,1435 989,1435 1014,1436 1039,1437 1064,1437 1089,1438 1114,1439 1139,1440 1164,1441 1189,1441 1214,1442 1239,1442 1264,1443 1289,1443 1314,1443 1340,1443"/>
                <TextEquiv>
                    <Unicode>im Residenztheäter.</Unicode>
                </TextEquiv>
            </TextLine>
            <TextLine id="r1l13" custom="readingOrder {index:12;}">
                <Coords points="584,1491 1703,1519 1679,1462 1506,1492 585,1444"/>
                <Baseline points="591,1486 646,1487 701,1488 756,1489 811,1490 867,1491 922,1492 977,1494 1032,1495 1087,1496 1143,1498 1198,1500 1253,1501 1308,1503 1363,1505 1419,1506 1474,1508 1529,1509 1584,1511 1639,1512 1695,1514"/>
                <TextEquiv>
                    <Unicode>Athur Schnitzlers 1896/97 geschriebenen, 1900 gedruckten</Unicode>
                </TextEquiv>
            </TextLine>
            <TextLine id="r1l14" custom="readingOrder {index:13;}">
                <Coords points="511,1534 1704,1562 1705,1520 1497,1507 512,1501"/>
                <Baseline points="519,1526 577,1527 636,1528 695,1529 754,1530 813,1532 872,1533 930,1534 989,1535 1048,1536 1107,1537 1166,1539 1225,1540 1284,1541 1342,1543 1401,1545 1460,1547 1519,1549 1578,1551 1637,1553 1696,1555"/>
                <TextEquiv>
                    <Unicode>„Reigen zu lesen, ist für wirklich erwachsene Menschen ein er¬</Unicode>
                </TextEquiv>
            </TextLine>
            <TextLine id="r1l15" custom="readingOrder {index:14;}">
                <Coords points="510,1575 1681,1605 1701,1564 511,1534"/>
                <Baseline points="518,1565 576,1566 635,1567 694,1568 752,1569 811,1570 870,1571 928,1573 987,1574 1046,1576 1105,1577 1163,1579 1222,1580 1281,1582 1339,1584 1398,1586 1457,1588 1515,1590 1574,1592 1633,1594 1692,1596"/>
                <TextEquiv>
                    <Unicode>tragvalles Unternehmen. Der Mensch dürfte so sein, wie er sich</Unicode>
                </TextEquiv>
            </TextLine>
            <TextLine id="r1l16" custom="readingOrder {index:15;}">
                <Coords points="518,1609 1681,1651 1703,1601 519,1571"/>
                <Baseline points="526,1603 584,1604 642,1606 701,1608 759,1609 818,1611 876,1612 934,1614 993,1616 1051,1617 1110,1619 1168,1620 1226,1622 1285,1623 1343,1625 1402,1626 1460,1628 1518,1629 1577,1631 1635,1633 1694,1634"/>
                <TextEquiv>
                    <Unicode>in diesen zehn Dialogen ausgiebig verrät. Schnitzler ist nicht</Unicode>
                </TextEquiv>
            </TextLine>
            <TextLine id="r1l17" custom="readingOrder {index:16;}">
                <Coords points="509,1664 1633,1696 1689,1650 510,1612"/>
                <Baseline points="516,1644 574,1646 632,1647 690,1648 749,1650 807,1652 865,1653 923,1655 982,1657 1040,1659 1098,1660 1156,1662 1215,1664 1273,1666 1331,1667 1389,1668 1448,1670 1506,1671 1564,1672 1622,1673 1681,1674"/>
                <TextEquiv>
                    <Unicode>irgendwie aufs Lüsterne eingestellt, sondern gonz auf die Kurio¬</Unicode>
                </TextEquiv>
            </TextLine>
            <TextLine id="r1l18" custom="readingOrder {index:17;}">
                <Coords points="511,1781 1687,1814 1688,1752 512,1737"/>
                <Baseline points="518,1775 576,1777 634,1779 692,1781 750,1783 808,1784 866,1786 924,1787 982,1789 1040,1790 1099,1791 1157,1793 1215,1794 1273,1795 1331,1797 1389,1798 1447,1800 1505,1802 1563,1803 1621,1805 1680,1807"/>
                <TextEquiv>
                    <Unicode>ität Mensch. Und daß er den Kranz dieser verschiedenen und</Unicode>
                </TextEquiv>
            </TextLine>
            <TextLine id="r1l19" custom="readingOrder {index:18;}">
                <Coords points="495,1825 1683,1860 1684,1824 1610,1805 497,1783"/>
                <Baseline points="503,1818 561,1818 620,1819 678,1820 737,1821 796,1823 854,1824 913,1826 972,1827 1030,1829 1089,1831 1148,1832 1206,1835 1265,1836 1324,1839 1382,1841 1441,1843 1500,1845 1558,1847 1617,1848 1676,1851"/>
                <TextEquiv>
                    <Unicode>doch so gleichen Menschlichkeiten mit Grazie zu flechten wußte,</Unicode>
                </TextEquiv>
            </TextLine>
            <TextLine id="r1l20" custom="readingOrder {index:19;}">
                <Coords points="492,1868 1156,1885 1143,1838 493,1825"/>
                <Baseline points="500,1855 532,1856 564,1857 597,1858 629,1859 662,1860 694,1861 727,1862 759,1863 792,1863 824,1864 856,1865 889,1866 921,1866 954,1867 986,1868 1019,1869 1051,1870 1084,1871 1116,1872 1149,1874"/>
                <TextEquiv>
                    <Unicode>wollen wir ihm nicht übel nehmen.</Unicode>
                </TextEquiv>
            </TextLine>
            <TextLine id="r1l21" custom="readingOrder {index:20;}">
                <Coords points="579,1912 1683,1948 1684,1900 1605,1884 580,1874"/>
                <Baseline points="586,1905 640,1907 695,1909 749,1910 804,1912 858,1913 913,1915 967,1916 1022,1918 1076,1919 1131,1921 1185,1923 1240,1924 1294,1926 1349,1928 1403,1929 1458,1931 1512,1933 1567,1935 1621,1937 1676,1939"/>
                <TextEquiv>
                    <Unicode>Ein anderes ist die Aufführung. Notwendig drängt sich auf</Unicode>
                </TextEquiv>
            </TextLine>
            <TextLine id="r1l22" custom="readingOrder {index:21;}">
                <Coords points="484,1950 1630,1992 1676,1953 485,1912"/>
                <Baseline points="491,1942 549,1944 608,1946 667,1948 726,1950 785,1952 844,1953 902,1955 961,1956 1020,1958 1079,1960 1138,1962 1197,1963 1256,1965 1314,1967 1373,1968 1432,1970 1491,1972 1550,1974 1609,1977 1668,1979"/>
                <TextEquiv>
                    <Unicode>der Bühne das Geschehen, das sich zehnfach wiederholt, vor,</Unicode>
                </TextEquiv>
            </TextLine>
            <TextLine id="r1l23" custom="readingOrder {index:22;}">
                <Coords points="497,1989 1598,2032 1683,2026 1684,1995 498,1952"/>
                <Baseline points="504,1983 562,1985 621,1986 679,1988 738,1990 797,1991 855,1993 914,1995 972,1997 1031,1999 1090,2000 1148,2002 1207,2004 1265,2005 1324,2008 1383,2010 1441,2011 1500,2013 1558,2014 1617,2016 1676,2018"/>
                <TextEquiv>
                    <Unicode>während es im Buche hinter dem Dialog zurücktritt. Zuschauen</Unicode>
                </TextEquiv>
            </TextLine>
            <TextLine id="r1l24" custom="readingOrder {index:23;}">
                <Coords points="491,2034 1669,2065 1670,2026 1625,2021 493,1988"/>
                <Baseline points="499,2024 557,2025 615,2027 673,2029 731,2030 789,2032 847,2033 906,2035 964,2037 1022,2038 1080,2040 1138,2041 1196,2043 1254,2045 1313,2047 1371,2049 1429,2051 1487,2052 1545,2054 1603,2056 1662,2058"/>
                <TextEquiv>
                    <Unicode>im Theater ist ein gesellschaftliches Unternehmen. Mensch sitzt</Unicode>
                </TextEquiv>
            </TextLine>
            <TextLine id="r1l25" custom="readingOrder {index:24;}">
                <Coords points="492,2067 1668,2105 1669,2065 1595,2057 493,2033"/>
                <Baseline points="500,2063 558,2064 616,2067 674,2068 732,2070 790,2072 848,2074 906,2075 964,2077 1022,2079 1080,2080 1138,2082 1196,2084 1254,2085 1312,2087 1370,2089 1428,2090 1486,2093 1544,2094 1602,2096 1661,2098"/>
                <TextEquiv>
                    <Unicode>neben Mensch, Erlebnis geschieht gemeinsam. Die Frau befindet</Unicode>
                </TextEquiv>
            </TextLine>
            <TextLine id="r1l26" custom="readingOrder {index:25;}">
                <Coords points="497,2108 1590,2152 1667,2143 1668,2105 498,2067"/>
                <Baseline points="504,2101 561,2104 619,2105 677,2107 735,2109 793,2111 850,2113 908,2115 966,2116 1024,2118 1082,2120 1139,2121 1197,2123 1255,2124 1313,2126 1371,2128 1428,2129 1486,2131 1544,2133 1602,2135 1660,2137"/>
                <TextEquiv>
                    <Unicode>sich in der Oeffentlichkeit. Daß eine Frau schamlos ist, die unter</Unicode>
                </TextEquiv>
            </TextLine>
            <TextLine id="r1l27" custom="readingOrder {index:26;}">
                <Coords points="485,2146 1670,2184 1671,2143 1495,2128 486,2114"/>
                <Baseline points="492,2141 550,2143 609,2144 667,2146 726,2148 784,2150 843,2152 901,2153 960,2155 1018,2157 1077,2159 1135,2161 1194,2163 1252,2165 1311,2167 1369,2169 1428,2171 1486,2173 1545,2175 1603,2176 1662,2177"/>
                <TextEquiv>
                    <Unicode>männlichen Blicken diesen Dialogen zuhört, zusieht, steht für uns</Unicode>
                </TextEquiv>
            </TextLine>
            <TextLine id="r1l28" custom="readingOrder {index:27;}">
                <Coords points="480,2195 1631,2228 1669,2184 481,2145"/>
                <Baseline points="487,2181 545,2183 604,2184 663,2186 721,2188 780,2189 839,2191 897,2193 956,2195 1015,2196 1074,2198 1132,2200 1191,2201 1250,2203 1308,2205 1367,2207 1426,2209 1484,2211 1543,2213 1602,2215 1661,2217"/>
                <TextEquiv>
                    <Unicode>fest. Daß ein Mann schamlos ist, dem die Gemeinsamkeit des Zu¬</Unicode>
                </TextEquiv>
            </TextLine>
            <TextLine id="r1l29" custom="readingOrder {index:28;}">
                <Coords points="484,2231 1647,2265 1660,2221 485,2183"/>
                <Baseline points="491,2220 549,2221 607,2223 665,2224 723,2226 781,2227 839,2229 897,2231 955,2233 1013,2235 1071,2237 1129,2239 1187,2240 1245,2242 1303,2244 1361,2246 1419,2248 1477,2249 1535,2251 1593,2253 1651,2254"/>
                <TextEquiv>
                    <Unicode>schauens nicht zuwider wird, ebenso. Ein Theater „für Herren“</Unicode>
                </TextEquiv>
            </TextLine>
            <TextLine id="r1l30" custom="readingOrder {index:29;}">
                <Coords points="483,2264 1489,2306 1663,2305 1665,2261 484,2231"/>
                <Baseline points="491,2259 549,2261 607,2263 665,2264 724,2266 782,2268 840,2270 898,2272 957,2273 1015,2275 1073,2277 1131,2278 1190,2280 1248,2282 1306,2284 1364,2286 1423,2287 1481,2289 1539,2291 1597,2294 1656,2295"/>
                <TextEquiv>
                    <Unicode>wollen wir nicht, brauchen wir nicht. Die unendlich zerstörende</Unicode>
                </TextEquiv>
            </TextLine>
            <TextLine id="r1l31" custom="readingOrder {index:30;}">
                <Coords points="485,2312 1652,2350 1666,2305 486,2263"/>
                <Baseline points="492,2300 550,2301 608,2303 666,2305 725,2306 783,2308 841,2310 900,2311 958,2313 1016,2315 1075,2316 1133,2318 1191,2320 1249,2322 1308,2324 1366,2326 1424,2328 1483,2330 1541,2332 1599,2335 1658,2336"/>
                <TextEquiv>
                    <Unicode>Herauszerrung alles Geheimen auf die Straße ist ein Leichtes,</Unicode>
                </TextEquiv>
            </TextLine>
            <TextLine id="r1l32" custom="readingOrder {index:31;}">
                <Coords points="484,2348 1657,2389 1669,2346 485,2313"/>
                <Baseline points="491,2340 549,2341 607,2343 666,2345 724,2347 783,2348 841,2350 900,2352 958,2354 1017,2355 1075,2357 1133,2359 1192,2361 1250,2363 1309,2365 1367,2367 1426,2369 1484,2371 1543,2373 1601,2376 1660,2378"/>
                <TextEquiv>
                    <Unicode>man lasse nur der Spekulation ganze Bewegungsfreiheit. Aber,</Unicode>
                </TextEquiv>
            </TextLine>
            <TextLine id="r1l33" custom="readingOrder {index:32;}">
                <Coords points="484,2382 1388,2438 1661,2419 1662,2389 485,2347"/>
                <Baseline points="492,2377 550,2379 608,2381 666,2384 724,2385 782,2387 840,2389 898,2391 956,2394 1014,2395 1073,2398 1131,2399 1189,2401 1247,2402 1305,2405 1363,2406 1421,2408 1479,2410 1537,2411 1595,2413 1654,2415"/>
                <TextEquiv>
                    <Unicode>was noch nicht verroht ist im heutigen deutschen Volk, wird es</Unicode>
                </TextEquiv>
            </TextLine>
            <TextLine id="r1l34" custom="readingOrder {index:33;}">
                <Coords points="480,2438 653,2421 710,2440 819,2431 940,2449 941,2403 906,2394 775,2404 668,2384 651,2400 482,2382"/>
                <Baseline points="488,2417 514,2418 540,2419 566,2420 592,2420 618,2422 644,2422 670,2424 696,2424 723,2425 749,2426 775,2427 801,2428 827,2429 853,2430 879,2431 905,2432 932,2433"/>
                <TextEquiv>
                    <Unicode>in Bälde dann auch sein.</Unicode>
                </TextEquiv>
            </TextLine>
            <TextLine id="r1l35" custom="readingOrder {index:34;}">
                <Coords points="552,2478 1653,2514 1654,2474 1573,2463 553,2440"/>
                <Baseline points="559,2474 613,2475 667,2476 721,2477 776,2479 830,2480 884,2482 939,2483 993,2485 1047,2486 1102,2488 1156,2490 1210,2491 1264,2493 1319,2495 1373,2497 1427,2499 1482,2500 1536,2502 1590,2504 1645,2505"/>
                <TextEquiv>
                    <Unicode>Kein großes Werk wird der Bühne gewonnen, kein verkann¬</Unicode>
                </TextEquiv>
            </TextLine>
            <TextLine id="r1l36" custom="readingOrder {index:35;}">
                <Coords points="473,2515 1593,2552 1582,2506 474,2470"/>
                <Baseline points="480,2509 535,2511 590,2513 645,2515 701,2516 756,2518 811,2520 866,2522 922,2523 977,2525 1032,2527 1087,2528 1143,2530 1198,2531 1253,2533 1308,2534 1364,2536 1419,2537 1474,2539 1529,2540 1585,2542"/>
                <TextEquiv>
                    <Unicode>ter Dichter geretiet — warum muß also aufgeführt werden?</Unicode>
                </TextEquiv>
            </TextLine>
            <TextLine id="r1l37" custom="readingOrder {index:36;}">
                <Coords points="468,2555 1654,2598 1625,2543 469,2515"/>
                <Baseline points="476,2549 534,2551 593,2552 651,2554 710,2556 768,2557 827,2559 885,2561 944,2563 1002,2565 1061,2567 1120,2569 1178,2570 1237,2573 1295,2575 1354,2576 1412,2578 1471,2580 1529,2582 1588,2584 1647,2586"/>
                <TextEquiv>
                    <Unicode>Niemand gab Beifull in der Aufführung am Donnerstag, die</Unicode>
                </TextEquiv>
            </TextLine>
            <TextLine id="r1l38" custom="readingOrder {index:37;}">
                <Coords points="464,2593 1074,2630 1251,2626 1253,2585 465,2556"/>
                <Baseline points="472,2590 510,2590 549,2592 587,2592 626,2593 665,2595 703,2595 742,2597 780,2597 819,2599 858,2600 896,2601 935,2602 973,2603 1012,2604 1051,2605 1089,2607 1128,2608 1166,2609 1205,2611 1244,2612"/>
                <TextEquiv>
                    <Unicode>wir sahen. Aus Verlegenheit offensichtlich.</Unicode>
                </TextEquiv>
            </TextLine>
            <TextLine id="r1l39" custom="readingOrder {index:38;}">
                <Coords points="540,2644 1645,2687 1645,2635 1424,2645 1347,2611 541,2606"/>
                <Baseline points="547,2640 601,2641 656,2643 710,2644 765,2646 819,2648 874,2649 928,2651 983,2653 1037,2654 1092,2656 1147,2657 1201,2659 1256,2661 1310,2663 1365,2665 1419,2667 1474,2669 1528,2671 1583,2673 1638,2675"/>
                <TextEquiv>
                    <Unicode>Ein Polizeipräsident verbietet und läßt sich den Tag darauf</Unicode>
                </TextEquiv>
            </TextLine>
            <TextLine id="r1l40" custom="readingOrder {index:39;}">
                <Coords points="465,2685 1555,2729 1642,2724 1644,2687 466,2647"/>
                <Baseline points="473,2676 531,2678 589,2680 647,2682 705,2684 763,2686 821,2688 879,2689 937,2691 995,2693 1054,2695 1112,2697 1170,2699 1228,2701 1286,2703 1344,2705 1402,2707 1460,2708 1518,2711 1576,2713 1635,2715"/>
                <TextEquiv>
                    <Unicode>wieder umstimmen, und schon wird eine weitere Aufführung des</Unicode>
                </TextEquiv>
            </TextLine>
            <TextLine id="r1l41" custom="readingOrder {index:40;}">
                <Coords points="465,2719 1657,2762 1652,2720 466,2687"/>
                <Baseline points="472,2717 530,2719 589,2721 648,2723 707,2725 766,2727 825,2729 883,2731 942,2733 1001,2735 1060,2737 1119,2739 1178,2741 1237,2743 1295,2745 1354,2747 1413,2749 1472,2751 1531,2752 1590,2754 1649,2756"/>
                <TextEquiv>
                    <Unicode>Stückes für den kommenden Sonntag angekündigt, wobei man</Unicode>
                </TextEquiv>
            </TextLine>
            <TextLine id="r1l42" custom="readingOrder {index:41;}">
                <Coords points="468,2778 1475,2804 1477,2759 470,2723"/>
                <Baseline points="476,2756 525,2758 575,2760 624,2762 674,2763 724,2765 773,2767 823,2768 872,2770 922,2772 972,2773 1021,2775 1071,2776 1120,2778 1170,2779 1220,2781 1269,2782 1319,2784 1368,2786 1418,2787 1468,2789"/>
                <TextEquiv>
                    <Unicode>diesmal die Faxe mit den „Cinladungen“ fallen läßt.</Unicode>
                </TextEquiv>
            </TextLine>
            <TextLine id="r1l43" custom="readingOrder {index:42;}">
                <Coords points="529,2809 1645,2849 1646,2807 1495,2793 531,2772"/>
                <Baseline points="537,2806 592,2808 647,2811 702,2813 757,2815 812,2816 867,2818 922,2820 977,2821 1032,2823 1087,2825 1142,2827 1197,2828 1252,2829 1307,2831 1362,2834 1417,2836 1472,2837 1527,2839 1582,2841 1637,2844"/>
                <TextEquiv>
                    <Unicode>Verständlich, wenn Theater — die heute bekanntlich hart</Unicode>
                </TextEquiv>
            </TextLine>
            <TextLine id="r1l44" custom="readingOrder {index:43;}">
                <Coords points="454,2859 518,2846 619,2871 690,2854 737,2870 761,2859 797,2866 815,2859 816,2826 771,2818 732,2829 713,2819 680,2833 657,2819 586,2825 540,2810 516,2827 473,2813 455,2820"/>
                <Baseline points="462,2850 488,2850 515,2850 541,2850 568,2851 595,2852 621,2852 648,2853 674,2854 701,2855 728,2856 754,2857 781,2857 808,2858"/>
                <TextEquiv>
                    <Unicode>zu kämpfen haben</Unicode>
                </TextEquiv>
            </TextLine>
            <TextLine id="r1l45" custom="readingOrder {index:44;}">
                <Coords points="815,2859 1638,2894 1621,2852 816,2832"/>
                <Baseline points="823,2859 863,2860 903,2860 944,2862 984,2863 1025,2864 1065,2866 1105,2867 1146,2869 1186,2870 1227,2871 1267,2873 1307,2875 1348,2876 1388,2877 1429,2878 1469,2879 1509,2880 1550,2881 1590,2882 1631,2882"/>
                <TextEquiv>
                    <Unicode>—, sich Stücke sichern und aufzuführen ver¬</Unicode>
                </TextEquiv>
            </TextLine>
            <TextLine id="r1l46" custom="readingOrder {index:45;}">
                <Coords points="455,2896 1168,2921 1236,2878 456,2860"/>
                <Baseline points="462,2886 500,2887 538,2889 576,2890 615,2891 653,2893 691,2894 729,2895 768,2896 806,2896 844,2897 882,2898 921,2899 959,2900 997,2901 1035,2902 1074,2904 1112,2906 1150,2908 1188,2909 1227,2911"/>
                <TextEquiv>
                    <Unicode>pflichten, die sonst die „Konkurrenz“</Unicode>
                </TextEquiv>
            </TextLine>
            <TextLine id="r1l47" custom="readingOrder {index:46;}">
                <Coords points="1234,2913 1283,2925 1306,2915 1338,2933 1371,2917 1408,2930 1446,2918 1634,2931 1636,2894 1235,2879"/>
                <Baseline points="1242,2909 1267,2910 1293,2911 1319,2912 1344,2913 1370,2914 1396,2915 1422,2916 1447,2916 1473,2917 1499,2918 1525,2919 1550,2919 1576,2921 1602,2921 1628,2923"/>
                <TextEquiv>
                    <Unicode>erfolgreich ausbeuten</Unicode>
                </TextEquiv>
            </TextLine>
            <TextLine id="r1l48" custom="readingOrder {index:47;}">
                <Coords points="463,2935 1606,2977 1633,2929 464,2899"/>
                <Baseline points="471,2927 528,2928 586,2929 643,2931 701,2932 759,2934 816,2936 874,2938 932,2940 989,2942 1047,2944 1105,2945 1162,2947 1220,2950 1278,2951 1335,2953 1393,2955 1451,2957 1508,2958 1566,2960 1624,2961"/>
                <TextEquiv>
                    <Unicode>würde. Schwer verständlich aber, daß Polizei= oder Oberpräsi¬</Unicode>
                </TextEquiv>
            </TextLine>
            <TextLine id="r1l49" custom="readingOrder {index:48;}">
                <Coords points="462,2976 1602,3018 1638,2973 463,2935"/>
                <Baseline points="469,2967 527,2969 585,2970 643,2972 701,2974 759,2976 817,2977 875,2979 933,2981 991,2983 1049,2984 1107,2986 1165,2988 1223,2990 1281,2992 1339,2994 1397,2996 1455,2998 1513,3001 1571,3003 1629,3005"/>
                <TextEquiv>
                    <Unicode>denten sich durch Freiheitstheoreme. Literatengeschwätz oder ge¬</Unicode>
                </TextEquiv>
            </TextLine>
            <TextLine id="r1l50" custom="readingOrder {index:49;}">
                <Coords points="456,3010 1570,3056 1636,3052 1638,3015 457,2978"/>
                <Baseline points="463,3006 521,3007 579,3008 638,3010 696,3012 754,3013 813,3016 871,3018 929,3019 988,3021 1046,3024 1104,3025 1163,3027 1221,3030 1279,3032 1338,3033 1396,3035 1454,3038 1513,3039 1571,3041 1630,3042"/>
                <TextEquiv>
                    <Unicode>wiegte Ueberredungskünstler so verblenden lassen, daß sie ihrer</Unicode>
                </TextEquiv>
            </TextLine>
            <TextLine id="r1l51" custom="readingOrder {index:50;}">
                <Coords points="452,3048 1530,3109 1636,3101 1638,3052 453,3010"/>
                <Baseline points="460,3045 518,3047 576,3048 635,3050 693,3052 752,3054 810,3056 869,3058 927,3060 986,3062 1044,3063 1102,3065 1161,3067 1219,3069 1278,3071 1336,3073 1395,3075 1453,3077 1512,3079 1570,3082 1629,3084"/>
                <TextEquiv>
                    <Unicode>Duldsamkeit und ihrem Gehenlassen keine Grenzen mehr zu</Unicode>
                </TextEquiv>
            </TextLine>
            <TextLine id="r1l52" custom="readingOrder {index:51;}">
                <Coords points="452,3097 533,3089 611,3095 621,3106 666,3094 698,3101 699,3060 688,3057 662,3065 624,3054 580,3063 513,3048 454,3049"/>
                <Baseline points="460,3083 485,3084 511,3084 537,3086 562,3086 588,3088 614,3089 639,3090 665,3091 691,3092"/>
                <TextEquiv>
                    <Unicode>stecken wagen.</Unicode>
                </TextEquiv>
            </TextLine>
            <TextLine id="r1l53" custom="readingOrder {index:52;}">
                <Coords points="530,3133 1517,3173 1628,3169 1629,3132 1101,3084 1018,3117 531,3092"/>
                <Baseline points="538,3127 592,3129 646,3131 700,3133 754,3134 808,3136 862,3138 917,3140 971,3142 1025,3143 1079,3145 1133,3147 1187,3149 1241,3151 1296,3152 1350,3154 1404,3156 1458,3157 1512,3159 1566,3161 1621,3162"/>
                <TextEquiv>
                    <Unicode>Wir können uns nicht entschließen, ein Unternehmen, das</Unicode>
                </TextEquiv>
            </TextLine>
            <TextLine id="r1l54" custom="readingOrder {index:53;}">
                <Coords points="447,3169 1638,3213 1639,3168 448,3136"/>
                <Baseline points="455,3166 513,3167 572,3170 631,3171 690,3173 748,3175 807,3177 866,3179 925,3181 983,3183 1042,3185 1101,3187 1160,3189 1218,3191 1277,3193 1336,3195 1395,3197 1453,3199 1512,3201 1571,3203 1630,3205"/>
                <TextEquiv>
                    <Unicode>wir verurteilen, theaterkritisch zu würdigen. Nur so viel, daß</Unicode>
                </TextEquiv>
            </TextLine>
            <TextLine id="r1l55" custom="readingOrder {index:54;}">
                <Coords points="441,3216 1591,3255 1628,3216 442,3167"/>
                <Baseline points="449,3202 507,3204 566,3206 624,3208 683,3210 741,3212 800,3214 858,3216 917,3218 975,3220 1034,3223 1093,3225 1151,3226 1210,3229 1268,3231 1327,3233 1385,3235 1444,3237 1502,3239 1561,3241 1620,3242"/>
                <TextEquiv>
                    <Unicode>die Regie und die Mehrzahl der Schauspieler Gutes leisteten,</Unicode>
                </TextEquiv>
            </TextLine>
            <TextLine id="r1l56" custom="readingOrder {index:55;}">
                <Coords points="447,3249 1636,3307 1638,3244 449,3214"/>
                <Baseline points="455,3244 513,3245 572,3247 631,3249 689,3251 748,3253 807,3255 865,3257 924,3259 983,3262 1042,3264 1100,3266 1159,3269 1218,3271 1276,3273 1335,3275 1394,3277 1452,3279 1511,3281 1570,3283 1629,3285"/>
                <TextEquiv>
                    <Unicode>und daß sie selbstverständlich die Dezenz im einzelnen zu wahren</Unicode>
                </TextEquiv>
            </TextLine>
            <TextLine id="r1l57" custom="readingOrder {index:56;}">
                <Coords points="438,3291 450,3288 464,3298 507,3300 524,3308 592,3309 594,3265 585,3266 568,3255 545,3256 525,3243 486,3258 440,3242"/>
                <Baseline points="446,3281 474,3284 502,3285 530,3285 558,3286 586,3289"/>
                <TextEquiv>
                    <Unicode>wußten.</Unicode>
                </TextEquiv>
            </TextLine>
            <TextEquiv>
                <Unicode>11. Reigen
box 18/3
Klose d Seidel
Burean für Zeitungsausschnit#e
Ban NO. 48. Oeorgenkirchplatz mn
7. Courier
Zeitung:
Ort:
Datum:
54
Zur Aufführung von Schnißlers Reigen
im Residenztheäter.
Athur Schnitzlers 1896/97 geschriebenen, 1900 gedruckten
„Reigen zu lesen, ist für wirklich erwachsene Menschen ein er¬
tragvalles Unternehmen. Der Mensch dürfte so sein, wie er sich
in diesen zehn Dialogen ausgiebig verrät. Schnitzler ist nicht
irgendwie aufs Lüsterne eingestellt, sondern gonz auf die Kurio¬
ität Mensch. Und daß er den Kranz dieser verschiedenen und
doch so gleichen Menschlichkeiten mit Grazie zu flechten wußte,
wollen wir ihm nicht übel nehmen.
Ein anderes ist die Aufführung. Notwendig drängt sich auf
der Bühne das Geschehen, das sich zehnfach wiederholt, vor,
während es im Buche hinter dem Dialog zurücktritt. Zuschauen
im Theater ist ein gesellschaftliches Unternehmen. Mensch sitzt
neben Mensch, Erlebnis geschieht gemeinsam. Die Frau befindet
sich in der Oeffentlichkeit. Daß eine Frau schamlos ist, die unter
männlichen Blicken diesen Dialogen zuhört, zusieht, steht für uns
fest. Daß ein Mann schamlos ist, dem die Gemeinsamkeit des Zu¬
schauens nicht zuwider wird, ebenso. Ein Theater „für Herren“
wollen wir nicht, brauchen wir nicht. Die unendlich zerstörende
Herauszerrung alles Geheimen auf die Straße ist ein Leichtes,
man lasse nur der Spekulation ganze Bewegungsfreiheit. Aber,
was noch nicht verroht ist im heutigen deutschen Volk, wird es
in Bälde dann auch sein.
Kein großes Werk wird der Bühne gewonnen, kein verkann¬
ter Dichter geretiet — warum muß also aufgeführt werden?
Niemand gab Beifull in der Aufführung am Donnerstag, die
wir sahen. Aus Verlegenheit offensichtlich.
Ein Polizeipräsident verbietet und läßt sich den Tag darauf
wieder umstimmen, und schon wird eine weitere Aufführung des
Stückes für den kommenden Sonntag angekündigt, wobei man
diesmal die Faxe mit den „Cinladungen“ fallen läßt.
Verständlich, wenn Theater — die heute bekanntlich hart
zu kämpfen haben
—, sich Stücke sichern und aufzuführen ver¬
pflichten, die sonst die „Konkurrenz“
erfolgreich ausbeuten
würde. Schwer verständlich aber, daß Polizei= oder Oberpräsi¬
denten sich durch Freiheitstheoreme. Literatengeschwätz oder ge¬
wiegte Ueberredungskünstler so verblenden lassen, daß sie ihrer
Duldsamkeit und ihrem Gehenlassen keine Grenzen mehr zu
stecken wagen.
Wir können uns nicht entschließen, ein Unternehmen, das
wir verurteilen, theaterkritisch zu würdigen. Nur so viel, daß
die Regie und die Mehrzahl der Schauspieler Gutes leisteten,
und daß sie selbstverständlich die Dezenz im einzelnen zu wahren
wußten.</Unicode>
            </TextEquiv>
        </TextRegion>
        <TextRegion orientation="0.0" id="r2" custom="readingOrder {index:1;}">
            <Coords points="1935,302 1935,3746 3165,3746 3165,302"/>
            <TextLine id="r2l1" custom="readingOrder {index:0;}">
                <Coords points="2204,340 2347,343 2397,323 2438,345 2502,328 2538,349 2718,341 2718,255 2651,234 2599,267 2543,253 2515,278 2447,255 2384,292 2205,241"/>
                <Baseline points="2212,325 2238,326 2264,326 2290,326 2316,326 2343,327 2369,327 2395,327 2421,327 2447,328 2474,328 2500,328 2526,328 2552,328 2578,328 2605,328 2631,328 2657,328 2683,328 2710,327"/>
                <TextEquiv>
                    <Unicode>(lose &amp; Seide</Unicode>
                </TextEquiv>
            </TextLine>
            <TextLine id="r2l2" custom="readingOrder {index:1;}">
                <Coords points="2184,412 2738,405 2738,348 2664,367 2184,353"/>
                <Baseline points="2191,395 2218,394 2245,394 2272,393 2299,393 2326,393 2353,393 2380,393 2407,393 2434,394 2461,394 2488,394 2515,394 2542,394 2569,394 2596,394 2623,394 2650,393 2677,393 2704,392 2731,391"/>
                <TextEquiv>
                    <Unicode>Bureau für Zeitungsausechnitte</Unicode>
                </TextEquiv>
            </TextLine>
            <TextLine id="r2l3" custom="readingOrder {index:2;}">
                <Coords points="2125,465 2744,467 2791,456 2791,406 2477,426 2377,403 2333,420 2125,409"/>
                <Baseline points="2133,453 2165,454 2198,454 2230,455 2263,455 2295,455 2328,455 2360,455 2393,455 2425,455 2458,455 2490,455 2523,454 2555,454 2588,453 2620,453 2653,452 2685,452 2718,450 2750,449 2783,448"/>
                <TextEquiv>
                    <Unicode>Bestin NO. 48. Georgenkirchplatz ###</Unicode>
                </TextEquiv>
            </TextLine>
            <TextLine id="r2l4" custom="readingOrder {index:3;}">
                <Coords points="2605,601 2635,603 2660,588 2713,593 2722,601 2743,589 2751,596 2798,588 2790,512 2745,509 2722,525 2704,517 2677,526 2643,520 2597,525"/>
                <Baseline points="2611,585 2636,584 2661,582 2686,579 2712,577 2737,574 2762,570 2788,566"/>
                <TextEquiv>
                    <Unicode>Courte</Unicode>
                </TextEquiv>
            </TextLine>
            <TextLine id="r2l5" custom="readingOrder {index:4;}">
                <Coords points="2103,625 2177,636 2227,628 2253,638 2290,640 2291,585 2216,588 2193,585 2181,574 2166,580 2155,572 2105,574"/>
                <Baseline points="2111,620 2139,619 2168,619 2197,620 2225,621 2254,622 2283,623"/>
                <TextEquiv>
                    <Unicode>Zeitung:</Unicode>
                </TextEquiv>
            </TextLine>
            <TextLine id="r2l6" custom="readingOrder {index:5;}">
                <Coords points="2099,686 2110,686 2134,701 2148,698 2159,706 2186,697 2204,696 2218,701 2220,655 2205,653 2198,659 2158,644 2148,650 2142,645 2133,648 2128,644 2123,649 2101,642"/>
                <Baseline points="2107,688 2133,690 2159,690 2185,690 2211,694"/>
                <TextEquiv>
                    <Unicode>Ort:</Unicode>
                </TextEquiv>
            </TextLine>
            <TextLine id="r2l7" custom="readingOrder {index:6;}">
                <Coords points="2294,767 2550,775 2694,749 2710,740 2706,654 2545,680 2496,664 2397,687 2360,668 2292,718"/>
                <Baseline points="2301,757 2326,757 2351,757 2376,757 2401,755 2426,755 2451,753 2476,752 2502,750 2527,749 2552,747 2577,746 2602,744 2627,743 2652,743 2677,742 2703,742"/>
                <TextEquiv>
                    <Unicode>3.001. 197</Unicode>
                </TextEquiv>
            </TextLine>
            <TextLine id="r2l8" custom="readingOrder {index:7;}">
                <Coords points="2547,797 2577,802 2593,795 2622,802 2646,794 2656,803 2664,797 2706,801 2707,750 2548,747"/>
                <Baseline points="2554,790 2583,788 2612,788 2641,789 2670,790 2699,789"/>
                <TextEquiv>
                    <Unicode>SAFAEI</Unicode>
                </TextEquiv>
            </TextLine>
            <TextLine id="r2l9" custom="readingOrder {index:8;}">
                <Coords points="2055,850 3004,880 3030,822 2056,781"/>
                <Baseline points="2063,841 2113,842 2163,842 2214,843 2264,844 2315,845 2365,846 2416,847 2466,848 2517,850 2567,851 2618,852 2668,854 2719,855 2769,856 2820,857 2870,858 2921,859 2971,860 3022,861"/>
                <TextEquiv>
                    <Unicode>Sträßendemonstration gegen die</Unicode>
                </TextEquiv>
            </TextLine>
            <TextLine id="r2l10" custom="readingOrder {index:9;}">
                <Coords points="2908,901 2917,903 2920,900 2928,897 2929,899 2937,900 2941,872 2934,871 2926,873 2924,869 2921,867 2914,866"/>
                <Baseline points="2916,896 2930,898"/>
                <TextEquiv>
                    <Unicode>5</Unicode>
                </TextEquiv>
            </TextLine>
            <TextLine id="r2l11" custom="readingOrder {index:10;}">
                <Coords points="2154,911 2281,936 2507,910 2713,945 2913,937 2914,871 2856,862 2821,881 2691,862 2652,891 2608,865 2155,849"/>
                <Baseline points="2161,899 2198,901 2235,901 2272,903 2310,904 2347,905 2384,907 2421,908 2459,909 2496,910 2533,912 2570,912 2608,913 2645,914 2682,914 2719,914 2757,914 2794,913 2831,913 2868,911 2906,910"/>
                <TextEquiv>
                    <Unicode>Aufführung des „Reigen“</Unicode>
                </TextEquiv>
            </TextLine>
            <TextLine id="r2l12" custom="readingOrder {index:11;}">
                <Coords points="2676,1003 3080,1010 3093,1006 3094,973 3047,969 3018,949 2992,964 2931,952 2913,965 2828,953 2718,966 2677,944"/>
                <Baseline points="2684,994 2709,993 2734,993 2759,993 2784,994 2809,994 2834,994 2859,995 2885,995 2910,996 2935,997 2960,997 2985,998 3010,999 3035,999 3060,1000 3086,1001"/>
                <TextEquiv>
                    <Unicode>Hannover, 3. Oktober.</Unicode>
                </TextEquiv>
            </TextLine>
            <TextLine id="r2l13" custom="readingOrder {index:12;}">
                <Coords points="2016,1038 3108,1073 3118,1024 2017,981"/>
                <Baseline points="2023,1033 2077,1035 2131,1037 2186,1038 2240,1039 2294,1041 2349,1042 2403,1043 2457,1044 2512,1045 2566,1046 2620,1047 2675,1048 2729,1049 2783,1050 2838,1051 2892,1052 2946,1053 3001,1054 3055,1056 3110,1057"/>
                <TextEquiv>
                    <Unicode>Erstern mittag versammelte sich auf der Georgstraße vor dem</Unicode>
                </TextEquiv>
            </TextLine>
            <TextLine id="r2l14" custom="readingOrder {index:13;}">
                <Coords points="1938,1077 2013,1078 2041,1091 2066,1080 2095,1089 2119,1078 2129,1089 2177,1077 2178,1052 2150,1047 2130,1027 2077,1056 2054,1042 2042,1049 2023,1038 1939,1040"/>
                <Baseline points="1946,1070 1974,1073 2002,1076 2030,1077 2058,1079 2086,1080 2114,1080 2142,1079 2170,1078"/>
                <TextEquiv>
                    <Unicode>Opery nd</Unicode>
                </TextEquiv>
            </TextLine>
            <TextLine id="r2l15" custom="readingOrder {index:14;}">
                <Coords points="2181,1081 3073,1110 3114,1105 3115,1074 2182,1048"/>
                <Baseline points="2188,1077 2236,1078 2284,1079 2333,1080 2381,1081 2429,1082 2478,1083 2526,1084 2574,1085 2623,1085 2671,1086 2720,1087 2768,1088 2816,1089 2865,1090 2913,1091 2961,1092 3010,1093 3058,1094 3107,1095"/>
                <TextEquiv>
                    <Unicode>Schauspielhause eine große Menschenmenge, Ange¬</Unicode>
                </TextEquiv>
            </TextLine>
            <TextLine id="r2l16" custom="readingOrder {index:15;}">
                <Coords points="1952,1122 3098,1147 3124,1097 1953,1078"/>
                <Baseline points="1960,1112 2017,1113 2075,1114 2133,1115 2191,1116 2248,1117 2306,1118 2364,1119 2422,1120 2479,1121 2537,1122 2595,1123 2653,1124 2710,1125 2768,1126 2826,1128 2884,1129 2941,1130 2999,1132 3057,1133 3115,1134"/>
                <TextEquiv>
                    <Unicode>hörige #ller christlichen Vereine und anderer Organisationen, um</Unicode>
                </TextEquiv>
            </TextLine>
            <TextLine id="r2l17" custom="readingOrder {index:16;}">
                <Coords points="1943,1160 3000,1188 3116,1181 3117,1145 1944,1121"/>
                <Baseline points="1950,1152 2011,1153 2072,1154 2133,1155 2194,1155 2255,1156 2316,1157 2377,1158 2438,1159 2499,1160 2560,1162 2621,1163 2682,1164 2743,1165 2804,1166 2865,1167 2926,1168 2987,1170 3048,1171 3109,1171"/>
                <TextEquiv>
                    <Unicode>gegen die Aufführung des „Reigen“ im Residenztheater zu pro¬</Unicode>
                </TextEquiv>
            </TextLine>
            <TextLine id="r2l18" custom="readingOrder {index:17;}">
                <Coords points="1940,1193 3125,1220 3126,1174 3032,1167 1941,1157"/>
                <Baseline points="1948,1190 2006,1191 2065,1192 2123,1193 2182,1194 2240,1195 2299,1196 2357,1197 2416,1198 2474,1199 2533,1200 2591,1201 2650,1202 2708,1203 2767,1204 2825,1205 2884,1207 2942,1208 3001,1209 3059,1210 3118,1212"/>
                <TextEquiv>
                    <Unicode>testieren. Nach Posaunenvortrag sprach von der errichteten</Unicode>
                </TextEquiv>
            </TextLine>
            <TextLine id="r2l19" custom="readingOrder {index:18;}">
                <Coords points="1938,1232 3080,1263 3114,1222 1939,1191"/>
                <Baseline points="1946,1229 2004,1230 2062,1231 2120,1232 2178,1233 2236,1234 2294,1235 2352,1236 2410,1237 2468,1238 2526,1239 2584,1240 2642,1241 2700,1242 2758,1243 2816,1244 2874,1245 2932,1246 2990,1248 3048,1249 3106,1251"/>
                <TextEquiv>
                    <Unicode>Tribüne Pastor Hustedt. Er kennzeichnete das Stück als eine</Unicode>
                </TextEquiv>
            </TextLine>
            <TextLine id="r2l20" custom="readingOrder {index:19;}">
                <Coords points="1948,1273 3117,1304 3117,1262 3063,1253 1949,1232"/>
                <Baseline points="1955,1268 2012,1270 2070,1271 2128,1272 2185,1273 2243,1274 2301,1275 2358,1276 2416,1277 2474,1278 2532,1279 2589,1279 2647,1281 2705,1282 2762,1283 2820,1284 2878,1285 2935,1286 2993,1287 3051,1289 3109,1290"/>
                <TextEquiv>
                    <Unicode>Anhäufung von Schmutz und Gemeinheit. Durch derartige Auf¬</Unicode>
                </TextEquiv>
            </TextLine>
            <TextLine id="r2l21" custom="readingOrder {index:20;}">
                <Coords points="1942,1314 3126,1346 3127,1300 3065,1294 1943,1273"/>
                <Baseline points="1950,1307 2008,1309 2066,1310 2125,1311 2183,1312 2242,1313 2300,1314 2359,1315 2417,1316 2476,1317 2534,1318 2592,1319 2651,1320 2709,1321 2768,1322 2826,1323 2885,1325 2943,1326 3002,1328 3060,1330 3119,1332"/>
                <TextEquiv>
                    <Unicode>führungen werde das anständige Bürgertum vergewaltigt. Die</Unicode>
                </TextEquiv>
            </TextLine>
            <TextLine id="r2l22" custom="readingOrder {index:21;}">
                <Coords points="1949,1353 3115,1377 3115,1341 3017,1328 1949,1313"/>
                <Baseline points="1956,1345 2013,1347 2071,1349 2128,1350 2186,1351 2244,1352 2301,1354 2359,1355 2416,1355 2474,1356 2532,1357 2589,1358 2647,1359 2704,1360 2762,1361 2820,1362 2877,1363 2935,1365 2992,1367 3050,1369 3108,1371"/>
                <TextEquiv>
                    <Unicode>Polizei wäre zu schwach, das Theater hätte mehr Macht als sie.</Unicode>
                </TextEquiv>
            </TextLine>
            <TextLine id="r2l23" custom="readingOrder {index:22;}">
                <Coords points="1937,1388 2632,1419 2965,1392 3007,1422 3112,1411 3113,1375 1938,1350"/>
                <Baseline points="1945,1386 2006,1387 2067,1389 2128,1390 2189,1391 2250,1392 2311,1393 2372,1394 2433,1395 2494,1396 2555,1397 2616,1398 2677,1399 2738,1400 2799,1401 2860,1403 2921,1404 2982,1406 3043,1408 3104,1410"/>
                <TextEquiv>
                    <Unicode>Der Polizeipräsident hätte das Stück zwar verboten gehabt.</Unicode>
                </TextEquiv>
            </TextLine>
            <TextLine id="r2l24" custom="readingOrder {index:23;}">
                <Coords points="1939,1433 3115,1461 3116,1419 1940,1388"/>
                <Baseline points="1946,1426 2004,1427 2062,1428 2120,1428 2178,1430 2236,1430 2294,1431 2352,1432 2410,1433 2468,1434 2527,1435 2585,1436 2643,1438 2701,1438 2759,1440 2817,1441 2875,1442 2933,1444 2991,1445 3049,1447 3108,1448"/>
                <TextEquiv>
                    <Unicode>das Verbot aber wieder zurückgezogen. Der Redner machte auch</Unicode>
                </TextEquiv>
            </TextLine>
            <TextLine id="r2l25" custom="readingOrder {index:24;}">
                <Coords points="1937,1471 2981,1502 3119,1493 3120,1456 1938,1434"/>
                <Baseline points="1945,1466 2003,1466 2061,1467 2120,1468 2178,1468 2236,1469 2295,1470 2353,1471 2411,1472 2470,1473 2528,1475 2586,1476 2645,1477 2703,1478 2761,1479 2820,1481 2878,1482 2936,1483 2995,1484 3053,1485 3112,1487"/>
                <TextEquiv>
                    <Unicode>der Presse Vorwürfe. Es müsse sich der Bürger selbst helfen und</Unicode>
                </TextEquiv>
            </TextLine>
            <TextLine id="r2l26" custom="readingOrder {index:25;}">
                <Coords points="1940,1520 3101,1540 3126,1492 1941,1469"/>
                <Baseline points="1948,1505 2006,1505 2065,1506 2123,1507 2182,1508 2240,1508 2299,1509 2357,1510 2416,1511 2474,1512 2533,1513 2591,1514 2650,1516 2708,1517 2767,1518 2825,1520 2884,1521 2942,1523 3001,1524 3059,1525 3118,1527"/>
                <TextEquiv>
                    <Unicode>in alle Häuser hinein schreien: In unserer Stadt darf kein Reigen</Unicode>
                </TextEquiv>
            </TextLine>
            <TextLine id="r2l27" custom="readingOrder {index:26;}">
                <Coords points="1947,1551 3112,1577 3112,1533 2977,1526 1948,1517"/>
                <Baseline points="1955,1544 2012,1544 2069,1545 2127,1545 2184,1546 2242,1547 2299,1548 2357,1549 2414,1550 2472,1551 2529,1552 2586,1553 2644,1555 2701,1556 2759,1557 2816,1558 2874,1560 2931,1561 2989,1562 3046,1563 3104,1564"/>
                <TextEquiv>
                    <Unicode>aufgeführt werden. Dadurch müsse man den Polizeipräsidenten</Unicode>
                </TextEquiv>
            </TextLine>
            <TextLine id="r2l28" custom="readingOrder {index:27;}">
                <Coords points="1942,1587 3114,1627 3115,1577 3077,1570 1943,1554"/>
                <Baseline points="1950,1583 2007,1583 2065,1584 2123,1585 2181,1585 2239,1586 2297,1587 2354,1588 2412,1589 2470,1590 2528,1592 2586,1593 2644,1594 2702,1595 2759,1597 2817,1598 2875,1599 2933,1601 2991,1602 3049,1603 3107,1604"/>
                <TextEquiv>
                    <Unicode>veranlassen, einzuschreiten. Die Rede wurde überall von donnern¬</Unicode>
                </TextEquiv>
            </TextLine>
            <TextLine id="r2l29" custom="readingOrder {index:28;}">
                <Coords points="1934,1634 2006,1644 2046,1627 2119,1644 2211,1631 2241,1650 2279,1629 2362,1636 2363,1600 1935,1586"/>
                <Baseline points="1941,1622 1966,1622 1992,1622 2018,1623 2044,1623 2070,1623 2096,1623 2122,1624 2148,1624 2173,1624 2199,1625 2225,1625 2251,1626 2277,1626 2303,1627 2329,1627 2355,1628"/>
                <TextEquiv>
                    <Unicode>dem Beifall begleitet.</Unicode>
                </TextEquiv>
            </TextLine>
            <TextLine id="r2l30" custom="readingOrder {index:29;}">
                <Coords points="2014,1683 3109,1711 3110,1665 3056,1654 2015,1642"/>
                <Baseline points="2021,1678 2075,1679 2129,1680 2183,1681 2237,1682 2291,1683 2345,1684 2399,1685 2453,1686 2507,1687 2561,1688 2615,1689 2669,1690 2723,1691 2777,1692 2831,1693 2885,1694 2939,1695 2993,1696 3047,1698 3102,1698"/>
                <TextEquiv>
                    <Unicode>Ein anderer Redner sagte unter allgemeiner Zustimmung,</Unicode>
                </TextEquiv>
            </TextLine>
            <TextLine id="r2l31" custom="readingOrder {index:30;}">
                <Coords points="1942,1723 3104,1749 3118,1722 1943,1689"/>
                <Baseline points="1950,1715 2008,1717 2066,1718 2124,1719 2182,1720 2240,1721 2298,1722 2356,1723 2414,1724 2472,1725 2530,1726 2588,1727 2646,1728 2704,1729 2762,1730 2820,1732 2878,1733 2936,1734 2994,1735 3052,1737 3110,1739"/>
                <TextEquiv>
                    <Unicode>wenn das polizeiliche Verbot bis Mittwoch nicht heraus ist,</Unicode>
                </TextEquiv>
            </TextLine>
            <TextLine id="r2l32" custom="readingOrder {index:31;}">
                <Coords points="1936,1762 3109,1792 3075,1742 1937,1721"/>
                <Baseline points="1943,1756 2004,1756 2065,1757 2126,1758 2187,1759 2248,1760 2309,1761 2370,1762 2431,1763 2492,1765 2553,1766 2614,1767 2675,1768 2736,1770 2797,1771 2858,1772 2919,1773 2980,1774 3041,1775 3102,1776"/>
                <TextEquiv>
                    <Unicode>dann gehen wir in die Marktstraße vor das Residenztheater in</Unicode>
                </TextEquiv>
            </TextLine>
            <TextLine id="r2l33" custom="readingOrder {index:32;}">
                <Coords points="1940,1802 2710,1821 2776,1810 2777,1786 1941,1761"/>
                <Baseline points="1947,1796 1988,1796 2029,1796 2070,1796 2111,1797 2152,1797 2193,1798 2234,1799 2275,1800 2316,1801 2358,1802 2399,1802 2440,1803 2481,1804 2522,1805 2563,1806 2604,1807 2645,1807 2686,1808 2727,1809 2769,1809"/>
                <TextEquiv>
                    <Unicode>Massen und hindern alle, die hinein wollen.</Unicode>
                </TextEquiv>
            </TextLine>
            <TextLine id="r2l34" custom="readingOrder {index:33;}">
                <Coords points="2777,1818 2848,1821 2867,1811 2882,1823 2954,1816 2985,1828 3000,1818 3085,1826 3110,1817 3110,1792 3065,1778 3030,1791 2977,1778 2953,1792 2885,1778 2778,1779"/>
                <Baseline points="2784,1809 2810,1810 2837,1810 2863,1811 2890,1812 2916,1812 2943,1813 2969,1813 2996,1814 3022,1814 3049,1814 3075,1815 3102,1815"/>
                <TextEquiv>
                    <Unicode>Mit dem Deutsch¬</Unicode>
                </TextEquiv>
            </TextLine>
            <TextLine id="r2l35" custom="readingOrder {index:34;}">
                <Coords points="1942,1843 3053,1872 3111,1861 3112,1817 1943,1801"/>
                <Baseline points="1949,1836 2006,1836 2064,1836 2122,1837 2180,1837 2237,1838 2295,1840 2353,1841 2411,1842 2468,1843 2526,1844 2584,1846 2642,1847 2699,1848 2757,1849 2815,1850 2873,1851 2930,1852 2988,1853 3046,1853 3104,1853"/>
                <TextEquiv>
                    <Unicode>land=Lied wurde die Kundgebung offiziell geschlossen. Inoffiziell</Unicode>
                </TextEquiv>
            </TextLine>
            <TextLine id="r2l36" custom="readingOrder {index:35;}">
                <Coords points="1937,1880 3106,1906 3107,1860 1938,1846"/>
                <Baseline points="1945,1875 2002,1875 2060,1876 2118,1876 2175,1877 2233,1878 2291,1879 2348,1880 2406,1881 2464,1882 2522,1883 2579,1884 2637,1885 2695,1887 2752,1888 2810,1889 2868,1890 2925,1891 2983,1893 3041,1894 3099,1895"/>
                <TextEquiv>
                    <Unicode>war sie aber noch nicht zu Ende, denn eine Menge begab</Unicode>
                </TextEquiv>
            </TextLine>
            <TextLine id="r2l37" custom="readingOrder {index:36;}">
                <Coords points="1953,1922 3115,1944 3054,1895 1954,1881"/>
                <Baseline points="1961,1914 2018,1915 2075,1916 2133,1917 2190,1917 2247,1918 2305,1919 2362,1920 2419,1921 2477,1922 2534,1923 2591,1924 2649,1925 2706,1926 2763,1927 2821,1928 2878,1929 2935,1929 2993,1930 3050,1931 3108,1932"/>
                <TextEquiv>
                    <Unicode>ich nach dem Residenztheater, in dem soeben wieder</Unicode>
                </TextEquiv>
            </TextLine>
            <TextLine id="r2l38" custom="readingOrder {index:37;}">
                <Coords points="1942,1959 3110,1984 3110,1938 2978,1927 1943,1922"/>
                <Baseline points="1949,1954 2006,1955 2064,1955 2122,1955 2179,1956 2237,1956 2295,1957 2352,1958 2410,1959 2468,1960 2526,1961 2583,1962 2641,1963 2699,1964 2756,1966 2814,1967 2872,1968 2929,1969 2987,1970 3045,1971 3103,1972"/>
                <TextEquiv>
                    <Unicode>der „Reigen“ gegeben wurde. Die Polizei hatte aber schon den</Unicode>
                </TextEquiv>
            </TextLine>
            <TextLine id="r2l39" custom="readingOrder {index:38;}">
                <Coords points="1938,1994 2946,2029 3100,2019 3118,1984 1939,1959"/>
                <Baseline points="1945,1992 2003,1992 2061,1993 2119,1994 2178,1995 2236,1996 2294,1997 2352,1998 2411,1999 2469,2000 2527,2001 2585,2002 2644,2003 2702,2004 2760,2005 2818,2006 2877,2007 2935,2008 2993,2009 3051,2010 3110,2010"/>
                <TextEquiv>
                    <Unicode>Eingang besetzen lassen, so daß nichts geschehen konnte und die</Unicode>
                </TextEquiv>
            </TextLine>
            <TextLine id="r2l40" custom="readingOrder {index:39;}">
                <Coords points="1943,2036 3052,2062 3115,2054 3116,2016 1944,1996"/>
                <Baseline points="1950,2030 2007,2031 2065,2031 2123,2032 2181,2033 2239,2034 2297,2035 2355,2036 2413,2038 2471,2039 2529,2040 2586,2041 2644,2042 2702,2043 2760,2044 2818,2045 2876,2046 2934,2047 2992,2048 3050,2048 3108,2049"/>
                <TextEquiv>
                    <Unicode>Theaterbesucher durch die Osterstraße hinausgelassen werden</Unicode>
                </TextEquiv>
            </TextLine>
            <TextLine id="r2l41" custom="readingOrder {index:40;}">
                <Coords points="1928,2077 3088,2103 3118,2051 1928,2034"/>
                <Baseline points="1935,2071 1993,2071 2052,2071 2111,2071 2170,2072 2228,2073 2287,2074 2346,2074 2405,2075 2463,2077 2522,2078 2581,2079 2640,2081 2698,2082 2757,2083 2816,2084 2875,2085 2933,2086 2992,2086 3051,2086 3110,2086"/>
                <TextEquiv>
                    <Unicode>konnten. Der Andrang vor dem Eingange in der Marktstraße</Unicode>
                </TextEquiv>
            </TextLine>
            <TextLine id="r2l42" custom="readingOrder {index:41;}">
                <Coords points="1928,2116 3119,2133 3022,2092 1928,2084"/>
                <Baseline points="1935,2111 1993,2111 2052,2112 2111,2112 2170,2113 2229,2113 2287,2114 2346,2115 2405,2116 2464,2117 2523,2118 2581,2118 2640,2119 2699,2121 2758,2121 2817,2123 2875,2124 2934,2125 2993,2126 3052,2127 3111,2129"/>
                <TextEquiv>
                    <Unicode>war so groß geworden, daß die Polizei weitere Ver¬</Unicode>
                </TextEquiv>
            </TextLine>
            <TextLine id="r2l43" custom="readingOrder {index:42;}">
                <Coords points="1942,2154 3119,2168 3091,2129 1943,2116"/>
                <Baseline points="1949,2148 2007,2149 2065,2150 2123,2151 2181,2152 2239,2153 2297,2154 2356,2155 2414,2156 2472,2156 2530,2157 2588,2158 2646,2159 2704,2160 2763,2161 2821,2162 2879,2164 2937,2165 2995,2167 3053,2169 3112,2171"/>
                <TextEquiv>
                    <Unicode>stärkungen heranziehen mußte, sogar ein Auto mit</Unicode>
                </TextEquiv>
            </TextLine>
            <TextLine id="r2l44" custom="readingOrder {index:43;}">
                <Coords points="1938,2198 3026,2204 2922,2166 1938,2155"/>
                <Baseline points="1946,2187 1999,2188 2053,2189 2106,2190 2160,2191 2214,2192 2267,2193 2321,2194 2375,2195 2428,2196 2482,2197 2536,2198 2589,2198 2643,2199 2697,2200 2750,2201 2804,2202 2858,2203 2911,2204 2965,2204 3019,2205"/>
                <TextEquiv>
                    <Unicode>Mannschaften erschien. Einige Festnahmen erfolgten.</Unicode>
                </TextEquiv>
            </TextLine>
            <TextLine id="r2l45" custom="readingOrder {index:44;}">
                <Coords points="1988,2446 2189,2472 2261,2436 2302,2467 2595,2479 2654,2472 2658,2373 2582,2387 2523,2367 2466,2398 2411,2360 2191,2397 2056,2354 1991,2365"/>
                <Baseline points="1996,2441 2028,2442 2061,2443 2093,2444 2126,2445 2158,2446 2191,2447 2223,2448 2256,2449 2288,2450 2321,2451 2354,2452 2386,2453 2419,2454 2451,2455 2484,2457 2516,2458 2549,2460 2581,2461 2614,2463 2647,2465"/>
                <TextEquiv>
                    <Unicode>Klose &amp; Seidel</Unicode>
                </TextEquiv>
            </TextLine>
            <TextLine id="r2l46" custom="readingOrder {index:45;}">
                <Coords points="2047,2522 2609,2543 2623,2486 2390,2477 2357,2492 2274,2469 2114,2483 2049,2460"/>
                <Baseline points="2054,2507 2082,2508 2110,2509 2138,2509 2166,2511 2194,2511 2222,2512 2250,2513 2278,2514 2306,2515 2334,2516 2362,2517 2390,2518 2418,2519 2446,2520 2474,2521 2502,2522 2530,2523 2558,2524 2586,2526 2614,2527"/>
                <TextEquiv>
                    <Unicode>Bureau für Zeitungsausschnitte</Unicode>
                </TextEquiv>
            </TextLine>
            <TextLine id="r2l47" custom="readingOrder {index:46;}">
                <Coords points="1973,2572 2659,2599 2661,2549 2632,2536 2313,2547 2224,2524 2101,2541 1975,2523"/>
                <Baseline points="1981,2568 2014,2568 2048,2568 2081,2568 2115,2569 2148,2570 2182,2571 2215,2572 2249,2573 2282,2575 2316,2576 2350,2577 2383,2579 2417,2580 2450,2582 2484,2583 2517,2584 2551,2585 2584,2587 2618,2588 2652,2589"/>
                <TextEquiv>
                    <Unicode>Berlin NO. 43, Georgenkirchplats 21</Unicode>
                </TextEquiv>
            </TextLine>
            <TextLine id="r2l48" custom="readingOrder {index:47;}">
                <Coords points="1950,2747 2593,2773 2636,2764 2637,2724 2412,2703 2354,2719 2287,2696 2259,2714 2191,2702 2143,2733 2113,2706 1951,2700"/>
                <Baseline points="1958,2740 1991,2741 2025,2742 2058,2743 2092,2744 2125,2745 2159,2746 2192,2746 2226,2747 2259,2748 2293,2749 2326,2749 2360,2751 2393,2751 2427,2752 2460,2753 2494,2754 2527,2755 2561,2756 2594,2758 2628,2759"/>
                <TextEquiv>
                    <Unicode>Zeitung: Tägliche Rundschau</Unicode>
                </TextEquiv>
            </TextLine>
            <TextLine id="r2l49" custom="readingOrder {index:48;}">
                <Coords points="1944,2816 1959,2816 1981,2828 1998,2823 2001,2826 2015,2817 2022,2822 2034,2821 2048,2826 2049,2781 2039,2781 2022,2767 2007,2774 2000,2768 1985,2768 1965,2750 1946,2748"/>
                <Baseline points="1951,2810 1981,2809 2011,2810 2041,2812"/>
                <TextEquiv>
                    <Unicode>Ort:</Unicode>
                </TextEquiv>
            </TextLine>
            <TextLine id="r2l50" custom="readingOrder {index:49;}">
                <Coords points="2291,2826 2322,2837 2344,2833 2357,2838 2370,2828 2379,2837 2437,2828 2437,2791 2411,2788 2377,2772 2365,2782 2343,2783 2329,2768 2316,2772 2302,2762 2292,2764"/>
                <Baseline points="2299,2818 2325,2817 2351,2817 2377,2818 2403,2819 2429,2820"/>
                <TextEquiv>
                    <Unicode>Berlin</Unicode>
                </TextEquiv>
            </TextLine>
            <TextLine id="r2l51" custom="readingOrder {index:50;}">
                <Coords points="1947,2887 1978,2887 1993,2895 2019,2884 2033,2887 2041,2897 2064,2887 2117,2887 2118,2840 2083,2846 2061,2840 2044,2847 2030,2836 2009,2841 1992,2827 1949,2834"/>
                <Baseline points="1955,2878 1980,2877 2006,2878 2032,2878 2058,2879 2084,2881 2110,2883"/>
                <TextEquiv>
                    <Unicode>Datum:</Unicode>
                </TextEquiv>
            </TextLine>
            <TextLine id="r2l52" custom="readingOrder {index:51;}">
                <Coords points="2116,2902 2141,2898 2148,2901 2168,2888 2207,2891 2212,2896 2222,2888 2231,2888 2231,2843 2212,2846 2208,2841 2190,2837 2170,2842 2150,2857 2146,2854 2133,2861 2116,2858"/>
                <Baseline points="2123,2886 2148,2883 2173,2884 2198,2884 2223,2886"/>
                <TextEquiv>
                    <Unicode>—</Unicode>
                </TextEquiv>
            </TextLine>
            <TextLine id="r2l53" custom="readingOrder {index:52;}">
                <Coords points="2294,2905 2317,2905 2318,2903 2326,2912 2332,2909 2341,2910 2347,2856 2339,2855 2320,2858 2317,2854 2314,2857 2299,2857"/>
                <Baseline points="2304,2887 2336,2890"/>
                <TextEquiv>
                    <Unicode>—</Unicode>
                </TextEquiv>
            </TextLine>
            <TextLine id="r2l54" custom="readingOrder {index:53;}">
                <Coords points="2525,2915 2560,2921 2586,2903 2613,2916 2635,2902 2649,2914 2661,2914 2662,2876 2652,2874 2646,2879 2620,2864 2598,2860 2578,2869 2573,2862 2565,2864 2528,2852"/>
                <Baseline points="2533,2894 2563,2895 2593,2896 2623,2897 2654,2899"/>
                <TextEquiv>
                    <Unicode></Unicode>
                </TextEquiv>
            </TextLine>
            <TextLine id="r2l55" custom="readingOrder {index:54;}">
                <Coords points="2278,3023 2287,3025 2289,3023 2292,3027 2298,3023 2301,3028 2306,3025 2319,3027 2332,2948 2320,2946 2309,2951 2291,2945"/>
                <Baseline points="2288,3013 2314,3017"/>
                <TextEquiv>
                    <Unicode>—</Unicode>
                </TextEquiv>
            </TextLine>
            <TextLine id="r2l56" custom="readingOrder {index:55;}">
                <Coords points="2125,3049 3119,3215 3172,3217 3180,3168 2132,3006"/>
                <Baseline points="2134,3041 2185,3050 2237,3059 2288,3067 2340,3076 2391,3084 2443,3093 2494,3101 2546,3109 2597,3117 2649,3125 2701,3133 2752,3142 2804,3150 2855,3157 2907,3166 2958,3174 3010,3183 3061,3191 3113,3200 3165,3209"/>
                <TextEquiv>
                    <Unicode> Aehen aehenen</Unicode>
                </TextEquiv>
            </TextLine>
            <TextLine id="r2l57" custom="readingOrder {index:56;}">
                <Coords points="2010,3067 3162,3250 3167,3215 3068,3192 2016,3029"/>
                <Baseline points="2018,3063 2074,3072 2131,3081 2188,3090 2245,3100 2302,3109 2359,3117 2415,3127 2472,3136 2529,3145 2586,3154 2643,3163 2700,3173 2757,3181 2813,3191 2870,3199 2927,3208 2984,3218 3041,3227 3098,3236 3155,3245"/>
                <TextEquiv>
                    <Unicode>  e eee </Unicode>
                </TextEquiv>
            </TextLine>
            <TextLine id="r2l58" custom="readingOrder {index:57;}">
                <Coords points="2003,3112 3155,3297 3147,3249 2011,3067"/>
                <Baseline points="2012,3101 2068,3110 2125,3119 2182,3128 2239,3137 2296,3146 2353,3155 2409,3164 2466,3173 2523,3182 2580,3191 2637,3200 2694,3209 2751,3218 2807,3228 2864,3236 2921,3245 2978,3255 3035,3264 3092,3273 3149,3283"/>
                <TextEquiv>
                    <Unicode> den eneterteen en n</Unicode>
                </TextEquiv>
            </TextLine>
            <TextLine id="r2l59" custom="readingOrder {index:58;}">
                <Coords points="2006,3148 3142,3337 3161,3301 2012,3106"/>
                <Baseline points="2014,3139 2070,3149 2127,3158 2184,3167 2241,3176 2298,3185 2354,3194 2411,3203 2468,3212 2525,3221 2582,3231 2638,3239 2695,3248 2752,3257 2809,3267 2866,3276 2922,3285 2979,3294 3036,3304 3093,3314 3150,3323"/>
                <TextEquiv>
                    <Unicode> eneeeemn un</Unicode>
                </TextEquiv>
            </TextLine>
            <TextLine id="r2l60" custom="readingOrder {index:59;}">
                <Coords points="1992,3181 3107,3366 3149,3339 1998,3141"/>
                <Baseline points="2000,3176 2059,3186 2119,3195 2179,3205 2239,3214 2299,3223 2359,3233 2419,3242 2479,3252 2539,3262 2599,3272 2659,3281 2719,3291 2779,3301 2839,3310 2899,3319 2959,3329 3019,3339 3079,3348 3139,3357"/>
                <TextEquiv>
                    <Unicode>n eee en</Unicode>
                </TextEquiv>
            </TextLine>
            <TextLine id="r2l61" custom="readingOrder {index:60;}">
                <Coords points="1991,3226 3002,3395 3138,3408 3145,3369 1998,3181"/>
                <Baseline points="2000,3216 2056,3224 2113,3233 2169,3241 2226,3251 2283,3259 2339,3268 2396,3278 2453,3287 2509,3296 2566,3304 2623,3314 2679,3323 2736,3332 2793,3342 2849,3350 2906,3360 2963,3368 3019,3377 3076,3386 3133,3395"/>
                <TextEquiv>
                    <Unicode> </Unicode>
                </TextEquiv>
            </TextLine>
            <TextLine id="r2l62" custom="readingOrder {index:61;}">
                <Coords points="1980,3256 3063,3438 3135,3444 3141,3406 1985,3224"/>
                <Baseline points="1988,3253 2045,3262 2102,3270 2159,3279 2216,3288 2273,3297 2330,3305 2387,3315 2444,3324 2501,3333 2558,3342 2615,3351 2672,3360 2729,3369 2786,3379 2843,3388 2900,3398 2957,3406 3014,3416 3071,3425 3129,3434"/>
                <TextEquiv>
                    <Unicode>  eehemengen</Unicode>
                </TextEquiv>
            </TextLine>
            <TextLine id="r2l63" custom="readingOrder {index:62;}">
                <Coords points="1980,3295 3113,3483 3130,3445 1986,3257"/>
                <Baseline points="1988,3290 2044,3299 2101,3309 2157,3317 2214,3326 2270,3335 2327,3345 2383,3353 2440,3362 2496,3371 2553,3380 2609,3389 2666,3398 2722,3407 2779,3416 2835,3425 2892,3434 2948,3443 3005,3452 3061,3462 3118,3471"/>
                <TextEquiv>
                    <Unicode>en e anenn</Unicode>
                </TextEquiv>
            </TextLine>
            <TextLine id="r2l64" custom="readingOrder {index:63;}">
                <Coords points="1973,3332 3121,3525 3124,3477 1979,3295"/>
                <Baseline points="1982,3327 2038,3337 2095,3346 2152,3355 2208,3364 2265,3373 2322,3382 2378,3391 2435,3400 2492,3409 2549,3418 2605,3427 2662,3435 2719,3445 2775,3453 2832,3463 2889,3472 2945,3481 3002,3490 3059,3500 3116,3509"/>
                <TextEquiv>
                    <Unicode>e eenen</Unicode>
                </TextEquiv>
            </TextLine>
            <TextLine id="r2l65" custom="readingOrder {index:64;}">
                <Coords points="1964,3373 3060,3555 3119,3522 1970,3331"/>
                <Baseline points="1972,3365 2028,3374 2085,3383 2142,3392 2199,3401 2256,3410 2312,3419 2369,3428 2426,3437 2483,3446 2540,3455 2596,3463 2653,3473 2710,3482 2767,3492 2824,3501 2880,3510 2937,3519 2994,3529 3051,3538 3108,3547"/>
                <TextEquiv>
                    <Unicode> neeenenung</Unicode>
                </TextEquiv>
            </TextLine>
            <TextLine id="r2l66" custom="readingOrder {index:65;}">
                <Coords points="1957,3405 3025,3588 3110,3597 3117,3558 1962,3373"/>
                <Baseline points="1965,3402 2024,3411 2084,3421 2144,3431 2204,3440 2264,3450 2324,3459 2384,3469 2444,3478 2504,3488 2564,3498 2624,3507 2684,3517 2744,3526 2804,3536 2864,3546 2924,3555 2984,3565 3044,3575 3104,3585"/>
                <TextEquiv>
                    <Unicode>  eneren eng muen</Unicode>
                </TextEquiv>
            </TextLine>
            <TextLine id="r2l67" custom="readingOrder {index:66;}">
                <Coords points="1961,3447 3087,3633 3106,3597 1967,3409"/>
                <Baseline points="1970,3442 2026,3451 2082,3460 2138,3469 2195,3478 2251,3487 2307,3496 2363,3505 2420,3514 2476,3523 2532,3532 2588,3541 2645,3550 2701,3559 2757,3567 2813,3576 2870,3586 2926,3595 2982,3604 3038,3612 3095,3622"/>
                <TextEquiv>
                    <Unicode>eneenen</Unicode>
                </TextEquiv>
            </TextLine>
            <TextLine id="r2l68" custom="readingOrder {index:67;}">
                <Coords points="1954,3482 3052,3665 3098,3629 1960,3446"/>
                <Baseline points="1962,3479 2018,3489 2074,3498 2130,3506 2186,3516 2242,3525 2298,3533 2355,3542 2411,3551 2467,3560 2523,3569 2579,3578 2635,3586 2691,3595 2748,3604 2804,3614 2860,3622 2916,3631 2972,3641 3028,3650 3085,3660"/>
                <TextEquiv>
                    <Unicode>eeeneng</Unicode>
                </TextEquiv>
            </TextLine>
            <TextLine id="r2l69" custom="readingOrder {index:68;}">
                <Coords points="1947,3523 3094,3703 3019,3645 1954,3484"/>
                <Baseline points="1955,3518 2011,3526 2068,3535 2124,3545 2181,3554 2238,3563 2294,3571 2351,3581 2407,3589 2464,3598 2521,3607 2577,3616 2634,3625 2690,3633 2747,3643 2804,3651 2860,3660 2917,3669 2973,3678 3030,3687 3087,3696"/>
                <TextEquiv>
                    <Unicode> un eertenntun an</Unicode>
                </TextEquiv>
            </TextLine>
            <TextLine id="r2l70" custom="readingOrder {index:69;}">
                <Coords points="1936,3607 2577,3704 2583,3668 2552,3655 1944,3559"/>
                <Baseline points="1946,3593 1977,3598 2008,3603 2039,3607 2071,3612 2102,3618 2133,3622 2164,3627 2196,3632 2227,3637 2258,3642 2289,3647 2321,3652 2352,3657 2383,3662 2414,3667 2446,3673 2477,3678 2508,3683 2539,3688 2571,3694"/>
                <TextEquiv>
                    <Unicode>Seugen geindc vemenenen</Unicode>
                </TextEquiv>
            </TextLine>
            <TextLine id="r2l71" custom="readingOrder {index:70;}">
                <Coords points="1942,3559 3080,3744 3085,3710 3001,3686 1947,3524"/>
                <Baseline points="1950,3554 2006,3564 2062,3573 2118,3582 2174,3591 2230,3600 2286,3608 2343,3617 2399,3626 2455,3636 2511,3644 2567,3653 2623,3661 2679,3671 2736,3680 2792,3689 2848,3698 2904,3707 2960,3717 3016,3726 3073,3736"/>
                <TextEquiv>
                    <Unicode>e eeene a</Unicode>
                </TextEquiv>
            </TextLine>
            <TextLine id="r2l72" custom="readingOrder {index:71;}">
                <Coords points="2032,3659 2069,3677 2109,3667 2152,3672 2189,3688 2275,3689 2280,3655 2242,3660 2220,3646 2166,3648 2159,3640 2117,3639 2105,3628 2093,3634 2082,3623 2038,3621"/>
                <Baseline points="2042,3649 2067,3654 2092,3658 2117,3662 2142,3666 2168,3669 2193,3672 2218,3676 2243,3679 2269,3684"/>
                <TextEquiv>
                    <Unicode>W W</Unicode>
                </TextEquiv>
            </TextLine>
            <TextEquiv>
                <Unicode>(lose &amp; Seide
Bureau für Zeitungsausechnitte
Bestin NO. 48. Georgenkirchplatz ###
Courte
Zeitung:
Ort:
3.001. 197
SAFAEI
Sträßendemonstration gegen die
5
Aufführung des „Reigen“
Hannover, 3. Oktober.
Erstern mittag versammelte sich auf der Georgstraße vor dem
Opery nd
Schauspielhause eine große Menschenmenge, Ange¬
hörige #ller christlichen Vereine und anderer Organisationen, um
gegen die Aufführung des „Reigen“ im Residenztheater zu pro¬
testieren. Nach Posaunenvortrag sprach von der errichteten
Tribüne Pastor Hustedt. Er kennzeichnete das Stück als eine
Anhäufung von Schmutz und Gemeinheit. Durch derartige Auf¬
führungen werde das anständige Bürgertum vergewaltigt. Die
Polizei wäre zu schwach, das Theater hätte mehr Macht als sie.
Der Polizeipräsident hätte das Stück zwar verboten gehabt.
das Verbot aber wieder zurückgezogen. Der Redner machte auch
der Presse Vorwürfe. Es müsse sich der Bürger selbst helfen und
in alle Häuser hinein schreien: In unserer Stadt darf kein Reigen
aufgeführt werden. Dadurch müsse man den Polizeipräsidenten
veranlassen, einzuschreiten. Die Rede wurde überall von donnern¬
dem Beifall begleitet.
Ein anderer Redner sagte unter allgemeiner Zustimmung,
wenn das polizeiliche Verbot bis Mittwoch nicht heraus ist,
dann gehen wir in die Marktstraße vor das Residenztheater in
Massen und hindern alle, die hinein wollen.
Mit dem Deutsch¬
land=Lied wurde die Kundgebung offiziell geschlossen. Inoffiziell
war sie aber noch nicht zu Ende, denn eine Menge begab
ich nach dem Residenztheater, in dem soeben wieder
der „Reigen“ gegeben wurde. Die Polizei hatte aber schon den
Eingang besetzen lassen, so daß nichts geschehen konnte und die
Theaterbesucher durch die Osterstraße hinausgelassen werden
konnten. Der Andrang vor dem Eingange in der Marktstraße
war so groß geworden, daß die Polizei weitere Ver¬
stärkungen heranziehen mußte, sogar ein Auto mit
Mannschaften erschien. Einige Festnahmen erfolgten.
Klose &amp; Seidel
Bureau für Zeitungsausschnitte
Berlin NO. 43, Georgenkirchplats 21
Zeitung: Tägliche Rundschau
Ort:
Berlin
Datum:
—
—

—
 Aehen aehenen
  e eee 
 den eneterteen en n
 eneeeemn un
n eee en
 
  eehemengen
en e anenn
e eenen
 neeenenung
  eneren eng muen
eneenen
eeeneng
 un eertenntun an
Seugen geindc vemenenen
e eeene a
W W</Unicode>
            </TextEquiv>
        </TextRegion>
    </Page>
</PcGts>
