<?xml version="1.0" encoding="UTF-8" standalone="yes"?>
<PcGts xmlns="http://schema.primaresearch.org/PAGE/gts/pagecontent/2013-07-15" xmlns:xsi="http://www.w3.org/2001/XMLSchema-instance" xsi:schemaLocation="http://schema.primaresearch.org/PAGE/gts/pagecontent/2013-07-15 http://schema.primaresearch.org/PAGE/gts/pagecontent/2013-07-15/pagecontent.xsd">
    <Metadata>
        <Creator>prov=University of Rostock/Institute of Mathematics/CITlab/Gundram Leifert/gundram.leifert@uni-rostock.de:name=ONB_Newseye_GT_M1+(htr_id=10810)::::v=2.4.3
prov=University of Rostock/Institute of Mathematics/CITlab/Tobias Gruening/tobias.gruening@uni-rostock.de:name=de.uros.citlab.module.baseline2polygon.B2PSeamMultiOriented:v=2.4.3
prov=University of Rostock/Institute of Mathematics/CITlab/Tobias Gruening/tobias.gruening@uni-rostock.de:name=/net_tf/LA73_249_0mod360.pb:de.uros.citlab.segmentation.CITlab_LA_ML:v=2.4.3
Transkribus</Creator>
        <Created>2019-10-07T11:42:01.391+02:00</Created>
        <LastChange>2019-12-05T02:21:38.306+01:00</LastChange>
        <TranskribusMetadata docId="223982" pageId="9505812" pageNr="1020" tsid="20422310" status="IN_PROGRESS" userId="40391" imgUrl="https://files.transkribus.eu/Get?id=QZHOTYEWRMWNSVHVWLBWHWFY&amp;fileType=view" xmlUrl="https://files.transkribus.eu/Get?id=JKZOXJYVYNTEEXFJPYETWFJT" imageId="6196026"/>
    </Metadata>
    <Page imageFilename="223982_1020.jpeg" imageWidth="3532" imageHeight="4192">
        <ReadingOrder>
            <OrderedGroup id="ro_1711448795199" caption="Regions reading order">
                <RegionRefIndexed index="0" regionRef="r1"/>
            </OrderedGroup>
        </ReadingOrder>
        <TextRegion orientation="0.0" id="r1" custom="readingOrder {index:0;}">
            <Coords points="412,156 412,3410 2993,3410 2993,156"/>
            <TextLine id="r1l1" custom="readingOrder {index:0;}">
                <Coords points="1089,208 1150,216 1269,184 1334,216 1410,201 1448,213 1476,199 1514,219 1515,134 1437,130 1409,144 1314,128 1267,156 1225,136 1090,130"/>
                <Baseline points="1101,184 1126,185 1151,186 1176,187 1201,188 1226,189 1251,189 1276,190 1302,190 1327,190 1352,191 1377,191 1402,191 1427,191 1452,191 1477,190 1503,190"/>
                <TextEquiv>
                    <Unicode>box 18/3</Unicode>
                </TextEquiv>
            </TextLine>
            <TextLine id="r1l2" custom="readingOrder {index:1;}">
                <Coords points="400,192 504,187 628,223 815,208 857,224 914,215 917,151 601,125 537,149 493,128 403,122"/>
                <Baseline points="412,176 437,180 463,183 489,186 515,188 540,191 566,192 592,194 618,195 644,197 669,198 695,198 721,199 747,199 773,200 798,200 824,200 850,200 876,200 902,200"/>
                <TextEquiv>
                    <Unicode>11. Reigen</Unicode>
                </TextEquiv>
            </TextLine>
            <TextLine id="r1l3" custom="readingOrder {index:2;}">
                <Coords points="1336,1103 1355,1104 1372,1094 1397,1109 1426,1101 1449,1112 1466,1108 1472,1116 1489,1114 1493,1037 1451,1039 1444,1032 1432,1036 1423,1030 1390,1028 1361,1034 1352,1026 1341,1026"/>
                <Baseline points="1348,1085 1374,1086 1400,1087 1426,1088 1452,1090 1478,1093"/>
                <TextEquiv>
                    <Unicode>igen.</Unicode>
                </TextEquiv>
            </TextLine>
            <TextLine id="r1l4" custom="readingOrder {index:3;}">
                <Coords points="997,1143 1749,1169 1751,1119 1518,1090 1345,1109 1240,1073 1093,1098 999,1077"/>
                <Baseline points="1008,1131 1044,1131 1081,1130 1117,1131 1154,1131 1190,1132 1227,1134 1263,1135 1300,1136 1336,1139 1373,1140 1409,1142 1446,1144 1482,1146 1519,1148 1555,1150 1592,1152 1628,1154 1665,1155 1701,1157 1738,1158"/>
                <TextEquiv>
                    <Unicode>Zehn Dialoge von Artur-Schulbler.</Unicode>
                </TextEquiv>
            </TextLine>
            <TextLine id="r1l5" custom="readingOrder {index:4;}">
                <Coords points="775,1205 1327,1198 1965,1250 1963,1165 1090,1166 778,1122"/>
                <Baseline points="788,1187 846,1187 904,1187 963,1188 1021,1189 1079,1190 1138,1192 1196,1194 1254,1196 1313,1198 1371,1200 1429,1202 1488,1204 1546,1207 1604,1209 1663,1212 1721,1215 1779,1217 1838,1219 1896,1222 1955,1224"/>
                <TextEquiv>
                    <Unicode>Ersteufführung als Nachtvorstellung im Tellischen Schauspfel¬</Unicode>
                </TextEquiv>
            </TextLine>
            <TextLine id="r1l6" custom="readingOrder {index:5;}">
                <Coords points="1317,1250 1345,1253 1352,1246 1373,1246 1380,1253 1390,1253 1421,1249 1421,1209 1383,1201 1364,1206 1353,1203 1343,1208 1331,1199 1317,1198"/>
                <Baseline points="1328,1240 1354,1237 1381,1238 1408,1240"/>
                <TextEquiv>
                    <Unicode>haus.</Unicode>
                </TextEquiv>
            </TextLine>
            <TextLine id="r1l7" custom="readingOrder {index:6;}">
                <Coords points="884,1273 1949,1320 1966,1262 886,1214"/>
                <Baseline points="896,1273 948,1274 1001,1275 1054,1276 1107,1278 1160,1279 1212,1280 1265,1282 1318,1285 1371,1287 1424,1289 1476,1291 1529,1294 1582,1296 1635,1299 1688,1301 1740,1303 1793,1305 1846,1306 1899,1308 1952,1309"/>
                <TextEquiv>
                    <Unicode>J. G. — Ein Jahr nach der „Liehgleiy, im Winker</Unicode>
                </TextEquiv>
            </TextLine>
            <TextLine id="r1l8" custom="readingOrder {index:7;}">
                <Coords points="773,1324 1909,1380 1970,1373 1972,1316 775,1256"/>
                <Baseline points="785,1312 843,1313 902,1315 961,1316 1020,1319 1078,1321 1137,1322 1196,1324 1255,1327 1313,1329 1372,1331 1431,1333 1490,1335 1548,1338 1607,1340 1666,1343 1725,1345 1783,1347 1842,1349 1901,1351 1960,1354"/>
                <TextEquiv>
                    <Unicode>J#/97, hat der Arzt und P.ycholcgg im Dichter-Schnitzler,</Unicode>
                </TextEquiv>
            </TextLine>
            <TextLine id="r1l9" custom="readingOrder {index:8;}">
                <Coords points="943,1528 1882,1504 1881,1452 1794,1439 1636,1464 1560,1439 942,1453"/>
                <Baseline points="955,1511 1000,1509 1046,1507 1092,1505 1138,1504 1184,1503 1229,1502 1275,1501 1321,1501 1367,1500 1413,1500 1458,1500 1504,1500 1550,1500 1596,1500 1642,1499 1687,1499 1733,1499 1779,1499 1825,1499 1871,1498"/>
                <TextEquiv>
                    <Unicode>Tagesbete auf M#men uicien</Unicode>
                </TextEquiv>
            </TextLine>
            <TextLine id="r1l10" custom="readingOrder {index:9;}">
                <Coords points="1316,1586 1368,1594 1412,1574 1436,1573 1459,1585 1476,1575 1518,1574 1517,1513 1489,1516 1472,1504 1437,1529 1420,1512 1406,1515 1389,1506 1380,1513 1368,1507 1361,1514 1314,1517"/>
                <Baseline points="1327,1571 1352,1569 1378,1567 1404,1566 1429,1565 1455,1565 1481,1566 1507,1567"/>
                <TextEquiv>
                    <Unicode>Brünn.</Unicode>
                </TextEquiv>
            </TextLine>
            <TextLine id="r1l11" custom="readingOrder {index:10;}">
                <Coords points="1266,1658 1294,1650 1321,1659 1334,1649 1363,1665 1387,1657 1410,1666 1422,1656 1472,1665 1537,1642 1573,1643 1571,1575 1476,1575 1463,1585 1425,1576 1408,1593 1378,1587 1350,1597 1337,1586 1264,1585"/>
                <Baseline points="1278,1640 1303,1640 1329,1640 1355,1640 1380,1639 1406,1638 1432,1638 1458,1637 1483,1636 1509,1635 1535,1634 1561,1633"/>
                <TextEquiv>
                    <Unicode>Abendblatt</Unicode>
                </TextEquiv>
            </TextLine>
            <TextLine id="r1l12" custom="readingOrder {index:11;}">
                <Coords points="615,1836 1716,1869 1799,1862 1800,1805 616,1772"/>
                <Baseline points="626,1826 684,1827 742,1828 800,1829 858,1830 916,1832 974,1833 1032,1834 1090,1835 1148,1837 1206,1838 1264,1840 1322,1841 1380,1843 1438,1844 1496,1846 1554,1847 1612,1849 1670,1850 1728,1851 1787,1852"/>
                <TextEquiv>
                    <Unicode>gleichsam als Privatissimum für eine kleine Freundesschar die</Unicode>
                </TextEquiv>
            </TextLine>
            <TextLine id="r1l13" custom="readingOrder {index:12;}">
                <Coords points="621,1865 1796,1899 1797,1861 1695,1854 622,1835"/>
                <Baseline points="633,1865 690,1866 748,1867 805,1869 863,1870 921,1872 978,1873 1036,1875 1093,1876 1151,1878 1209,1879 1266,1880 1324,1882 1381,1883 1439,1885 1497,1886 1554,1887 1612,1889 1669,1890 1727,1892 1785,1893"/>
                <TextEquiv>
                    <Unicode>Ergebnisse gleichzeitiger Sexualforschung — man denke an</Unicode>
                </TextEquiv>
            </TextLine>
            <TextLine id="r1l14" custom="readingOrder {index:13;}">
                <Coords points="1821,1867 2990,1920 3004,1878 2698,1834 1823,1817"/>
                <Baseline points="1833,1858 1890,1861 1948,1863 2006,1866 2064,1868 2122,1870 2180,1873 2237,1875 2295,1878 2353,1880 2411,1882 2469,1884 2527,1887 2585,1889 2642,1892 2700,1894 2758,1896 2816,1899 2874,1901 2932,1904 2990,1907"/>
                <TextEquiv>
                    <Unicode>aus Langweile, und weil man in seinen Kreisen ein Verhält¬</Unicode>
                </TextEquiv>
            </TextLine>
            <TextLine id="r1l15" custom="readingOrder {index:14;}">
                <Coords points="623,1908 1705,1942 1706,1894 1487,1877 624,1868"/>
                <Baseline points="636,1902 688,1904 741,1905 794,1907 847,1908 900,1910 953,1911 1006,1912 1059,1914 1112,1915 1165,1916 1217,1917 1270,1918 1323,1919 1376,1921 1429,1922 1482,1924 1535,1925 1588,1926 1641,1928 1694,1930"/>
                <TextEquiv>
                    <Unicode>Albert Molls „Untersuchungen über die Libido sexualis“</Unicode>
                </TextEquiv>
            </TextLine>
            <TextLine id="r1l16" custom="readingOrder {index:15;}">
                <Coords points="1822,1904 3001,1959 3003,1910 2833,1891 1824,1866"/>
                <Baseline points="1834,1897 1891,1900 1949,1902 2007,1905 2065,1908 2123,1910 2180,1912 2238,1914 2296,1917 2354,1919 2412,1922 2469,1923 2527,1926 2585,1928 2643,1931 2701,1933 2758,1935 2816,1938 2874,1940 2932,1943 2990,1946"/>
                <TextEquiv>
                    <Unicode>nis mit einer anständigen Frau haben muß. Der Ehemann:</Unicode>
                </TextEquiv>
            </TextLine>
            <TextLine id="r1l17" custom="readingOrder {index:16;}">
                <Coords points="608,1943 1778,1978 1779,1936 1711,1925 609,1900"/>
                <Baseline points="621,1942 678,1943 735,1945 792,1946 850,1947 907,1949 964,1950 1022,1951 1079,1953 1136,1954 1194,1956 1251,1957 1308,1959 1365,1960 1423,1962 1480,1963 1537,1964 1595,1966 1652,1967 1709,1968 1767,1969"/>
                <TextEquiv>
                    <Unicode>in einer Reihe locker gefügler Dialoge zu verdichten, zu ver¬</Unicode>
                </TextEquiv>
            </TextLine>
            <TextLine id="r1l18" custom="readingOrder {index:17;}">
                <Coords points="1823,1947 2517,1984 2700,1956 3001,2000 3003,1952 1824,1905"/>
                <Baseline points="1835,1935 1892,1937 1950,1940 2008,1943 2066,1946 2123,1948 2181,1950 2239,1952 2297,1955 2354,1957 2412,1959 2470,1961 2528,1964 2585,1966 2643,1969 2701,1971 2759,1974 2816,1977 2874,1979 2932,1983 2990,1986"/>
                <TextEquiv>
                    <Unicode>pedantischer Schwätzer, Dovpelmoralpharisäer. Der Dichter:</Unicode>
                </TextEquiv>
            </TextLine>
            <TextLine id="r1l19" custom="readingOrder {index:18;}">
                <Coords points="614,1985 1796,2021 1797,1976 1639,1961 615,1950"/>
                <Baseline points="627,1982 684,1983 742,1984 800,1985 858,1987 916,1988 974,1989 1031,1991 1089,1992 1147,1993 1205,1995 1263,1997 1321,1998 1379,1999 1436,2001 1494,2003 1552,2004 1610,2005 1668,2007 1726,2008 1784,2009"/>
                <TextEquiv>
                    <Unicode>menschlichen unternommen. Mänrlein und W.iblein offenbaren</Unicode>
                </TextEquiv>
            </TextLine>
            <TextLine id="r1l20" custom="readingOrder {index:19;}">
                <Coords points="1818,1979 2992,2028 2993,1992 2711,1957 1819,1946"/>
                <Baseline points="1829,1974 1886,1977 1944,1979 2001,1982 2059,1984 2116,1987 2174,1989 2231,1992 2289,1994 2346,1996 2404,1999 2461,2001 2519,2004 2576,2006 2634,2008 2691,2010 2749,2013 2806,2015 2864,2018 2921,2020 2979,2023"/>
                <TextEquiv>
                    <Unicode>eine feine Selbstpersiflage Schnitzlers, innerer Erfahrung nach¬</Unicode>
                </TextEquiv>
            </TextLine>
            <TextLine id="r1l21" custom="readingOrder {index:20;}">
                <Coords points="609,2020 1785,2056 1758,2011 610,1990"/>
                <Baseline points="621,2022 678,2022 736,2023 794,2025 851,2025 909,2027 967,2028 1024,2029 1082,2031 1140,2032 1198,2034 1255,2035 1313,2037 1371,2039 1428,2040 1486,2041 1544,2043 1601,2044 1659,2046 1717,2047 1775,2048"/>
                <TextEquiv>
                    <Unicode>ihre Wesenheit in den Augenblicken vor und nach dem stärk¬</Unicode>
                </TextEquiv>
            </TextLine>
            <TextLine id="r1l22" custom="readingOrder {index:21;}">
                <Coords points="1826,2016 2995,2079 2976,2024 1828,1983"/>
                <Baseline points="1838,2016 1895,2018 1952,2020 2009,2022 2067,2025 2124,2027 2181,2029 2239,2031 2296,2034 2353,2036 2411,2039 2468,2041 2525,2043 2582,2045 2640,2047 2697,2050 2754,2053 2812,2055 2869,2059 2926,2061 2984,2064"/>
                <TextEquiv>
                    <Unicode>gechaffen. der seibstgefällige Stimmungsillusionist. Der Graf,</Unicode>
                </TextEquiv>
            </TextLine>
            <TextLine id="r1l23" custom="readingOrder {index:22;}">
                <Coords points="617,2071 1780,2092 1780,2055 1682,2043 618,2024"/>
                <Baseline points="628,2061 685,2062 742,2063 799,2065 856,2066 913,2067 970,2068 1027,2069 1084,2070 1141,2072 1198,2073 1255,2074 1312,2075 1369,2077 1426,2078 1483,2079 1540,2081 1597,2082 1654,2084 1711,2085 1769,2087"/>
                <TextEquiv>
                    <Unicode>sten Nervenreiz, den die Natur für ihre immanenten Zwecke</Unicode>
                </TextEquiv>
            </TextLine>
            <TextLine id="r1l24" custom="readingOrder {index:23;}">
                <Coords points="1822,2063 2804,2116 2984,2104 2986,2071 1824,2004"/>
                <Baseline points="1834,2054 1893,2057 1953,2059 2013,2062 2073,2064 2133,2066 2193,2069 2253,2071 2313,2073 2373,2076 2433,2078 2493,2081 2553,2084 2613,2086 2673,2088 2733,2091 2793,2094 2853,2096 2913,2099 2973,2103"/>
                <TextEquiv>
                    <Unicode>Dekadent der Sexualität, braucht alkoholiche Auregung; vor¬</Unicode>
                </TextEquiv>
            </TextLine>
            <TextLine id="r1l25" custom="readingOrder {index:24;}">
                <Coords points="618,2103 1775,2137 1776,2093 618,2072"/>
                <Baseline points="629,2100 685,2101 742,2102 799,2103 855,2104 912,2105 969,2106 1025,2108 1082,2109 1139,2110 1196,2111 1252,2113 1309,2114 1366,2116 1422,2117 1479,2119 1536,2120 1592,2122 1649,2124 1706,2125 1763,2126"/>
                <TextEquiv>
                    <Unicode>allen Geschöpfen zu schenken sich bemüßigt sah. Ncht nur vor</Unicode>
                </TextEquiv>
            </TextLine>
            <TextLine id="r1l26" custom="readingOrder {index:25;}">
                <Coords points="1824,2098 2879,2151 2974,2144 2976,2106 1826,2062"/>
                <Baseline points="1835,2094 1891,2096 1947,2098 2004,2099 2060,2102 2117,2104 2173,2107 2229,2109 2286,2111 2342,2114 2399,2116 2455,2118 2511,2120 2568,2123 2624,2126 2681,2128 2737,2131 2793,2133 2850,2136 2906,2138 2963,2141"/>
                <TextEquiv>
                    <Unicode>mittag liegt ihm die Liebe nicht er muß sich daher „nehmen“</Unicode>
                </TextEquiv>
            </TextLine>
            <TextLine id="r1l27" custom="readingOrder {index:26;}">
                <Coords points="609,2142 1767,2176 1782,2136 610,2100"/>
                <Baseline points="621,2139 678,2140 735,2141 793,2142 850,2143 908,2145 965,2146 1022,2147 1080,2148 1137,2150 1195,2151 1252,2152 1309,2154 1367,2155 1424,2157 1482,2158 1539,2160 1596,2161 1654,2162 1711,2163 1769,2164"/>
                <TextEquiv>
                    <Unicode>dem Argesicht des Todes, auch vor dem der Sexualität schwin¬</Unicode>
                </TextEquiv>
            </TextLine>
            <TextLine id="r1l28" custom="readingOrder {index:27;}">
                <Coords points="1814,2139 2993,2185 2969,2137 1816,2096"/>
                <Baseline points="1827,2131 1884,2134 1942,2136 1999,2138 2057,2140 2115,2143 2172,2146 2230,2148 2288,2150 2345,2152 2403,2155 2461,2157 2518,2160 2576,2162 2634,2164 2691,2167 2749,2169 2807,2172 2864,2174 2922,2177 2980,2179"/>
                <TextEquiv>
                    <Unicode>lassen, morgen im Spitzenbett der launischen Künstlerig und</Unicode>
                </TextEquiv>
            </TextLine>
            <TextLine id="r1l29" custom="readingOrder {index:28;}">
                <Coords points="1819,2176 2129,2200 2154,2179 2306,2212 2330,2194 2563,2210 2565,2172 1820,2140"/>
                <Baseline points="1830,2171 1866,2173 1902,2174 1938,2176 1974,2178 2010,2179 2046,2180 2082,2182 2118,2184 2154,2185 2191,2186 2227,2187 2263,2189 2299,2190 2335,2192 2371,2193 2407,2194 2443,2196 2479,2198 2515,2199 2552,2200"/>
                <TextEquiv>
                    <Unicode>abend im Rausch von der Strichdirne.</Unicode>
                </TextEquiv>
            </TextLine>
            <TextLine id="r1l30" custom="readingOrder {index:29;}">
                <Coords points="609,2182 1726,2217 1778,2211 1779,2176 610,2142"/>
                <Baseline points="621,2178 678,2179 735,2180 792,2181 850,2182 907,2184 964,2185 1021,2186 1079,2187 1136,2189 1193,2190 1250,2191 1308,2193 1365,2194 1422,2195 1479,2197 1537,2198 1594,2200 1651,2201 1708,2202 1766,2203"/>
                <TextEquiv>
                    <Unicode>den alle Schranken, die sich zwischen den Menichen erhoben ha¬</Unicode>
                </TextEquiv>
            </TextLine>
            <TextLine id="r1l31" custom="readingOrder {index:30;}">
                <Coords points="2554,2202 2586,2213 2629,2201 2657,2216 2735,2205 2819,2230 2872,2216 3003,2241 3005,2186 2987,2183 2895,2177 2878,2193 2756,2171 2729,2184 2692,2163 2555,2172"/>
                <Baseline points="2565,2203 2590,2203 2615,2204 2640,2205 2665,2205 2690,2207 2716,2208 2741,2209 2766,2210 2791,2211 2816,2213 2841,2214 2867,2215 2892,2216 2917,2217 2942,2218 2967,2219 2993,2220"/>
                <TextEquiv>
                    <Unicode>— Nun die weibliche</Unicode>
                </TextEquiv>
            </TextLine>
            <TextLine id="r1l32" custom="readingOrder {index:31;}">
                <Coords points="614,2219 1779,2250 1780,2205 615,2181"/>
                <Baseline points="625,2217 682,2219 739,2220 796,2221 853,2222 910,2223 967,2224 1024,2225 1081,2226 1138,2227 1196,2228 1253,2230 1310,2231 1367,2232 1424,2233 1481,2235 1538,2236 1595,2237 1652,2239 1709,2241 1767,2242"/>
                <TextEquiv>
                    <Unicode>ben. Pülcher und Blaublut, Dirne und bürgerlich eingehegte</Unicode>
                </TextEquiv>
            </TextLine>
            <TextLine id="r1l33" custom="readingOrder {index:32;}">
                <Coords points="1813,2217 2962,2271 2981,2227 1814,2177"/>
                <Baseline points="1824,2208 1881,2211 1938,2214 1995,2217 2052,2220 2110,2221 2167,2224 2224,2226 2281,2229 2338,2231 2396,2234 2453,2236 2510,2238 2567,2241 2624,2243 2682,2245 2739,2248 2796,2251 2853,2253 2910,2256 2968,2259"/>
                <TextEquiv>
                    <Unicode>Serie. Die Dirne. von plötzlicher Hingebungslust befallen,</Unicode>
                </TextEquiv>
            </TextLine>
            <TextLine id="r1l34" custom="readingOrder {index:33;}">
                <Coords points="610,2260 1772,2312 1773,2251 1655,2238 611,2217"/>
                <Baseline points="622,2258 678,2258 735,2259 792,2259 849,2260 906,2261 963,2262 1020,2263 1077,2265 1134,2266 1191,2267 1247,2269 1304,2270 1361,2272 1418,2273 1475,2275 1532,2276 1589,2278 1646,2279 1703,2280 1760,2281"/>
                <TextEquiv>
                    <Unicode>Frau lanzen nach derselben Pfeise, die seit Millionen Jahren</Unicode>
                </TextEquiv>
            </TextLine>
            <TextLine id="r1l35" custom="readingOrder {index:34;}">
                <Coords points="1813,2253 2754,2275 2925,2311 3000,2307 3003,2255 1814,2215"/>
                <Baseline points="1824,2249 1882,2252 1940,2255 1998,2256 2057,2259 2115,2261 2173,2263 2231,2265 2290,2267 2348,2270 2406,2272 2464,2274 2523,2276 2581,2278 2639,2281 2697,2283 2756,2286 2814,2290 2872,2293 2930,2296 2989,2300"/>
                <TextEquiv>
                    <Unicode>aber doch wenigstens das Sperrsechserl verlangend am morgen?</Unicode>
                </TextEquiv>
            </TextLine>
            <TextLine id="r1l36" custom="readingOrder {index:35;}">
                <Coords points="613,2319 672,2324 724,2297 1123,2304 1254,2328 1255,2274 614,2262"/>
                <Baseline points="626,2297 656,2297 687,2297 718,2298 749,2298 780,2298 811,2299 842,2299 873,2300 904,2300 935,2301 965,2302 996,2302 1027,2303 1058,2304 1089,2305 1120,2305 1151,2306 1182,2306 1213,2307 1244,2307"/>
                <TextEquiv>
                    <Unicode>die Geschlechter zu Paaren trebt.</Unicode>
                </TextEquiv>
            </TextLine>
            <TextLine id="r1l37" custom="readingOrder {index:36;}">
                <Coords points="1815,2292 2998,2343 3000,2303 2927,2286 1817,2254"/>
                <Baseline points="1827,2289 1888,2292 1949,2294 2010,2296 2071,2298 2132,2300 2193,2302 2254,2305 2315,2307 2376,2310 2437,2313 2498,2315 2559,2318 2620,2321 2681,2323 2742,2326 2803,2328 2864,2332 2925,2334 2986,2337"/>
                <TextEquiv>
                    <Unicode>das apathische Faniter. In ihren Armen schließen sich die</Unicode>
                </TextEquiv>
            </TextLine>
            <TextLine id="r1l38" custom="readingOrder {index:37;}">
                <Coords points="692,2340 1775,2371 1776,2312 1522,2292 1372,2320 693,2304"/>
                <Baseline points="704,2335 756,2336 809,2338 862,2339 915,2340 968,2341 1021,2342 1074,2343 1127,2344 1180,2346 1233,2347 1285,2348 1338,2350 1391,2351 1444,2352 1497,2353 1550,2354 1603,2355 1656,2357 1709,2358 1762,2359"/>
                <TextEquiv>
                    <Unicode>Der ironische Melancholiker, als den sich Schnitzler mit</Unicode>
                </TextEquiv>
            </TextLine>
            <TextLine id="r1l39" custom="readingOrder {index:38;}">
                <Coords points="1809,2336 3001,2388 3003,2344 2909,2332 1811,2293"/>
                <Baseline points="1822,2327 1880,2330 1938,2332 1997,2334 2055,2336 2114,2338 2172,2341 2230,2343 2289,2345 2347,2348 2406,2350 2464,2353 2522,2355 2581,2357 2639,2361 2698,2363 2756,2366 2814,2369 2873,2371 2931,2374 2990,2376"/>
                <TextEquiv>
                    <Unicode>Eckalieder des Reigens: der Gemeine und der adelige Ritt=</Unicode>
                </TextEquiv>
            </TextLine>
            <TextLine id="r1l40" custom="readingOrder {index:39;}">
                <Coords points="613,2382 1769,2401 1769,2372 1498,2347 614,2319"/>
                <Baseline points="625,2374 681,2374 738,2375 794,2376 851,2377 907,2379 964,2380 1020,2381 1077,2382 1133,2383 1190,2384 1247,2386 1303,2387 1360,2388 1416,2389 1473,2391 1529,2392 1586,2394 1642,2395 1699,2397 1756,2398"/>
                <TextEquiv>
                    <Unicode>seinem Anatol“ in das Literaturgetriebe der 90er=Jahre ein¬</Unicode>
                </TextEquiv>
            </TextLine>
            <TextLine id="r1l41" custom="readingOrder {index:40;}">
                <Coords points="1810,2371 2922,2424 2984,2420 2986,2370 1811,2336"/>
                <Baseline points="1822,2367 1879,2369 1937,2371 1994,2373 2052,2375 2109,2377 2167,2380 2224,2382 2282,2384 2339,2387 2397,2389 2454,2392 2512,2394 2569,2397 2627,2399 2684,2401 2742,2404 2799,2406 2857,2409 2914,2411 2972,2413"/>
                <TextEquiv>
                    <Unicode>meister. Eine treffsichere Symbolironie! Das Stubenmädchen</Unicode>
                </TextEquiv>
            </TextLine>
            <TextLine id="r1l42" custom="readingOrder {index:41;}">
                <Coords points="606,2420 1783,2442 1784,2400 1692,2395 607,2383"/>
                <Baseline points="618,2413 675,2414 733,2415 790,2415 848,2416 906,2417 963,2419 1021,2420 1078,2421 1136,2423 1194,2424 1251,2426 1309,2427 1366,2429 1424,2430 1482,2432 1539,2433 1597,2434 1654,2435 1712,2436 1770,2437"/>
                <TextEquiv>
                    <Unicode>geführt halte blickt auch aus den zehn Szenen des „Reigens“.</Unicode>
                </TextEquiv>
            </TextLine>
            <TextLine id="r1l43" custom="readingOrder {index:42;}">
                <Coords points="1812,2406 2857,2468 2976,2464 2978,2419 1813,2370"/>
                <Baseline points="1824,2405 1881,2408 1938,2411 1995,2413 2052,2415 2109,2418 2166,2420 2223,2422 2280,2424 2337,2426 2394,2429 2451,2431 2508,2433 2565,2435 2622,2438 2679,2440 2736,2443 2793,2446 2850,2449 2907,2452 2964,2455"/>
                <TextEquiv>
                    <Unicode>sonntags der Tanzerregung und der Montur, wochentags als</Unicode>
                </TextEquiv>
            </TextLine>
            <TextLine id="r1l44" custom="readingOrder {index:43;}">
                <Coords points="605,2457 1770,2488 1771,2445 1637,2421 606,2422"/>
                <Baseline points="616,2449 673,2451 730,2452 787,2453 844,2455 901,2456 958,2458 1016,2459 1073,2460 1130,2461 1187,2463 1244,2464 1301,2466 1358,2467 1416,2469 1473,2470 1530,2472 1587,2473 1644,2474 1701,2476 1759,2478"/>
                <TextEquiv>
                    <Unicode>Wie äfft doch der hemmungslo'e Naturtr ch, der den Mann</Unicode>
                </TextEquiv>
            </TextLine>
            <TextLine id="r1l45" custom="readingOrder {index:44;}">
                <Coords points="1805,2450 2887,2503 2983,2502 2985,2462 1807,2408"/>
                <Baseline points="1817,2444 1874,2447 1932,2448 1990,2451 2048,2453 2106,2456 2163,2458 2221,2461 2279,2463 2337,2465 2395,2468 2452,2470 2510,2472 2568,2475 2626,2477 2684,2480 2741,2483 2799,2485 2857,2487 2915,2490 2973,2492"/>
                <TextEquiv>
                    <Unicode>Ersatz willig dim Jungherrengelüst erliegend. Die junge Frau</Unicode>
                </TextEquiv>
            </TextLine>
            <TextLine id="r1l46" custom="readingOrder {index:45;}">
                <Coords points="599,2495 1735,2532 1767,2485 600,2457"/>
                <Baseline points="611,2491 668,2491 725,2492 782,2494 839,2494 897,2495 954,2497 1011,2498 1068,2499 1125,2500 1183,2501 1240,2503 1297,2504 1354,2505 1411,2506 1469,2508 1526,2509 1583,2511 1640,2512 1697,2514 1755,2516"/>
                <TextEquiv>
                    <Unicode>dor der Ersüllung seiner Wünsche das Unmöglichste wagen läßt,</Unicode>
                </TextEquiv>
            </TextLine>
            <TextLine id="r1l47" custom="readingOrder {index:46;}">
                <Coords points="1801,2493 2906,2544 2974,2537 2976,2500 1803,2446"/>
                <Baseline points="1813,2484 1870,2486 1928,2488 1985,2490 2043,2493 2100,2495 2158,2497 2215,2499 2273,2502 2330,2504 2388,2507 2445,2509 2503,2511 2560,2513 2618,2516 2675,2519 2733,2521 2790,2524 2848,2527 2905,2530 2963,2532"/>
                <TextEquiv>
                    <Unicode>mit den zwei Schleiern, der die bloß perivdischen programm¬</Unicode>
                </TextEquiv>
            </TextLine>
            <TextLine id="r1l48" custom="readingOrder {index:47;}">
                <Coords points="604,2532 1764,2570 1765,2523 1681,2514 605,2494"/>
                <Baseline points="617,2529 673,2531 730,2532 787,2533 844,2534 901,2535 958,2536 1014,2537 1071,2538 1128,2539 1185,2540 1242,2541 1299,2542 1356,2543 1412,2545 1469,2546 1526,2547 1583,2549 1640,2551 1697,2552 1754,2554"/>
                <TextEquiv>
                    <Unicode>den endlich ans Ziel Gelangten! Eine gigantische Seifenblase,</Unicode>
                </TextEquiv>
            </TextLine>
            <TextLine id="r1l49" custom="readingOrder {index:48;}">
                <Coords points="1808,2538 2965,2582 2981,2548 1810,2489"/>
                <Baseline points="1821,2522 1878,2524 1935,2527 1992,2529 2050,2531 2107,2534 2164,2536 2222,2538 2279,2540 2336,2543 2394,2545 2451,2547 2508,2550 2565,2552 2623,2555 2680,2557 2737,2560 2795,2563 2852,2565 2909,2568 2967,2571"/>
                <TextEquiv>
                    <Unicode>gemäßen Liebesbezeugungen des Gatten nicht genügen, ein</Unicode>
                </TextEquiv>
            </TextLine>
            <TextLine id="r1l50" custom="readingOrder {index:49;}">
                <Coords points="604,2569 1760,2596 1760,2560 1551,2547 605,2531"/>
                <Baseline points="615,2572 671,2572 728,2572 785,2573 841,2573 898,2574 955,2575 1011,2576 1068,2577 1125,2578 1182,2579 1238,2580 1295,2581 1352,2583 1408,2584 1465,2585 1522,2587 1578,2588 1635,2590 1692,2591 1749,2592"/>
                <TextEquiv>
                    <Unicode>in der Paradiese und Wonnen von unerhörter Färbigkeit ge¬</Unicode>
                </TextEquiv>
            </TextLine>
            <TextLine id="r1l51" custom="readingOrder {index:50;}">
                <Coords points="1809,2570 2871,2620 2968,2617 2970,2579 1810,2535"/>
                <Baseline points="1820,2563 1876,2564 1933,2566 1990,2567 2047,2570 2104,2571 2161,2574 2217,2576 2274,2578 2331,2581 2388,2583 2445,2585 2502,2588 2559,2591 2615,2593 2672,2596 2729,2598 2786,2600 2843,2602 2900,2604 2957,2606"/>
                <TextEquiv>
                    <Unicode>Luxuslierchen, moralich zerletzter als die übrigen Gefährtin¬</Unicode>
                </TextEquiv>
            </TextLine>
            <TextLine id="r1l52" custom="readingOrder {index:51;}">
                <Coords points="601,2617 1730,2643 1762,2597 602,2570"/>
                <Baseline points="612,2609 668,2609 725,2610 782,2611 839,2612 896,2613 953,2614 1009,2615 1066,2617 1123,2618 1180,2619 1237,2620 1294,2621 1351,2623 1407,2624 1464,2625 1521,2627 1578,2628 1635,2629 1692,2630 1749,2632"/>
                <TextEquiv>
                    <Unicode>spiegelt erscheinen, zerfließt in wenigen Minuten wie die Wein¬</Unicode>
                </TextEquiv>
            </TextLine>
            <TextLine id="r1l53" custom="readingOrder {index:52;}">
                <Coords points="1806,2605 2335,2641 2549,2618 2774,2658 2975,2650 2976,2621 1807,2570"/>
                <Baseline points="1818,2601 1875,2604 1932,2606 1989,2608 2046,2610 2104,2613 2161,2615 2218,2617 2275,2620 2332,2622 2390,2624 2447,2626 2504,2629 2561,2631 2618,2633 2676,2635 2733,2638 2790,2640 2847,2643 2904,2645 2962,2647"/>
                <TextEquiv>
                    <Unicode>nen des Reigens. Das süße Mädel: lieb zum Anknabbern ver¬</Unicode>
                </TextEquiv>
            </TextLine>
            <TextLine id="r1l54" custom="readingOrder {index:53;}">
                <Coords points="596,2647 1759,2680 1741,2637 1498,2624 597,2618"/>
                <Baseline points="609,2646 665,2647 722,2649 779,2650 836,2651 893,2652 950,2653 1007,2654 1064,2655 1121,2656 1178,2658 1234,2659 1291,2660 1348,2661 1405,2663 1462,2664 1519,2666 1576,2668 1633,2669 1690,2671 1747,2673"/>
                <TextEquiv>
                    <Unicode>traubenphantasmagorie in Auerbachs Keller. Und das sogar</Unicode>
                </TextEquiv>
            </TextLine>
            <TextLine id="r1l55" custom="readingOrder {index:54;}">
                <Coords points="1792,2653 2859,2704 2968,2695 2970,2652 1794,2606"/>
                <Baseline points="1805,2641 1862,2643 1920,2645 1977,2646 2035,2649 2093,2651 2150,2653 2208,2656 2265,2658 2323,2661 2381,2663 2438,2666 2496,2668 2553,2671 2611,2673 2669,2676 2726,2678 2784,2681 2841,2683 2899,2685 2957,2688"/>
                <TextEquiv>
                    <Unicode>lockend, grenzenlos verlogen, ein Luderchen, das sich noch aus¬</Unicode>
                </TextEquiv>
            </TextLine>
            <TextLine id="r1l56" custom="readingOrder {index:55;}">
                <Coords points="597,2688 1606,2721 1764,2715 1765,2677 597,2648"/>
                <Baseline points="608,2685 665,2686 722,2688 779,2689 837,2690 894,2691 951,2693 1008,2694 1066,2695 1123,2696 1180,2697 1237,2698 1295,2699 1352,2700 1409,2702 1466,2703 1524,2704 1581,2706 1638,2707 1695,2709 1753,2710"/>
                <TextEquiv>
                    <Unicode>bei der großen Leidenschaft der „ewig n“ Li.be, die, soll sie</Unicode>
                </TextEquiv>
            </TextLine>
            <TextLine id="r1l57" custom="readingOrder {index:56;}">
                <Coords points="1800,2686 2922,2740 2969,2697 1802,2644"/>
                <Baseline points="1812,2679 1869,2681 1926,2683 1983,2685 2040,2688 2097,2690 2154,2692 2212,2694 2269,2697 2326,2699 2383,2702 2440,2704 2497,2707 2554,2709 2612,2712 2669,2714 2726,2716 2783,2719 2840,2721 2897,2723 2955,2726"/>
                <TextEquiv>
                    <Unicode>wachsen wird. Die Schausp'elerin: die große Nummer, rassi¬</Unicode>
                </TextEquiv>
            </TextLine>
            <TextLine id="r1l58" custom="readingOrder {index:57;}">
                <Coords points="593,2745 1754,2764 1755,2717 1609,2695 595,2688"/>
                <Baseline points="605,2726 661,2727 718,2727 775,2728 832,2729 889,2730 946,2731 1003,2732 1060,2733 1117,2734 1174,2736 1230,2737 1287,2738 1344,2740 1401,2741 1458,2742 1515,2743 1572,2745 1629,2746 1686,2748 1743,2750"/>
                <TextEquiv>
                    <Unicode>Menschen auf die Dauer fesseln — was selten genug geschieht</Unicode>
                </TextEquiv>
            </TextLine>
            <TextLine id="r1l59" custom="readingOrder {index:58;}">
                <Coords points="1789,2719 2967,2779 2953,2727 1791,2686"/>
                <Baseline points="1802,2718 1859,2719 1917,2722 1975,2725 2032,2726 2090,2729 2148,2731 2205,2733 2263,2735 2321,2737 2379,2740 2436,2742 2494,2744 2552,2746 2609,2749 2667,2751 2725,2754 2782,2757 2840,2760 2898,2763 2956,2766"/>
                <TextEquiv>
                    <Unicode>nierte Kanaille mit Sirenenbehelfen explosible Nervenbatterie,</Unicode>
                </TextEquiv>
            </TextLine>
            <TextLine id="r1l60" custom="readingOrder {index:59;}">
                <Coords points="640,2762 1751,2797 1752,2762 1653,2745 641,2731"/>
                <Baseline points="652,2765 706,2767 760,2767 815,2768 869,2769 923,2770 978,2771 1032,2772 1086,2773 1141,2774 1195,2775 1249,2776 1304,2777 1358,2778 1412,2779 1467,2781 1521,2782 1575,2784 1630,2785 1684,2788 1739,2790"/>
                <TextEquiv>
                    <Unicode>doch noch auf anderen Bedingungen beruhen muß, als auf</Unicode>
                </TextEquiv>
            </TextLine>
            <TextLine id="r1l61" custom="readingOrder {index:60;}">
                <Coords points="1788,2786 2972,2822 2901,2762 1791,2720"/>
                <Baseline points="1802,2759 1859,2762 1917,2763 1975,2765 2033,2767 2091,2769 2149,2771 2207,2772 2265,2774 2323,2776 2381,2778 2438,2780 2496,2782 2554,2784 2612,2786 2670,2790 2728,2793 2786,2796 2844,2799 2902,2803 2960,2807"/>
                <TextEquiv>
                    <Unicode>deutlich nach berühmlem Modell des damanigen Alien geschaffen.</Unicode>
                </TextEquiv>
            </TextLine>
            <TextLine id="r1l62" custom="readingOrder {index:61;}">
                <Coords points="588,2806 1675,2842 1746,2832 1747,2794 589,2765"/>
                <Baseline points="600,2801 656,2803 713,2804 770,2805 827,2806 883,2807 940,2808 997,2809 1054,2810 1110,2811 1167,2812 1224,2813 1281,2815 1337,2816 1394,2817 1451,2818 1508,2820 1564,2821 1621,2823 1678,2824 1735,2826"/>
                <TextEquiv>
                    <Unicode>denin der Geschlechtssphäre. Die wunderbare Macht der beglük¬</Unicode>
                </TextEquiv>
            </TextLine>
            <TextLine id="r1l63" custom="readingOrder {index:62;}">
                <Coords points="1876,2836 2970,2863 2948,2817 1878,2770"/>
                <Baseline points="1889,2828 1942,2829 1995,2831 2049,2833 2102,2835 2156,2836 2209,2838 2263,2839 2316,2841 2370,2842 2423,2844 2476,2845 2530,2847 2583,2849 2637,2851 2690,2853 2744,2855 2797,2857 2851,2860 2904,2863 2958,2865"/>
                <TextEquiv>
                    <Unicode>Nicht alle Szeren sind gleichwertig. Begreislich, daß zehn¬</Unicode>
                </TextEquiv>
            </TextLine>
            <TextLine id="r1l64" custom="readingOrder {index:63;}">
                <Coords points="591,2844 1761,2874 1747,2827 592,2806"/>
                <Baseline points="602,2843 659,2844 716,2845 774,2846 831,2847 888,2848 946,2849 1003,2850 1060,2851 1118,2852 1175,2853 1232,2854 1290,2855 1347,2856 1404,2857 1462,2858 1519,2859 1576,2860 1634,2861 1691,2863 1749,2864"/>
                <TextEquiv>
                    <Unicode>kenden Liebe läßt Schnitzler im „Reigen“ absichtlich bereite.</Unicode>
                </TextEquiv>
            </TextLine>
            <TextLine id="r1l65" custom="readingOrder {index:64;}">
                <Coords points="1791,2869 2972,2912 2973,2862 1896,2838 1793,2803"/>
                <Baseline points="1802,2865 1859,2867 1917,2868 1975,2870 2033,2872 2091,2873 2149,2875 2207,2876 2265,2878 2323,2880 2381,2882 2438,2884 2496,2886 2554,2888 2612,2890 2670,2892 2728,2895 2786,2897 2844,2900 2902,2903 2960,2905"/>
                <TextEquiv>
                    <Unicode>malige Wiederholung einer ähnlichen Situation erma#tend auf</Unicode>
                </TextEquiv>
            </TextLine>
            <TextLine id="r1l66" custom="readingOrder {index:65;}">
                <Coords points="589,2888 1752,2908 1752,2871 1613,2858 590,2845"/>
                <Baseline points="602,2881 658,2882 715,2883 772,2884 829,2885 886,2886 943,2887 999,2889 1056,2890 1113,2891 1170,2892 1227,2893 1284,2894 1341,2895 1397,2897 1454,2898 1511,2899 1568,2900 1625,2901 1682,2902 1739,2903"/>
                <TextEquiv>
                    <Unicode>Die fünf Pärchen, zwischen denen der fluchtige Eros sein bunt¬</Unicode>
                </TextEquiv>
            </TextLine>
            <TextLine id="r1l67" custom="readingOrder {index:66;}">
                <Coords points="1795,2910 2889,2951 2957,2943 2958,2910 1796,2870"/>
                <Baseline points="1807,2904 1866,2905 1926,2907 1986,2909 2046,2911 2106,2912 2166,2914 2226,2916 2286,2918 2346,2920 2406,2922 2466,2924 2526,2926 2586,2928 2646,2930 2706,2932 2766,2935 2826,2936 2886,2939 2946,2941"/>
                <TextEquiv>
                    <Unicode>Schöpfer und Genießer wirkt. Starkgrissig sind die beiden Sol¬</Unicode>
                </TextEquiv>
            </TextLine>
            <TextLine id="r1l68" custom="readingOrder {index:67;}">
                <Coords points="592,2935 1646,2958 1755,2951 1756,2911 593,2885"/>
                <Baseline points="604,2921 663,2922 723,2923 783,2924 843,2925 903,2926 963,2927 1023,2928 1083,2929 1143,2930 1203,2932 1263,2933 1323,2934 1383,2935 1443,2937 1503,2938 1563,2939 1623,2941 1683,2943 1743,2944"/>
                <TextEquiv>
                    <Unicode>gankelndes Band schlingt, suchen und finden Genüge in der</Unicode>
                </TextEquiv>
            </TextLine>
            <TextLine id="r1l69" custom="readingOrder {index:68;}">
                <Coords points="1787,2946 2952,2985 2953,2945 2861,2935 1788,2906"/>
                <Baseline points="1798,2940 1855,2943 1912,2945 1969,2948 2026,2950 2083,2952 2140,2953 2197,2955 2254,2957 2311,2958 2368,2960 2425,2961 2482,2963 2539,2964 2596,2966 2653,2968 2710,2969 2767,2972 2824,2974 2881,2976 2939,2980"/>
                <TextEquiv>
                    <Unicode>datenszenen des Ansanges. In spielender Leichtigkeit husch</Unicode>
                </TextEquiv>
            </TextLine>
            <TextLine id="r1l70" custom="readingOrder {index:69;}">
                <Coords points="593,2974 1759,2987 1759,2950 1696,2944 839,2945 595,2908"/>
                <Baseline points="606,2960 663,2962 720,2963 777,2964 834,2965 891,2966 948,2967 1005,2968 1062,2969 1119,2970 1176,2971 1233,2972 1290,2973 1347,2974 1404,2975 1461,2976 1518,2977 1575,2978 1632,2979 1689,2980 1746,2982"/>
                <TextEquiv>
                    <Unicode>schwindelnden Enlzückung des Augenbials. Versch eden geben</Unicode>
                </TextEquiv>
            </TextLine>
            <TextLine id="r1l71" custom="readingOrder {index:70;}">
                <Coords points="1785,2991 2867,3032 2945,3025 2946,2988 1786,2947"/>
                <Baseline points="1798,2981 1854,2983 1911,2985 1968,2986 2025,2988 2081,2989 2138,2991 2195,2993 2252,2994 2308,2996 2365,2998 2422,2999 2479,3001 2535,3003 2592,3004 2649,3007 2706,3009 2762,3011 2819,3013 2876,3015 2933,3018"/>
                <TextEquiv>
                    <Unicode>der Tialog — Junger Herr — Stubenmädchen vorüber. Ene¬</Unicode>
                </TextEquiv>
            </TextLine>
            <TextLine id="r1l72" custom="readingOrder {index:71;}">
                <Coords points="590,3009 1748,3029 1746,2988 1638,2977 590,2973"/>
                <Baseline points="602,3000 658,3001 715,3002 771,3003 828,3003 885,3004 941,3005 998,3006 1055,3007 1111,3007 1168,3008 1225,3009 1281,3010 1338,3011 1395,3013 1451,3014 1508,3015 1565,3016 1621,3017 1678,3019 1735,3021"/>
                <TextEquiv>
                    <Unicode>sich Mann und Weib in diesen allzumenichlichen Mirneen. In</Unicode>
                </TextEquiv>
            </TextLine>
            <TextLine id="r1l73" custom="readingOrder {index:72;}">
                <Coords points="1786,3024 2915,3070 2969,3067 2971,3010 1787,2991"/>
                <Baseline points="1797,3021 1855,3022 1913,3023 1971,3025 2029,3027 2087,3028 2145,3030 2203,3032 2261,3034 2319,3035 2377,3037 2435,3039 2493,3041 2551,3043 2609,3045 2667,3047 2725,3049 2783,3052 2841,3053 2899,3055 2957,3058"/>
                <TextEquiv>
                    <Unicode>ersten Preis verdient der Auftritt — Junger Herr — junge</Unicode>
                </TextEquiv>
            </TextLine>
            <TextLine id="r1l74" custom="readingOrder {index:73;}">
                <Coords points="590,3042 1755,3071 1756,3031 1506,3012 591,3007"/>
                <Baseline points="602,3037 659,3039 716,3041 773,3043 830,3044 887,3045 944,3046 1001,3047 1058,3048 1115,3049 1173,3049 1230,3050 1287,3051 1344,3052 1401,3053 1458,3054 1515,3055 1572,3056 1629,3058 1686,3060 1744,3063"/>
                <TextEquiv>
                    <Unicode>mannigsachster Nüancierung zeigt der Dichter die Ernüchterung,</Unicode>
                </TextEquiv>
            </TextLine>
            <TextLine id="r1l75" custom="readingOrder {index:74;}">
                <Coords points="1793,3072 2951,3102 2924,3049 1795,3022"/>
                <Baseline points="1806,3061 1862,3062 1919,3063 1975,3065 2032,3066 2089,3068 2145,3069 2202,3071 2259,3073 2315,3074 2372,3076 2429,3079 2485,3080 2542,3082 2599,3084 2655,3085 2712,3087 2769,3089 2825,3090 2882,3092 2939,3093"/>
                <TextEquiv>
                    <Unicode>Frau. Hier ist jedes Wort ein Treffer, Wie köstlich ist die</Unicode>
                </TextEquiv>
            </TextLine>
            <TextLine id="r1l76" custom="readingOrder {index:75;}">
                <Coords points="579,3082 1657,3114 1751,3111 1752,3071 580,3038"/>
                <Baseline points="592,3077 649,3079 706,3080 764,3081 821,3083 878,3084 936,3085 993,3086 1050,3087 1108,3088 1165,3089 1222,3090 1280,3091 1337,3092 1394,3093 1452,3094 1509,3095 1566,3096 1624,3097 1681,3099 1739,3100"/>
                <TextEquiv>
                    <Unicode>die Distanzierung des energierntladenen Mannes, während</Unicode>
                </TextEquiv>
            </TextLine>
            <TextLine id="r1l77" custom="readingOrder {index:76;}">
                <Coords points="1783,3109 2884,3147 2941,3139 2942,3102 1784,3066"/>
                <Baseline points="1796,3099 1852,3101 1909,3103 1965,3104 2022,3106 2079,3107 2135,3109 2192,3110 2248,3112 2305,3113 2362,3115 2418,3116 2475,3118 2531,3120 2588,3122 2645,3124 2701,3126 2758,3128 2814,3131 2871,3133 2928,3136"/>
                <TextEquiv>
                    <Unicode>passive Resistenz des männlichen Nerveniystems, diese all ägl</Unicode>
                </TextEquiv>
            </TextLine>
            <TextLine id="r1l78" custom="readingOrder {index:77;}">
                <Coords points="577,3118 1749,3150 1750,3108 1559,3092 578,3083"/>
                <Baseline points="589,3115 646,3116 703,3118 761,3120 818,3121 876,3122 933,3123 991,3124 1048,3125 1106,3126 1163,3127 1220,3128 1278,3128 1335,3130 1393,3130 1450,3132 1508,3133 1565,3134 1623,3136 1680,3138 1738,3140"/>
                <TextEquiv>
                    <Unicode>im Weibe die Spannungsreize posenziert erscheinen. Die phy¬</Unicode>
                </TextEquiv>
            </TextLine>
            <TextLine id="r1l79" custom="readingOrder {index:78;}">
                <Coords points="1784,3147 2672,3186 2925,3179 2926,3146 1785,3106"/>
                <Baseline points="1796,3138 1851,3140 1907,3142 1963,3144 2019,3146 2075,3148 2131,3149 2186,3151 2242,3152 2298,3154 2354,3156 2410,3157 2466,3159 2522,3160 2577,3162 2633,3164 2689,3166 2745,3168 2801,3170 2857,3172 2913,3174"/>
                <TextEquiv>
                    <Unicode>verkommende Fatal tät, zur Cberakterbelichtung des Pärche</Unicode>
                </TextEquiv>
            </TextLine>
            <TextLine id="r1l80" custom="readingOrder {index:79;}">
                <Coords points="588,3165 1728,3189 1745,3154 589,3118"/>
                <Baseline points="600,3154 656,3156 713,3158 769,3160 826,3161 883,3162 939,3163 996,3164 1053,3165 1109,3166 1166,3167 1223,3168 1279,3168 1336,3169 1393,3170 1449,3171 1506,3172 1563,3174 1619,3176 1676,3177 1733,3180"/>
                <TextEquiv>
                    <Unicode>sinlegischen Innenvorgänge ietzt Schnitzler in fesselnde, seelen¬</Unicode>
                </TextEquiv>
            </TextLine>
            <TextLine id="r1l81" custom="readingOrder {index:80;}">
                <Coords points="1770,3191 2952,3218 2953,3178 2904,3172 1772,3142"/>
                <Baseline points="1783,3178 1840,3179 1898,3181 1956,3182 2014,3183 2072,3185 2130,3186 2187,3189 2245,3190 2303,3193 2361,3194 2419,3197 2477,3198 2535,3200 2592,3202 2650,3204 2708,3206 2766,3208 2824,3209 2882,3210 2940,3211"/>
                <TextEquiv>
                    <Unicode>verwendet! So wie sich hier der junge Herr in seiner No¬</Unicode>
                </TextEquiv>
            </TextLine>
            <TextLine id="r1l82" custom="readingOrder {index:81;}">
                <Coords points="584,3198 1751,3231 1752,3181 585,3162"/>
                <Baseline points="596,3196 653,3197 710,3199 767,3200 824,3201 882,3202 939,3203 996,3204 1053,3205 1110,3206 1168,3207 1225,3208 1282,3208 1339,3209 1396,3210 1454,3211 1511,3213 1568,3214 1625,3215 1682,3217 1740,3219"/>
                <TextEquiv>
                    <Unicode>erschließende Dialoge um. Vl'rartig belenhiet er Charaktere.</Unicode>
                </TextEquiv>
            </TextLine>
            <TextLine id="r1l83" custom="readingOrder {index:82;}">
                <Coords points="1786,3226 2953,3261 2954,3211 1787,3186"/>
                <Baseline points="1797,3220 1854,3221 1911,3223 1968,3224 2025,3225 2083,3227 2140,3228 2197,3230 2254,3232 2311,3233 2369,3235 2426,3237 2483,3238 2540,3240 2597,3241 2655,3243 2712,3245 2769,3246 2826,3248 2883,3250 2941,3251"/>
                <TextEquiv>
                    <Unicode>auf Stendhals „De l'amour“ berust, lo berufen sich sei“ 190.</Unicode>
                </TextEquiv>
            </TextLine>
            <TextLine id="r1l84" custom="readingOrder {index:83;}">
                <Coords points="584,3250 1687,3283 1744,3280 1745,3233 585,3199"/>
                <Baseline points="596,3235 652,3236 709,3237 766,3239 823,3240 880,3241 937,3243 993,3244 1050,3245 1107,3246 1164,3247 1221,3248 1278,3249 1335,3250 1391,3251 1448,3252 1505,3253 1562,3254 1619,3255 1676,3256 1733,3257"/>
                <TextEquiv>
                    <Unicode>Nur minntenlang sind sie erponiert, aber sie sind rundum be¬</Unicode>
                </TextEquiv>
            </TextLine>
            <TextLine id="r1l85" custom="readingOrder {index:84;}">
                <Coords points="1774,3261 2952,3303 2953,3263 2782,3241 1775,3225"/>
                <Baseline points="1786,3256 1843,3258 1901,3260 1959,3263 2016,3265 2074,3267 2132,3268 2189,3270 2247,3271 2305,3273 2363,3274 2420,3276 2478,3278 2536,3279 2593,3280 2651,3282 2709,3283 2766,3285 2824,3286 2882,3288 2940,3289"/>
                <TextEquiv>
                    <Unicode>alle Betro senen auf diese „Reigen"=Szene. Bester Schnißler</Unicode>
                </TextEquiv>
            </TextLine>
            <TextLine id="r1l86" custom="readingOrder {index:85;}">
                <Coords points="575,3295 691,3276 764,3296 825,3278 941,3301 1177,3291 1177,3255 1069,3242 576,3236"/>
                <Baseline points="588,3277 616,3277 645,3277 674,3277 703,3277 732,3277 760,3278 789,3278 818,3279 847,3279 876,3280 904,3280 933,3281 962,3282 991,3282 1020,3283 1048,3283 1077,3284 1106,3284 1135,3284 1164,3285"/>
                <TextEquiv>
                    <Unicode>jelbar, haben einprägsame Züge.</Unicode>
                </TextEquiv>
            </TextLine>
            <TextLine id="r1l87" custom="readingOrder {index:86;}">
                <Coords points="1784,3300 2954,3338 2955,3300 2889,3291 1786,3259"/>
                <Baseline points="1795,3297 1852,3298 1909,3299 1967,3301 2024,3302 2081,3304 2139,3305 2196,3307 2253,3309 2311,3311 2368,3312 2425,3315 2483,3316 2540,3319 2597,3320 2655,3322 2712,3323 2769,3326 2827,3327 2884,3329 2942,3331"/>
                <TextEquiv>
                    <Unicode>sind die beiden Dichterauftritte sowie die Morgenszene der</Unicode>
                </TextEquiv>
            </TextLine>
            <TextLine id="r1l88" custom="readingOrder {index:87;}">
                <Coords points="648,3301 1738,3339 1739,3275 649,3280"/>
                <Baseline points="659,3312 712,3314 765,3315 818,3317 872,3318 925,3320 978,3321 1032,3322 1085,3323 1138,3324 1192,3325 1245,3326 1298,3327 1351,3328 1405,3329 1458,3329 1511,3330 1565,3331 1618,3332 1671,3333 1725,3334"/>
                <TextEquiv>
                    <Unicode>Der Soldat: brutaler Kostgänger, ohne zeilverzeilelnde</Unicode>
                </TextEquiv>
            </TextLine>
            <TextLine id="r1l89" custom="readingOrder {index:88;}">
                <Coords points="1779,3340 2915,3396 2950,3391 2952,3336 1780,3302"/>
                <Baseline points="1792,3335 1849,3337 1906,3338 1964,3340 2021,3342 2079,3343 2136,3346 2193,3347 2251,3350 2308,3352 2366,3354 2423,3356 2480,3358 2538,3360 2595,3362 2653,3364 2710,3365 2767,3367 2825,3369 2882,3370 2940,3371"/>
                <TextEquiv>
                    <Unicode>STau pielerin. Techn'sch unbeholfen und auch schal ist der</Unicode>
                </TextEquiv>
            </TextLine>
            <TextLine id="r1l90" custom="readingOrder {index:89;}">
                <Coords points="583,3364 2433,3421 2494,3361 584,3295"/>
                <Baseline points="594,3355 688,3357 782,3360 876,3362 971,3364 1065,3366 1159,3368 1254,3371 1348,3373 1442,3375 1537,3377 1631,3379 1725,3381 1819,3383 1914,3385 2008,3388 2102,3390 2197,3392 2291,3395 2385,3397 2480,3400"/>
                <TextEquiv>
                    <Unicode>Geühlslöne. Der junge Herr: reicher Müß ggänger, gliebt“] Schluß, der daher mit Recht absällt.</Unicode>
                </TextEquiv>
            </TextLine>
            <TextEquiv>
                <Unicode>box 18/3
11. Reigen
igen.
Zehn Dialoge von Artur-Schulbler.
Ersteufführung als Nachtvorstellung im Tellischen Schauspfel¬
haus.
J. G. — Ein Jahr nach der „Liehgleiy, im Winker
J#/97, hat der Arzt und P.ycholcgg im Dichter-Schnitzler,
Tagesbete auf M#men uicien
Brünn.
Abendblatt
gleichsam als Privatissimum für eine kleine Freundesschar die
Ergebnisse gleichzeitiger Sexualforschung — man denke an
aus Langweile, und weil man in seinen Kreisen ein Verhält¬
Albert Molls „Untersuchungen über die Libido sexualis“
nis mit einer anständigen Frau haben muß. Der Ehemann:
in einer Reihe locker gefügler Dialoge zu verdichten, zu ver¬
pedantischer Schwätzer, Dovpelmoralpharisäer. Der Dichter:
menschlichen unternommen. Mänrlein und W.iblein offenbaren
eine feine Selbstpersiflage Schnitzlers, innerer Erfahrung nach¬
ihre Wesenheit in den Augenblicken vor und nach dem stärk¬
gechaffen. der seibstgefällige Stimmungsillusionist. Der Graf,
sten Nervenreiz, den die Natur für ihre immanenten Zwecke
Dekadent der Sexualität, braucht alkoholiche Auregung; vor¬
allen Geschöpfen zu schenken sich bemüßigt sah. Ncht nur vor
mittag liegt ihm die Liebe nicht er muß sich daher „nehmen“
dem Argesicht des Todes, auch vor dem der Sexualität schwin¬
lassen, morgen im Spitzenbett der launischen Künstlerig und
abend im Rausch von der Strichdirne.
den alle Schranken, die sich zwischen den Menichen erhoben ha¬
— Nun die weibliche
ben. Pülcher und Blaublut, Dirne und bürgerlich eingehegte
Serie. Die Dirne. von plötzlicher Hingebungslust befallen,
Frau lanzen nach derselben Pfeise, die seit Millionen Jahren
aber doch wenigstens das Sperrsechserl verlangend am morgen?
die Geschlechter zu Paaren trebt.
das apathische Faniter. In ihren Armen schließen sich die
Der ironische Melancholiker, als den sich Schnitzler mit
Eckalieder des Reigens: der Gemeine und der adelige Ritt=
seinem Anatol“ in das Literaturgetriebe der 90er=Jahre ein¬
meister. Eine treffsichere Symbolironie! Das Stubenmädchen
geführt halte blickt auch aus den zehn Szenen des „Reigens“.
sonntags der Tanzerregung und der Montur, wochentags als
Wie äfft doch der hemmungslo'e Naturtr ch, der den Mann
Ersatz willig dim Jungherrengelüst erliegend. Die junge Frau
dor der Ersüllung seiner Wünsche das Unmöglichste wagen läßt,
mit den zwei Schleiern, der die bloß perivdischen programm¬
den endlich ans Ziel Gelangten! Eine gigantische Seifenblase,
gemäßen Liebesbezeugungen des Gatten nicht genügen, ein
in der Paradiese und Wonnen von unerhörter Färbigkeit ge¬
Luxuslierchen, moralich zerletzter als die übrigen Gefährtin¬
spiegelt erscheinen, zerfließt in wenigen Minuten wie die Wein¬
nen des Reigens. Das süße Mädel: lieb zum Anknabbern ver¬
traubenphantasmagorie in Auerbachs Keller. Und das sogar
lockend, grenzenlos verlogen, ein Luderchen, das sich noch aus¬
bei der großen Leidenschaft der „ewig n“ Li.be, die, soll sie
wachsen wird. Die Schausp'elerin: die große Nummer, rassi¬
Menschen auf die Dauer fesseln — was selten genug geschieht
nierte Kanaille mit Sirenenbehelfen explosible Nervenbatterie,
doch noch auf anderen Bedingungen beruhen muß, als auf
deutlich nach berühmlem Modell des damanigen Alien geschaffen.
denin der Geschlechtssphäre. Die wunderbare Macht der beglük¬
Nicht alle Szeren sind gleichwertig. Begreislich, daß zehn¬
kenden Liebe läßt Schnitzler im „Reigen“ absichtlich bereite.
malige Wiederholung einer ähnlichen Situation erma#tend auf
Die fünf Pärchen, zwischen denen der fluchtige Eros sein bunt¬
Schöpfer und Genießer wirkt. Starkgrissig sind die beiden Sol¬
gankelndes Band schlingt, suchen und finden Genüge in der
datenszenen des Ansanges. In spielender Leichtigkeit husch
schwindelnden Enlzückung des Augenbials. Versch eden geben
der Tialog — Junger Herr — Stubenmädchen vorüber. Ene¬
sich Mann und Weib in diesen allzumenichlichen Mirneen. In
ersten Preis verdient der Auftritt — Junger Herr — junge
mannigsachster Nüancierung zeigt der Dichter die Ernüchterung,
Frau. Hier ist jedes Wort ein Treffer, Wie köstlich ist die
die Distanzierung des energierntladenen Mannes, während
passive Resistenz des männlichen Nerveniystems, diese all ägl
im Weibe die Spannungsreize posenziert erscheinen. Die phy¬
verkommende Fatal tät, zur Cberakterbelichtung des Pärche
sinlegischen Innenvorgänge ietzt Schnitzler in fesselnde, seelen¬
verwendet! So wie sich hier der junge Herr in seiner No¬
erschließende Dialoge um. Vl'rartig belenhiet er Charaktere.
auf Stendhals „De l'amour“ berust, lo berufen sich sei“ 190.
Nur minntenlang sind sie erponiert, aber sie sind rundum be¬
alle Betro senen auf diese „Reigen"=Szene. Bester Schnißler
jelbar, haben einprägsame Züge.
sind die beiden Dichterauftritte sowie die Morgenszene der
Der Soldat: brutaler Kostgänger, ohne zeilverzeilelnde
STau pielerin. Techn'sch unbeholfen und auch schal ist der
Geühlslöne. Der junge Herr: reicher Müß ggänger, gliebt“] Schluß, der daher mit Recht absällt.</Unicode>
            </TextEquiv>
        </TextRegion>
    </Page>
</PcGts>
