3436 4384
300 162 422 263 11.
987 163 1402 263 box 17/2
470 167 805 275 Reigen
341 873 1612 965 Zug in die königlichen Theater kommen wolle, daß jede
348 953 1613 1026 Initiative, insbesondere jede straffe Regieführung fehle. Sie
354 1011 1609 1090 haben sich, wie gesagt, mit vollem Recht beklagt. Warum
354 1067 1614 1137 aber beklagen sie sich noch jetzt, da man ihnen den Modernsten
351 1119 1600 1214 der Modernen bietet? Sehr einfach: es scheint ihnen un¬
345 1184 1606 1263 denkbar, daß ein Literat, der sich beim Theater noch nie
355 1250 1609 1312 praktisch erprobt hat, mit eins Regie führen soll. Doch ist's
353 1311 1603 1369 nicht das allein. Bei ihnen allen, obgleich kaum einer von
349 1359 1598 1433 ihnen aus München ist, kommt ein lächerlicher Partikularismus
346 1428 1600 1488 mit ins Treffen: „Warum muß denn da einer von auswärts
354 1482 1608 1557 her? Wir hatten hier doch auch Bühnenschriftsteller gehabt,
348 1548 1597 1615 die so viel verstehen wie der Bahr?“ Die Literatur ist natürlich
337 1605 1610 1661 zum größten Teil genau derselben Meinung. Jeder, der schon
352 1663 1597 1732 sensationelle Theatermiterfolge gehabt hat, fühlt sich verletzt und
337 1715 1608 1775 hintangesetzt. „Durchgefallen sind wir ja auch, also warum
352 1779 1600 1849 hat man uns nicht berufen, statt dieses Wieners?!“ Daß
348 1837 1604 1908 Herrmann Bahr, mag man über ihn sagen, was man will,
346 1901 1606 1968 ein sehr feiner Kenner des Theaters ist und seine gesammelten
346 1953 1605 2024 Kritiken für einen literarischen Feinschmecker einen Genuß
343 2003 1597 2083 darstellen, wied gar nicht in Betracht gezogen. Wahrscheinlich
350 2066 1404 2137 kennen sie die wenigsten der empörten Herrschaften.
418 2133 1603 2212 Die klerikale Presse in= und außerhalb Münchens tobt über
345 2172 1607 2275 die unmoralischen Qualitäten des neuen Oberregisseurs, vertritt
349 2252 1594 2312 offenbar die Ansicht, daß Glaubensstärke und eine streng¬
341 2304 1598 2368 konservative Sittlichkeit für einen Theaterminister unerläßlich
341 2357 1597 2436 seien. Eine sehr tugendhafte Theorie, die nur den kleinen
338 2420 1588 2492 Fehler hat, daß sie durch die Praxis alle Tage widerlegt wird.
349 2482 1591 2561 Es ist nur ein Glück, daß die Herren, die wahrscheinlich jetzt
347 2543 1589 2629 gerade eifrig Bahrs Stücke lesen, um sie und ihn zu ver¬
341 2594 1596 2660 dammen, nichts von seiner frechsten Jugendsünde, mit dem
348 2658 1597 2732 vertrauenerweckenden Titel „Die Mutter“ wissen. Vielleicht
337 2713 1594 2794 würde sich sonst eine ähnlich komische Szene ereignen, wie
341 2778 1590 2852 vor zwei Jahren innerhalb des Universitätssenates à conto
346 2834 1589 2929 Schnitzlers „Reigen“. Damals hatte der „akademisch=drama¬
336 2905 1585 2961 tische Verein“, eine zum größten Teil aus Studierenden be¬
338 2956 1592 3038 stehende Gesellschaft, Szenen des „Reigen“ gegen Entree auf¬
336 3024 1595 3089 geführt und darob bei etlichen Philistern und dito=weibchen sittliche
330 3088 428 3189 432
2026 894 3275 977 Bedenken erregt, so duß der Rektor der Alma mater sich ver¬
2020 973 3283 1053 anlaßt sah, den Senat einzuberufen, um Stellung gegen die
2028 1026 3282 1100 unsittlichen Studenten zu nehmen. Um sie zu be= oder ver¬
2024 1082 3275 1144 urteilen, gehörte aber natürlich eine genaue Kenntnis des in¬
2032 1140 3284 1211 kriminierten Stücks; — man kann sich denken, daß keine
2029 1191 3273 1285 der Fakultäten auch nur eine Zeile davon gelesen hatte!
2027 1263 3290 1338 Doch wurde Rat geschafft. Der Dekan las dem versammelten
2025 1317 3275 1392 Senat den „Reigen“ vor . .. Eine Szene, die es verdiente, von
2027 1386 3278 1460 einem großen Satiriker festgehalten zu werden. Und zwar
2023 1434 3282 1516 las er alle sehr bedenblichen Stellen nur halblaut, „um die
2021 1496 3273 1567 Würde des Senats nicht zu beleidigen“. Was er mit den
2023 1545 3275 1619 zahlreichen, ach so inhaltreichen Punkten und Gedanken¬
2020 1613 3284 1678 strichen Schnitzlers gemacht hat, entzieht sich leider meiner
2016 1669 3273 1750 Kenntnis. Wie gesagt, vielleicht versammelt sich jetzt doch
2026 1723 3270 1812 einmal ein klerikal=journalistisch=theatralischer (denn es heißt, daß
2023 1786 3271 1861 das Hoftheater unter geistlicher Zensur stünde!) Clan und läßt sich,
2021 1844 3274 1907 im Flüsterton natürlich, „die Mutter“ vorlesen... Es ist kaum
2020 1907 3275 1973 zu bezweifeln, daß sie nach der Lektüre zunächst im Intendanz¬
2017 1973 3272 2044 bureau, wo der unselige Bahr=Hontrakt geschlossen wurde, den
2026 2020 3258 2098 Exorzismus sprechen und dann einen Kniefall vor dem Prinz¬
2026 2087 3281 2163 Regenten machen werden, um eine Lösung des Kontrakts zu
2017 2143 2194 2214 erflehen
2087 2186 3269 2262 Um aber nun im Einst ein paar Worte über den Viel¬
2016 2253 3277 2329 besprochenen, das heißt über seine künftige Wirksamkeit zu
2032 2320 3278 2391 prechen: die Hetze, die jetzt schon gegen ihn inszeniert wird, ist
2022 2380 3260 2459 lächerlich und geschmacklos. Lächerlich, sofern fossile Anschau¬
2021 2430 3269 2531 ungen, geschmacklos kleinlicher Partikularismus oder noch
2017 2507 3270 2584 kleinere persönliche Eitelkeit hinter ihr stehen. Wir haben den
2007 2560 3258 2627 neuen Oberregisseur weder nach seinem Charakter noch nach
2019 2613 3266 2703 seiner Weltanschauung zu beurteilen, sondern nur nach seinen
2019 2676 3266 2755 künstierischen Leistungen. Ob er imstande ist, an der Stelle,
2017 2731 3268 2820 die ihm zugewiesen, Talent zu entfalten, Taten zu tun, bleibt
2019 2796 3271 2881 vorläufig eine offene Frage, die nur er selber beantworten
2019 2840 3260 2930 kann, und zwar nicht im Plauschton eines Interviews, sondern
2014 2909 3259 2977 als Regisseur auf der Szene. Seine rein=literarische Ver¬
2006 2972 3275 3053 gangenheit braucht man ihm da nicht vorzuwerfen, sie ist
2001 3030 3257 3119 keineswegs ein unbedingtes Hindernis für praktische und er¬
3175 3124 3274 3206 433
