3392 4320
286 115 797 220 11. Reigen
568 1196 640 1303 □
990 112 1390 199 box 18/1
1154 1001 1412 1092 „Reigen.“
983 1072 1598 1160 Zehn Dialoge von Artur Schnitzler.
1000 1131 1592 1207 Kleines Schauspielhaus¬
704 1178 1873 1260 Eiß Drama ist's nicht. Es macht auch nicht den Versuch dazu. In
704 1251 1880 1316 Dialogform zehn kritische Räsonnements über das Geschlechtleben. Wie
708 1306 1874 1360 ein „Holbeinscher Totentanz“ flitzt ein Lebensreigen von Männlein
706 1351 1869 1405 und Weiblein, die die Liebe genießen wollen oder genossen haben, am
702 1403 1879 1453 Auge vorüber. Und wie bei jedem Genuß, so ist's auch bei diesem.
711 1452 1869 1522 Vorher möcht's man überaus gern, und nachherbleibt einem ein fader
685 1494 1153 1571 Nachgeschmack im Munde.
736 1535 1881 1611 Der Eros Artur Schnitzlers ist schon ein Objekt rein vernünftiger,
681 1597 1870 1646 naturwissenschaftlicher und politisch=soziologischer Betrachtung, und ge¬
702 1643 1871 1698 wiß der illusionsärmste Geselle von der Welt. Die brünstigen Men¬
679 1680 1877 1746 schenkinder seiner bürgerlichen Weltordnung verrichten eine leibliche
701 1742 1868 1794 Funktion, von Urnatur her ihnen bestimmt, in der sie nichts vor den
701 1785 1874 1852 Tieren voraus haben, und wofür die wissenschaftliche Einheit und
712 1837 1879 1882 Gleichheit aller ohne weiteres hergestellt wird. Hier hat keiner vor
703 1882 1868 1950 dem anderen etwas voraus, und Soldat und Graf, das Dienst¬
713 1928 1878 1977 mädchen und der junge Herr, Ehefrau und Dirne, Dichter und Schau¬
711 1976 1875 2034 spielerin gehören alle zu derselben Crapule. Artur Schnitzler, der
711 2025 1879 2078 Menschheitskenner, der Realist, der exakte Beobachter, gewappnet mit
705 2075 1877 2140 dem Rüstzeug der neunziger Jahre, analysiert den Eros mit Geist,
701 2119 1874 2179 Witz, Ironie, vielleicht, vielleicht sogar, wie uns Gertrud Eysoldt sagte,
704 2170 1856 2237 mit etwas schmerzlichem Bedauern: Seht, das, das ist eure Liebe...
750 2217 1864 2271 Bei ihm ergeht es dieser, wie es leider in diesem Kriege unserer
704 2268 1873 2329 Nahrung auf Grund chemischer Wissenschaft erging. Für die macht
704 2313 1879 2373 es auch keinen Unterschied aus, ob man Schweinebraten oder Regen¬
709 2370 1864 2425 würmer verschmaust. Aufs Eiweiß und die Kohlenhydrate kommt's
711 2419 1871 2474 ihr allein an. Eine nette Suppe hatten sie uns damit schon ein¬
707 2461 1867 2518 gebrockt, . . und hoffentlich lernen Wissenschaft und Kunst daraus,
713 2505 1307 2571 nicht mehr nur so abstrakt zu sehen.
749 2548 1875 2616 Fast hätte man den „Reigen“ nicht zu schauen bekommen. Die
714 2604 1877 2663 Herren Juristen wollten ihn durchaus verbieten — als unmoralisch.
706 2646 1869 2701 Schnitzlers Dialoge sind schon aufs treulichste dem Leben abgelauscht
699 2693 1869 2774 und sagen nichts, was sich nicht millionenfach alltäglich, allnächtlich
1932 989 3095 1079 abspielt. Da müßte man schon den größten Teil der Menschheit auch
1930 1073 3102 1130 als unmoralisch verbieten. . .. Die Natur des Liebesgenusses, der eine
1924 1115 3087 1163 rein physische Notdurft ausmacht, ist noch eine Natur vfllig jenseits
1922 1158 3101 1220 von Gut und Böse, Schön und Häßlich. Der gesellschaftliche Anstand
1936 1210 3097 1256 bei Europäern wie bei Wilden hat's allerdings von jeher so einge¬
1930 1258 3090 1306 richtet, daß dergleichen nur im stillen Kämmerlein vollzogen wird.
1929 1304 3096 1356 Aber in einem Lande, wo die „Büchse der Pandora“ und „Schloß
1929 1346 3090 1413 Wetterstein“ Wallfahrtsorte sind, hat man kein Recht mehr, einen
1937 1397 2318 1464 „Reigen“ zu verbieten.
1962 1444 3094 1503 Nun, mit dem, was die Dichter Liebe nennen und als Liebe ver¬
1927 1491 3086 1561 herrlicht haben, hat der Eros Schnitzlers nichts zu schaffen. Ein Pro¬
1934 1543 3088 1605 dukt aus der naturwissenschaftlichen Poetenschule der neunziger
1924 1591 3094 1649 Jahre, das wir allerdings jetzt leichtesten Herzens entbehren können.
1924 1639 3097 1696 Im Sumpf und Kot dieser Zeit ist uns nicht eine Wissenschaft, nur
1928 1696 3093 1745 eine Kunst notwendig, die etwas mehr und noch etwas Besseres sein
1922 1735 3094 1792 kann und will als nur Natur, Wirklichkeit, Alltäglichkeit, die uns
1930 1787 3093 1848 Illusionen, Ideale, neue Seelen beschert und Geschlechtsakte wieder zu
1922 1830 2835 1886 Liebesseligkeiten zu steigern und zu erhöhen vermag.
1960 1887 3095 1946 Unter den Plauderern und Plaudrerinnen im Kleinen Schauspiel¬
1926 1932 3088 1985 haus entfaltete Kurt Goetz als „junger Herr“, an Dienstmädchen und
1922 1977 3095 2031 die Ehefrauen anderer seine Gaben gleich huldvoll austeilend, den
1923 2027 3095 2088 größten Reiz, Munterkeit und Liebenswürdigkeit. Louis Etlinger
1934 2072 3095 2137 egte ganz hübsch ironisch dar, wie wenig Unterschied zwischen
1928 2122 3096 2187 Dichter und Philister existiert, und mit bester Laune spottete Blanche
1920 2176 3082 2246 Dryan über die Liebes= und Verführungskünste der Schauspielerin.
2864 2217 3067 2279 Julius Hart.
