<?xml version="1.0" encoding="UTF-8" standalone="yes"?>
<PcGts xmlns="http://schema.primaresearch.org/PAGE/gts/pagecontent/2013-07-15" xmlns:xsi="http://www.w3.org/2001/XMLSchema-instance" xsi:schemaLocation="http://schema.primaresearch.org/PAGE/gts/pagecontent/2013-07-15 http://schema.primaresearch.org/PAGE/gts/pagecontent/2013-07-15/pagecontent.xsd">
    <Metadata>
        <Creator>prov=University of Rostock/Institute of Mathematics/CITlab/Gundram Leifert/gundram.leifert@uni-rostock.de:name=ONB_Newseye_GT_M1+(htr_id=10810)::::v=2.4.3
prov=University of Rostock/Institute of Mathematics/CITlab/Tobias Gruening/tobias.gruening@uni-rostock.de:name=de.uros.citlab.module.baseline2polygon.B2PSeamMultiOriented:v=2.4.3
prov=University of Rostock/Institute of Mathematics/CITlab/Tobias Gruening/tobias.gruening@uni-rostock.de:name=/net_tf/LA73_249_0mod360.pb:de.uros.citlab.segmentation.CITlab_LA_ML:v=2.4.3
Transkribus</Creator>
        <Created>2019-10-07T11:38:45.239+02:00</Created>
        <LastChange>2019-12-04T16:37:44.210+01:00</LastChange>
        <TranskribusMetadata docId="223982" pageId="9503281" pageNr="390" tsid="20403528" status="IN_PROGRESS" userId="40391" imgUrl="https://files.transkribus.eu/Get?id=OWRQVTVPZENHIZOQPJWMCSTO&amp;fileType=view" xmlUrl="https://files.transkribus.eu/Get?id=FRXWSIGBUZAPVDPUQHTAFDUW" imageId="6193495"/>
    </Metadata>
    <Page imageFilename="223982_0390.jpeg" imageWidth="3336" imageHeight="4416">
        <ReadingOrder>
            <OrderedGroup id="ro_1711448416912" caption="Regions reading order">
                <RegionRefIndexed index="0" regionRef="r1"/>
                <RegionRefIndexed index="1" regionRef="r2"/>
                <RegionRefIndexed index="2" regionRef="r3"/>
            </OrderedGroup>
        </ReadingOrder>
        <TextRegion orientation="0.0" id="r1" custom="readingOrder {index:0;}">
            <Coords points="313,79 313,234 429,234 429,79"/>
            <TextLine id="r1l1" custom="readingOrder {index:0;}">
                <Coords points="306,189 317,188 350,201 365,197 379,202 394,199 421,183 436,185 438,143 428,144 409,127 395,131 377,124 364,131 342,127 330,115 309,112"/>
                <Baseline points="313,180 342,179 371,181 400,183 429,184"/>
                <TextEquiv>
                    <Unicode>11.</Unicode>
                </TextEquiv>
            </TextLine>
            <TextEquiv>
                <Unicode>11.</Unicode>
            </TextEquiv>
        </TextRegion>
        <TextRegion orientation="0.0" id="r2" custom="readingOrder {index:1;}">
            <Coords points="427,150 427,2479 1584,2479 1584,150"/>
            <TextLine id="r2l1" custom="readingOrder {index:0;}">
                <Coords points="994,197 1058,205 1100,187 1123,201 1174,184 1216,206 1298,188 1363,203 1420,182 1420,131 1337,114 1188,146 994,129"/>
                <Baseline points="1001,181 1026,182 1052,182 1078,183 1104,183 1129,184 1155,184 1181,184 1207,184 1232,184 1258,184 1284,184 1310,184 1335,183 1361,183 1387,183 1413,183"/>
                <TextEquiv>
                    <Unicode>box 17/5</Unicode>
                </TextEquiv>
            </TextLine>
            <TextLine id="r2l2" custom="readingOrder {index:1;}">
                <Coords points="496,220 557,201 604,210 720,201 735,214 806,206 807,142 678,131 659,139 633,124 590,142 559,123 525,130 497,121"/>
                <Baseline points="503,193 529,193 556,193 583,193 610,194 637,194 664,194 691,194 718,195 745,195 772,195 799,196"/>
                <TextEquiv>
                    <Unicode>Reigen</Unicode>
                </TextEquiv>
            </TextLine>
            <TextLine id="r2l3" custom="readingOrder {index:2;}">
                <Coords points="912,1364 940,1358 975,1364 1012,1354 1043,1368 1091,1354 1117,1375 1136,1370 1139,1282 1034,1271 1013,1281 969,1269 942,1280 915,1278"/>
                <Baseline points="920,1347 946,1345 972,1345 998,1345 1025,1345 1051,1346 1077,1349 1103,1350 1130,1353"/>
                <TextEquiv>
                    <Unicode>Tenien.</Unicode>
                </TextEquiv>
            </TextLine>
            <TextLine id="r2l4" custom="readingOrder {index:3;}">
                <Coords points="445,1434 1538,1445 1586,1435 1587,1378 446,1349"/>
                <Baseline points="453,1403 509,1404 565,1405 621,1406 678,1406 734,1407 790,1407 847,1408 903,1408 959,1409 1016,1409 1072,1410 1128,1411 1184,1411 1241,1412 1297,1413 1353,1415 1410,1416 1466,1418 1522,1420 1579,1422"/>
                <TextEquiv>
                    <Unicode>Schnitzler, du flehtest zur Muse um Kränze unsterblichen</Unicode>
                </TextEquiv>
            </TextLine>
            <TextLine id="r2l5" custom="readingOrder {index:4;}">
                <Coords points="1179,1467 1286,1461 1303,1469 1353,1458 1353,1426 1322,1421 1312,1430 1295,1431 1254,1419 1241,1431 1227,1432 1197,1416 1179,1419"/>
                <Baseline points="1186,1455 1212,1456 1239,1456 1266,1456 1292,1456 1319,1456 1346,1457"/>
                <TextEquiv>
                    <Unicode>Lorbeers</Unicode>
                </TextEquiv>
            </TextLine>
            <TextLine id="r2l6" custom="readingOrder {index:5;}">
                <Coords points="451,1507 1589,1526 1589,1487 1474,1460 452,1436"/>
                <Baseline points="459,1486 515,1487 571,1488 627,1489 683,1490 739,1491 795,1492 852,1493 908,1494 964,1496 1020,1497 1076,1498 1132,1499 1188,1501 1245,1502 1301,1503 1357,1504 1413,1505 1469,1507 1525,1508 1582,1509"/>
                <TextEquiv>
                    <Unicode>Ach, und ein einziges Blatt steckt sie dir sacht in den Mund.</Unicode>
                </TextEquiv>
            </TextLine>
            <TextLine id="r2l7" custom="readingOrder {index:6;}">
                <Coords points="445,1590 1530,1617 1591,1600 1593,1532 446,1522"/>
                <Baseline points="453,1572 509,1573 566,1574 622,1575 679,1576 735,1578 792,1579 848,1580 905,1581 961,1582 1018,1583 1075,1584 1131,1586 1188,1587 1244,1588 1301,1590 1357,1591 1414,1593 1470,1595 1527,1597 1584,1599"/>
                <TextEquiv>
                    <Unicode>Bernau, der jüdischen Kunst magst gern in der Heimat</Unicode>
                </TextEquiv>
            </TextLine>
            <TextLine id="r2l8" custom="readingOrder {index:7;}">
                <Coords points="1206,1637 1226,1638 1240,1650 1257,1634 1278,1648 1288,1642 1305,1650 1332,1635 1347,1650 1366,1644 1407,1658 1408,1603 1390,1597 1377,1607 1362,1599 1346,1606 1309,1589 1276,1604 1234,1604 1207,1592"/>
                <Baseline points="1214,1631 1240,1632 1267,1632 1293,1633 1320,1633 1346,1634 1373,1635 1400,1637"/>
                <TextEquiv>
                    <Unicode>du frönen,</Unicode>
                </TextEquiv>
            </TextLine>
            <TextLine id="r2l9" custom="readingOrder {index:8;}">
                <Coords points="447,1671 1472,1704 1501,1638 449,1590"/>
                <Baseline points="454,1659 508,1660 563,1662 618,1663 672,1665 727,1666 782,1667 836,1668 891,1670 946,1671 1000,1672 1055,1673 1110,1675 1164,1676 1219,1677 1274,1678 1328,1679 1383,1681 1438,1682 1493,1684"/>
                <TextEquiv>
                    <Unicode>Aber vergiß nicht, daß du — in der Diaspora bist!</Unicode>
                </TextEquiv>
            </TextLine>
            <TextLine id="r2l10" custom="readingOrder {index:9;}">
                <Coords points="439,1757 1535,1787 1585,1733 440,1706"/>
                <Baseline points="446,1746 502,1748 559,1750 615,1752 672,1754 728,1755 785,1756 841,1757 898,1758 954,1759 1011,1760 1068,1761 1124,1762 1181,1762 1237,1764 1294,1765 1350,1766 1407,1768 1463,1769 1520,1771 1577,1773"/>
                <TextEquiv>
                    <Unicode>Emmerling, sag mir: Wer zahlte dir neulich das</Unicode>
                </TextEquiv>
            </TextLine>
            <TextLine id="r2l11" custom="readingOrder {index:10;}">
                <Coords points="1176,1808 1237,1820 1295,1810 1330,1825 1385,1815 1425,1832 1465,1819 1495,1831 1524,1819 1581,1825 1572,1774 1511,1785 1475,1768 1410,1785 1370,1768 1333,1780 1266,1778 1243,1760 1177,1767"/>
                <Baseline points="1184,1805 1210,1805 1236,1806 1262,1806 1288,1807 1314,1808 1340,1809 1366,1810 1392,1811 1418,1812 1444,1813 1470,1814 1496,1814 1522,1814 1548,1814 1574,1814"/>
                <TextEquiv>
                    <Unicode>Schieber=Vergnügen?</Unicode>
                </TextEquiv>
            </TextLine>
            <TextLine id="r2l12" custom="readingOrder {index:11;}">
                <Coords points="438,1854 1583,1864 1584,1826 1110,1825 910,1770 710,1808 440,1791"/>
                <Baseline points="446,1835 502,1836 559,1838 615,1839 672,1840 728,1841 785,1843 841,1843 898,1845 954,1846 1011,1847 1067,1848 1124,1849 1180,1850 1237,1852 1293,1853 1350,1855 1406,1857 1463,1859 1519,1861 1576,1863"/>
                <TextEquiv>
                    <Unicode>Emmerling, sag' mir doch: Sind — Arbeiterkreuzer</Unicode>
                </TextEquiv>
            </TextLine>
            <TextLine id="r2l13" custom="readingOrder {index:12;}">
                <Coords points="1183,1903 1200,1902 1211,1911 1217,1907 1224,1913 1232,1909 1241,1912 1251,1904 1279,1923 1299,1909 1310,1908 1311,1866 1304,1866 1297,1858 1275,1856 1256,1866 1235,1852 1209,1866 1198,1857 1184,1855"/>
                <Baseline points="1190,1895 1218,1895 1247,1895 1275,1896 1304,1899"/>
                <TextEquiv>
                    <Unicode>dabei?</Unicode>
                </TextEquiv>
            </TextLine>
            <TextLine id="r2l14" custom="readingOrder {index:13;}">
                <Coords points="435,1970 1086,1998 1121,1987 1123,1913 966,1950 734,1921 594,1942 496,1908 436,1922"/>
                <Baseline points="442,1963 475,1964 509,1965 542,1967 576,1968 610,1969 643,1970 677,1970 710,1971 744,1972 778,1973 811,1974 845,1975 878,1976 912,1976 946,1977 979,1978 1013,1979 1046,1979 1080,1980 1114,1981"/>
                <TextEquiv>
                    <Unicode>Reumann, ich preise dich glücklich</Unicode>
                </TextEquiv>
            </TextLine>
            <TextLine id="r2l15" custom="readingOrder {index:14;}">
                <Coords points="1143,1998 1351,1988 1366,2002 1491,1996 1548,2010 1578,2002 1579,1967 1529,1936 1489,1961 1457,1944 1395,1958 1283,1939 1250,1955 1144,1942"/>
                <Baseline points="1150,1983 1176,1983 1202,1983 1229,1983 1255,1983 1281,1984 1308,1984 1334,1984 1361,1985 1387,1986 1413,1986 1440,1987 1466,1988 1492,1989 1519,1991 1545,1992 1572,1993"/>
                <TextEquiv>
                    <Unicode>Ich muß immer denken</Unicode>
                </TextEquiv>
            </TextLine>
            <TextLine id="r2l16" custom="readingOrder {index:15;}">
                <Coords points="1169,2026 1204,2037 1240,2035 1259,2020 1274,2034 1304,2032 1327,2044 1376,2034 1394,2043 1411,2039 1412,2001 1369,2003 1353,1990 1329,1989 1299,2000 1275,1990 1255,1998 1235,1987 1170,1993"/>
                <Baseline points="1176,2026 1201,2026 1226,2026 1252,2026 1277,2027 1302,2027 1328,2028 1353,2029 1378,2030 1404,2033"/>
                <TextEquiv>
                    <Unicode>und denken.</Unicode>
                </TextEquiv>
            </TextLine>
            <TextLine id="r2l17" custom="readingOrder {index:16;}">
                <Coords points="420,2062 891,2089 1014,2071 1046,2090 1131,2082 1132,2037 421,2014"/>
                <Baseline points="427,2054 461,2055 496,2056 531,2057 566,2057 601,2058 636,2059 671,2059 706,2060 741,2061 776,2061 810,2062 845,2063 880,2063 915,2064 950,2065 985,2066 1020,2066 1055,2067 1090,2068 1125,2069"/>
                <TextEquiv>
                    <Unicode>Und das Denken tut weh! Du aber</Unicode>
                </TextEquiv>
            </TextLine>
            <TextLine id="r2l18" custom="readingOrder {index:17;}">
                <Coords points="1135,2079 1371,2080 1395,2093 1503,2082 1540,2095 1579,2089 1580,2047 1477,2047 1438,2027 1351,2044 1136,2033"/>
                <Baseline points="1142,2066 1167,2068 1192,2070 1217,2070 1243,2071 1268,2071 1293,2072 1319,2072 1344,2073 1369,2073 1394,2074 1420,2075 1445,2075 1470,2077 1496,2078 1521,2080 1546,2083 1572,2086"/>
                <TextEquiv>
                    <Unicode>fühlst keinen Schmerz.</Unicode>
                </TextEquiv>
            </TextLine>
            <TextLine id="r2l19" custom="readingOrder {index:18;}">
                <Coords points="1120,2121 1169,2117 1215,2140 1262,2133 1295,2157 1340,2128 1568,2129 1569,2092 1501,2082 1405,2083 1387,2098 1365,2083 1122,2079"/>
                <Baseline points="1128,2115 1153,2117 1178,2117 1204,2118 1229,2119 1255,2119 1280,2120 1305,2121 1331,2121 1356,2122 1382,2123 1407,2124 1432,2125 1458,2126 1483,2127 1509,2130 1534,2131 1560,2133"/>
                <TextEquiv>
                    <Unicode>Rithart Stricker.</Unicode>
                </TextEquiv>
            </TextLine>
            <TextLine id="r2l20" custom="readingOrder {index:19;}">
                <Coords points="721,2273 825,2282 920,2255 1147,2245 1177,2225 1321,2252 1314,2166 1113,2172 1081,2191 1018,2171 931,2188 890,2221 870,2206 717,2221"/>
                <Baseline points="728,2266 757,2264 786,2262 815,2260 844,2257 873,2255 902,2253 932,2250 961,2248 990,2245 1019,2243 1048,2240 1077,2238 1106,2235 1136,2233 1165,2231 1194,2229 1223,2227 1252,2225 1281,2223 1311,2221"/>
                <TextEquiv>
                    <Unicode>Wiene. Stimmen, Wien</Unicode>
                </TextEquiv>
            </TextLine>
            <TextLine id="r2l21" custom="readingOrder {index:20;}">
                <Coords points="898,2452 1130,2458 1147,2474 1320,2494 1376,2470 1380,2392 1284,2384 1244,2403 1194,2378 1168,2391 1055,2370 1006,2385 937,2363 902,2370"/>
                <Baseline points="906,2437 931,2439 957,2440 983,2442 1008,2443 1034,2444 1060,2446 1086,2448 1111,2449 1137,2450 1163,2452 1188,2453 1214,2455 1240,2456 1266,2458 1291,2460 1317,2461 1343,2463 1369,2464"/>
                <TextEquiv>
                    <Unicode>18 FEBRUAR 1921</Unicode>
                </TextEquiv>
            </TextLine>
            <TextEquiv>
                <Unicode>box 17/5
Reigen
Tenien.
Schnitzler, du flehtest zur Muse um Kränze unsterblichen
Lorbeers
Ach, und ein einziges Blatt steckt sie dir sacht in den Mund.
Bernau, der jüdischen Kunst magst gern in der Heimat
du frönen,
Aber vergiß nicht, daß du — in der Diaspora bist!
Emmerling, sag mir: Wer zahlte dir neulich das
Schieber=Vergnügen?
Emmerling, sag' mir doch: Sind — Arbeiterkreuzer
dabei?
Reumann, ich preise dich glücklich
Ich muß immer denken
und denken.
Und das Denken tut weh! Du aber
fühlst keinen Schmerz.
Rithart Stricker.
Wiene. Stimmen, Wien
18 FEBRUAR 1921</Unicode>
            </TextEquiv>
        </TextRegion>
        <TextRegion orientation="0.0" id="r3" custom="readingOrder {index:2;}">
            <Coords points="1738,843 1738,3579 2878,3579 2878,843"/>
            <TextLine id="r3l1" custom="readingOrder {index:0;}">
                <Coords points="1731,887 2836,874 2834,791 1730,817"/>
                <Baseline points="1738,884 1792,883 1847,883 1901,882 1956,881 2010,881 2065,880 2119,879 2174,877 2228,876 2283,875 2338,874 2392,873 2447,872 2501,871 2556,870 2610,869 2665,868 2719,868 2774,867 2829,867"/>
                <TextEquiv>
                    <Unicode>Der christliche Terror in der Theater¬</Unicode>
                </TextEquiv>
            </TextLine>
            <TextLine id="r3l2" custom="readingOrder {index:1;}">
                <Coords points="2105,976 2219,973 2257,955 2289,977 2321,956 2375,969 2448,962 2466,953 2466,909 2426,892 2382,900 2250,880 2183,884 2134,906 2103,896"/>
                <Baseline points="2111,957 2137,957 2164,957 2191,956 2218,955 2245,955 2272,954 2298,954 2325,953 2352,952 2379,952 2406,951 2433,951 2460,952"/>
                <TextEquiv>
                    <Unicode>auführung.</Unicode>
                </TextEquiv>
            </TextLine>
            <TextLine id="r3l3" custom="readingOrder {index:2;}">
                <Coords points="1736,1037 2847,1002 2832,933 2668,974 2622,941 2130,982 1735,967"/>
                <Baseline points="1743,1019 1797,1018 1852,1017 1907,1016 1962,1015 2017,1013 2072,1012 2126,1011 2181,1010 2236,1009 2291,1008 2346,1007 2401,1006 2456,1005 2510,1004 2565,1003 2620,1002 2675,1001 2730,1000 2785,1000 2840,999"/>
                <TextEquiv>
                    <Unicode>Frontkämpfer und bezahlte Apachen — Die</Unicode>
                </TextEquiv>
            </TextLine>
            <TextLine id="r3l4" custom="readingOrder {index:3;}">
                <Coords points="1911,1088 2301,1060 2656,1070 2684,1061 2683,996 2334,1030 2199,998 2166,1026 1910,1022"/>
                <Baseline points="1917,1065 1955,1064 1993,1063 2031,1062 2069,1061 2107,1061 2145,1060 2183,1060 2221,1059 2259,1059 2297,1059 2335,1058 2373,1058 2411,1057 2449,1056 2487,1055 2525,1055 2563,1054 2601,1052 2639,1051 2677,1049"/>
                <TextEquiv>
                    <Unicode>Schilderung eines Augenzsugen.</Unicode>
                </TextEquiv>
            </TextLine>
            <TextLine id="r3l5" custom="readingOrder {index:4;}">
                <Coords points="1850,1124 2844,1116 2843,1068 2785,1047 2080,1089 1849,1071"/>
                <Baseline points="1857,1115 1906,1116 1955,1116 2004,1115 2053,1115 2102,1114 2151,1113 2200,1112 2249,1111 2298,1110 2347,1109 2396,1107 2445,1106 2494,1105 2543,1104 2592,1103 2641,1102 2690,1102 2739,1101 2788,1101 2837,1102"/>
                <TextEquiv>
                    <Unicode>Ueber e gewalttätige Störung der „ReigenAufjährung</Unicode>
                </TextEquiv>
            </TextLine>
            <TextLine id="r3l6" custom="readingOrder {index:5;}">
                <Coords points="1744,1172 2832,1153 2831,1114 2610,1103 1743,1123"/>
                <Baseline points="1751,1164 1804,1164 1858,1164 1912,1164 1965,1163 2019,1163 2073,1162 2126,1161 2180,1161 2234,1159 2288,1158 2341,1157 2395,1156 2449,1155 2502,1154 2556,1152 2610,1151 2663,1150 2717,1148 2771,1147 2825,1146"/>
                <TextEquiv>
                    <Unicode>wird uns von einem Augenzeugen miterteilt: Während am</Unicode>
                </TextEquiv>
            </TextLine>
            <TextLine id="r3l7" custom="readingOrder {index:6;}">
                <Coords points="1752,1216 2836,1212 2835,1167 2788,1159 1751,1175"/>
                <Baseline points="1759,1213 1812,1213 1865,1213 1919,1212 1972,1212 2026,1211 2079,1210 2133,1209 2186,1209 2240,1207 2293,1207 2346,1205 2400,1204 2453,1203 2507,1202 2560,1201 2614,1199 2667,1198 2721,1197 2774,1196 2828,1196"/>
                <TextEquiv>
                    <Unicode>Beginn der Vorstellungpöllige Rühe herrschte, wurden</Unicode>
                </TextEquiv>
            </TextLine>
            <TextLine id="r3l8" custom="readingOrder {index:7;}">
                <Coords points="1750,1279 2729,1263 2833,1253 2833,1217 1749,1231"/>
                <Baseline points="1756,1262 1809,1262 1863,1261 1916,1261 1970,1260 2023,1260 2077,1259 2130,1258 2184,1257 2237,1256 2291,1255 2344,1254 2398,1253 2451,1252 2505,1251 2558,1250 2612,1248 2665,1247 2719,1246 2772,1245 2826,1244"/>
                <TextEquiv>
                    <Unicode>während des dritten Bildes Zwischenrufe gemacht und ein</Unicode>
                </TextEquiv>
            </TextLine>
            <TextLine id="r3l9" custom="readingOrder {index:8;}">
                <Coords points="1752,1318 2785,1315 2833,1305 2832,1254 1751,1279"/>
                <Baseline points="1759,1309 1812,1309 1865,1309 1918,1309 1972,1309 2025,1308 2078,1307 2132,1307 2185,1306 2238,1305 2292,1304 2345,1303 2398,1301 2451,1300 2505,1299 2558,1297 2611,1296 2665,1294 2718,1293 2771,1292 2825,1291"/>
                <TextEquiv>
                    <Unicode>Stinkbombe geworfen. Danach wurden alle Türen</Unicode>
                </TextEquiv>
            </TextLine>
            <TextLine id="r3l10" custom="readingOrder {index:9;}">
                <Coords points="1756,1372 2837,1347 2836,1311 2731,1295 1756,1331"/>
                <Baseline points="1763,1362 1816,1361 1869,1360 1923,1358 1976,1358 2029,1356 2083,1355 2136,1354 2189,1354 2243,1352 2296,1352 2349,1351 2403,1350 2456,1349 2509,1348 2563,1346 2616,1345 2669,1343 2723,1342 2776,1340 2830,1338"/>
                <TextEquiv>
                    <Unicode>geöffnet, die Luft gereinigt und das Spiel fortgesetzt; aber sofort be¬</Unicode>
                </TextEquiv>
            </TextLine>
            <TextLine id="r3l11" custom="readingOrder {index:10;}">
                <Coords points="1750,1422 2834,1399 2833,1354 2798,1349 1749,1377"/>
                <Baseline points="1757,1410 1810,1409 1864,1407 1917,1406 1971,1406 2024,1405 2078,1404 2131,1403 2185,1402 2238,1401 2292,1400 2345,1399 2399,1398 2452,1397 2506,1396 2559,1395 2613,1393 2666,1392 2720,1391 2773,1389 2827,1388"/>
                <TextEquiv>
                    <Unicode>gann auf der Galerie und im Zuschauerraum ein wüster Lärm. Die</Unicode>
                </TextEquiv>
            </TextLine>
            <TextLine id="r3l12" custom="readingOrder {index:11;}">
                <Coords points="1758,1471 2847,1455 2827,1400 1757,1420"/>
                <Baseline points="1765,1456 1818,1455 1872,1455 1926,1454 1980,1454 2033,1453 2087,1452 2141,1451 2195,1451 2248,1450 2302,1449 2356,1448 2410,1446 2463,1445 2517,1444 2571,1443 2625,1442 2678,1441 2732,1440 2786,1439 2840,1438"/>
                <TextEquiv>
                    <Unicode>Ruhestörer waren zum Teil solche, die sich Karten verschafft</Unicode>
                </TextEquiv>
            </TextLine>
            <TextLine id="r3l13" custom="readingOrder {index:12;}">
                <Coords points="1751,1518 2849,1496 2848,1455 2761,1446 1750,1470"/>
                <Baseline points="1758,1506 1812,1505 1866,1504 1920,1503 1974,1502 2028,1502 2082,1501 2137,1500 2191,1499 2245,1498 2299,1497 2353,1496 2407,1495 2461,1494 2516,1492 2570,1492 2624,1490 2678,1489 2732,1488 2786,1487 2841,1485"/>
                <TextEquiv>
                    <Unicode>hatten, zum größeren Teil andere, die gruppenweise von allen</Unicode>
                </TextEquiv>
            </TextLine>
            <TextLine id="r3l14" custom="readingOrder {index:13;}">
                <Coords points="1756,1565 2836,1542 2835,1499 2669,1490 1755,1514"/>
                <Baseline points="1763,1553 1816,1552 1869,1552 1922,1550 1976,1550 2029,1549 2082,1548 2136,1547 2189,1546 2242,1546 2296,1545 2349,1544 2402,1543 2455,1542 2509,1541 2562,1540 2615,1539 2669,1538 2722,1537 2775,1535 2829,1534"/>
                <TextEquiv>
                    <Unicode>Seiten in das Theater drangen, wobei sie, als die Türen</Unicode>
                </TextEquiv>
            </TextLine>
            <TextLine id="r3l15" custom="readingOrder {index:14;}">
                <Coords points="1760,1617 2837,1600 2813,1541 1760,1577"/>
                <Baseline points="1767,1604 1820,1602 1873,1601 1926,1599 1979,1598 2032,1597 2085,1596 2138,1595 2191,1594 2244,1593 2298,1592 2351,1591 2404,1591 2457,1590 2510,1589 2563,1588 2616,1587 2669,1586 2722,1585 2775,1584 2829,1583"/>
                <TextEquiv>
                    <Unicode>geöffnet wurden, diese Gelegenheit benützten, in den Zuschauer¬</Unicode>
                </TextEquiv>
            </TextLine>
            <TextLine id="r3l16" custom="readingOrder {index:15;}">
                <Coords points="1759,1658 2846,1654 2845,1586 1759,1614"/>
                <Baseline points="1766,1650 1819,1650 1873,1649 1926,1648 1980,1647 2034,1646 2087,1645 2141,1644 2195,1643 2248,1642 2302,1641 2356,1640 2409,1639 2463,1638 2517,1637 2570,1636 2624,1635 2678,1635 2731,1634 2785,1634 2839,1634"/>
                <TextEquiv>
                    <Unicode>raum zu gelangen. Die Eindringlinge begannen sofort au</Unicode>
                </TextEquiv>
            </TextLine>
            <TextLine id="r3l17" custom="readingOrder {index:16;}">
                <Coords points="1761,1713 2845,1693 2818,1641 2136,1643 1823,1682 1760,1657"/>
                <Baseline points="1768,1699 1821,1698 1874,1697 1928,1696 1981,1695 2035,1694 2088,1693 2142,1693 2195,1692 2249,1691 2302,1690 2355,1689 2409,1689 2462,1688 2516,1687 2569,1686 2623,1686 2676,1685 2730,1684 2783,1683 2837,1682"/>
                <TextEquiv>
                    <Unicode>die Zuschauer mit Stöcken loszuschlagen</Unicode>
                </TextEquiv>
            </TextLine>
            <TextLine id="r3l18" custom="readingOrder {index:17;}">
                <Coords points="1760,1757 2848,1734 2847,1696 2745,1689 1759,1715"/>
                <Baseline points="1767,1746 1820,1745 1874,1745 1928,1744 1981,1743 2035,1742 2089,1741 2142,1741 2196,1740 2250,1739 2304,1738 2357,1737 2411,1737 2465,1736 2518,1735 2572,1734 2626,1733 2679,1732 2733,1731 2787,1730 2841,1729"/>
                <TextEquiv>
                    <Unicode>von der Galerie wurden Sessel in des</Unicode>
                </TextEquiv>
            </TextLine>
            <TextLine id="r3l19" custom="readingOrder {index:18;}">
                <Coords points="2803,1783 2813,1783 2822,1787 2824,1784 2829,1784 2831,1787 2841,1787 2850,1793 2860,1794 2860,1736 2853,1736 2837,1745 2834,1743 2830,1745 2820,1735 2803,1735"/>
                <Baseline points="2810,1776 2852,1776"/>
                <TextEquiv>
                    <Unicode>es</Unicode>
                </TextEquiv>
            </TextLine>
            <TextLine id="r3l20" custom="readingOrder {index:19;}">
                <Coords points="1762,1807 2754,1791 2753,1732 1761,1756"/>
                <Baseline points="1769,1796 1817,1795 1866,1793 1915,1792 1964,1791 2013,1791 2062,1790 2111,1789 2160,1789 2209,1788 2258,1788 2306,1787 2355,1787 2404,1786 2453,1785 2502,1784 2551,1783 2600,1781 2649,1779 2698,1778 2747,1775"/>
                <TextEquiv>
                    <Unicode>Zuschauerraum geworfen und</Unicode>
                </TextEquiv>
            </TextLine>
            <TextLine id="r3l21" custom="readingOrder {index:20;}">
                <Coords points="1756,1850 2800,1840 2848,1832 2847,1787 1755,1813"/>
                <Baseline points="1763,1842 1816,1841 1870,1840 1924,1840 1978,1839 2032,1838 2086,1837 2140,1836 2194,1835 2248,1834 2302,1833 2355,1832 2409,1831 2463,1831 2517,1830 2571,1829 2625,1828 2679,1827 2733,1826 2787,1825 2841,1824"/>
                <TextEquiv>
                    <Unicode>entstand eine furchtbare Panik. Den Frauen wurden</Unicode>
                </TextEquiv>
            </TextLine>
            <TextLine id="r3l22" custom="readingOrder {index:21;}">
                <Coords points="1769,1902 2714,1896 2856,1881 2856,1832 1768,1858"/>
                <Baseline points="1775,1889 1828,1888 1882,1888 1936,1887 1989,1887 2043,1886 2097,1885 2150,1884 2204,1884 2258,1883 2312,1882 2365,1881 2419,1880 2473,1879 2526,1878 2580,1877 2634,1876 2687,1875 2741,1874 2795,1873 2849,1872"/>
                <TextEquiv>
                    <Unicode>die Kleider vom Leibegerissen und Männer wie</Unicode>
                </TextEquiv>
            </TextLine>
            <TextLine id="r3l23" custom="readingOrder {index:22;}">
                <Coords points="1755,1951 2851,1935 2821,1883 1755,1903"/>
                <Baseline points="1763,1939 1817,1938 1871,1937 1925,1936 1979,1935 2033,1934 2087,1933 2141,1933 2195,1932 2249,1931 2303,1931 2357,1930 2411,1929 2465,1928 2519,1928 2573,1927 2627,1926 2681,1925 2735,1924 2789,1923 2843,1921"/>
                <TextEquiv>
                    <Unicode>Frauen wurden blutig geschlagen. Der ganze Angrif</Unicode>
                </TextEquiv>
            </TextLine>
            <TextLine id="r3l24" custom="readingOrder {index:23;}">
                <Coords points="1766,2005 2855,1986 2842,1934 1765,1953"/>
                <Baseline points="1772,1986 1825,1985 1879,1984 1933,1983 1987,1983 2040,1982 2094,1981 2148,1981 2202,1980 2255,1979 2309,1979 2363,1978 2417,1978 2470,1977 2524,1976 2578,1975 2632,1974 2685,1973 2739,1971 2793,1970 2847,1968"/>
                <TextEquiv>
                    <Unicode>ist selbstverständlich planmäßig organisiert</Unicode>
                </TextEquiv>
            </TextLine>
            <TextLine id="r3l25" custom="readingOrder {index:24;}">
                <Coords points="1752,2046 2725,2040 2852,2029 2852,1989 1751,2007"/>
                <Baseline points="1758,2033 1812,2033 1866,2033 1921,2032 1975,2031 2029,2031 2084,2030 2138,2029 2192,2028 2247,2027 2301,2026 2355,2025 2410,2024 2464,2023 2518,2023 2573,2022 2627,2022 2681,2021 2736,2021 2790,2021 2845,2021"/>
                <TextEquiv>
                    <Unicode>worden. Die Eindringlinge waren zum großen Teil jung</Unicode>
                </TextEquiv>
            </TextLine>
            <TextLine id="r3l26" custom="readingOrder {index:25;}">
                <Coords points="1760,2087 2854,2086 2854,2037 1760,2046"/>
                <Baseline points="1767,2083 1821,2082 1875,2082 1929,2081 1983,2081 2037,2080 2091,2079 2145,2078 2199,2077 2253,2076 2307,2075 2361,2074 2415,2073 2469,2072 2523,2071 2577,2070 2631,2070 2685,2069 2739,2068 2793,2067 2847,2067"/>
                <TextEquiv>
                    <Unicode>Burschen, wahre Plattenbrüder, die ganz offenbai</Unicode>
                </TextEquiv>
            </TextLine>
            <TextLine id="r3l27" custom="readingOrder {index:26;}">
                <Coords points="1760,2138 2855,2122 2821,2075 1759,2094"/>
                <Baseline points="1767,2132 1821,2131 1875,2130 1929,2128 1983,2127 2037,2126 2091,2125 2145,2124 2199,2123 2253,2123 2307,2122 2361,2121 2415,2121 2469,2120 2523,2119 2577,2118 2631,2118 2685,2117 2739,2116 2793,2115 2848,2114"/>
                <TextEquiv>
                    <Unicode>für ihre Gewalttaten bezahlt wurden. Außer</Unicode>
                </TextEquiv>
            </TextLine>
            <TextLine id="r3l28" custom="readingOrder {index:27;}">
                <Coords points="1770,2199 2863,2171 2862,2124 1769,2140"/>
                <Baseline points="1777,2180 1833,2178 1890,2177 1947,2175 2004,2174 2060,2173 2117,2172 2174,2172 2231,2171 2288,2170 2344,2170 2401,2169 2458,2169 2515,2168 2572,2167 2628,2166 2685,2165 2742,2164 2799,2163 2856,2162"/>
                <TextEquiv>
                    <Unicode>ihnen waren unter den Gewalttätern zu einem geringen Tei</Unicode>
                </TextEquiv>
            </TextLine>
            <TextLine id="r3l29" custom="readingOrder {index:28;}">
                <Coords points="1774,2230 2857,2224 2848,2174 1774,2200"/>
                <Baseline points="1782,2228 1835,2226 1888,2225 1942,2224 1995,2223 2049,2222 2102,2221 2155,2220 2209,2219 2262,2219 2316,2218 2369,2217 2422,2216 2476,2216 2529,2215 2583,2215 2636,2214 2689,2213 2743,2213 2796,2212 2850,2211"/>
                <TextEquiv>
                    <Unicode>nach meinem Eindruck auch Frontkämpfer und</Unicode>
                </TextEquiv>
            </TextLine>
            <TextLine id="r3l30" custom="readingOrder {index:29;}">
                <Coords points="1776,2285 2785,2283 2864,2267 2864,2221 2062,2255 1776,2231"/>
                <Baseline points="1783,2273 1836,2272 1890,2272 1944,2271 1997,2270 2051,2270 2105,2269 2158,2268 2212,2268 2266,2267 2320,2266 2373,2266 2427,2265 2481,2264 2534,2263 2588,2262 2642,2262 2695,2261 2749,2260 2803,2260 2857,2259"/>
                <TextEquiv>
                    <Unicode>Studenten. Die Gewalttäter haben in einer Schachtel</Unicode>
                </TextEquiv>
            </TextLine>
            <TextLine id="r3l31" custom="readingOrder {index:30;}">
                <Coords points="1768,2333 2782,2321 2864,2316 2864,2279 1767,2285"/>
                <Baseline points="1775,2322 1829,2321 1883,2320 1937,2320 1991,2319 2045,2318 2099,2317 2153,2316 2207,2316 2261,2315 2316,2314 2370,2314 2424,2313 2478,2312 2532,2311 2586,2311 2640,2310 2694,2309 2748,2308 2802,2307 2857,2306"/>
                <TextEquiv>
                    <Unicode>schön verpackt Eier mitgenommen, die mit Teer</Unicode>
                </TextEquiv>
            </TextLine>
            <TextLine id="r3l32" custom="readingOrder {index:31;}">
                <Coords points="1768,2381 2764,2375 2864,2360 2864,2316 1767,2333"/>
                <Baseline points="1775,2372 1829,2371 1883,2369 1937,2368 1991,2367 2045,2365 2099,2364 2153,2364 2207,2363 2261,2362 2316,2361 2370,2361 2424,2360 2478,2359 2532,2358 2586,2358 2640,2357 2694,2356 2748,2355 2802,2354 2857,2353"/>
                <TextEquiv>
                    <Unicode>gefült waren; diese Eier wurden auf die Bühne und</Unicode>
                </TextEquiv>
            </TextLine>
            <TextLine id="r3l33" custom="readingOrder {index:32;}">
                <Coords points="1765,2419 2839,2420 2868,2370 1764,2385"/>
                <Baseline points="1772,2417 1826,2416 1880,2416 1935,2415 1989,2414 2044,2414 2098,2413 2153,2413 2207,2412 2262,2411 2316,2411 2370,2410 2425,2409 2479,2408 2534,2407 2588,2407 2643,2406 2697,2405 2752,2403 2806,2402 2861,2401"/>
                <TextEquiv>
                    <Unicode>auf die Zuschauer geworsen. Ich habe eine solche</Unicode>
                </TextEquiv>
            </TextLine>
            <TextLine id="r3l34" custom="readingOrder {index:33;}">
                <Coords points="1772,2469 2866,2480 2865,2412 1771,2425"/>
                <Baseline points="1779,2464 1835,2463 1892,2463 1949,2462 2006,2462 2062,2461 2119,2461 2176,2460 2233,2459 2290,2458 2346,2457 2403,2457 2460,2456 2517,2455 2574,2454 2630,2453 2687,2452 2744,2451 2801,2450 2858,2450"/>
                <TextEquiv>
                    <Unicode>Schachtel aufgelesen, sie war in einer Flugschrift der berühmten</Unicode>
                </TextEquiv>
            </TextLine>
            <TextLine id="r3l35" custom="readingOrder {index:34;}">
                <Coords points="1775,2544 1951,2514 2608,2515 2607,2475 2576,2466 1774,2468"/>
                <Baseline points="1781,2510 1822,2510 1863,2510 1904,2510 1945,2510 1986,2509 2027,2509 2068,2509 2109,2508 2150,2508 2191,2508 2232,2507 2273,2506 2314,2506 2355,2505 2396,2505 2437,2504 2478,2503 2519,2503 2560,2502 2601,2501"/>
                <TextEquiv>
                    <Unicode>Vereinigung der Horthy=Tausender eingewickelt.</Unicode>
                </TextEquiv>
            </TextLine>
            <TextLine id="r3l36" custom="readingOrder {index:35;}">
                <Coords points="1884,2574 2863,2560 2850,2508 1883,2520"/>
                <Baseline points="1891,2556 1939,2556 1987,2556 2035,2556 2083,2556 2132,2556 2180,2555 2228,2555 2276,2554 2324,2553 2373,2553 2421,2552 2469,2551 2517,2550 2565,2549 2614,2549 2662,2548 2710,2547 2758,2546 2806,2546 2855,2546"/>
                <TextEquiv>
                    <Unicode>Die Panik, die entstand, benützten die Gewalttäter auch</Unicode>
                </TextEquiv>
            </TextLine>
            <TextLine id="r3l37" custom="readingOrder {index:36;}">
                <Coords points="1780,2622 2871,2610 2870,2566 2789,2554 1779,2580"/>
                <Baseline points="1787,2606 1840,2606 1894,2606 1948,2606 2002,2605 2056,2605 2109,2605 2163,2604 2217,2604 2271,2603 2325,2602 2378,2602 2432,2601 2486,2600 2540,2599 2594,2599 2647,2598 2701,2597 2755,2596 2809,2596 2863,2595"/>
                <TextEquiv>
                    <Unicode>zu ausgiebigen Plünderungen. Entgegen der beschönigenden</Unicode>
                </TextEquiv>
            </TextLine>
            <TextLine id="r3l38" custom="readingOrder {index:37;}">
                <Coords points="1781,2663 2872,2656 2871,2618 2819,2609 1780,2622"/>
                <Baseline points="1788,2654 1841,2654 1895,2653 1949,2653 2003,2653 2057,2652 2111,2652 2164,2651 2218,2651 2272,2651 2326,2650 2380,2650 2434,2649 2488,2649 2541,2648 2595,2647 2649,2646 2703,2645 2757,2645 2811,2643 2865,2642"/>
                <TextEquiv>
                    <Unicode>Meldung in der „Reichspost“ wurden den Theater</Unicode>
                </TextEquiv>
            </TextLine>
            <TextLine id="r3l39" custom="readingOrder {index:38;}">
                <Coords points="1776,2715 2874,2707 2873,2658 2829,2648 2524,2681 1775,2663"/>
                <Baseline points="1782,2702 1836,2702 1890,2701 1944,2701 1999,2701 2053,2700 2107,2700 2161,2700 2216,2699 2270,2699 2324,2699 2378,2698 2433,2698 2487,2697 2541,2697 2595,2696 2650,2695 2704,2694 2758,2693 2812,2691 2867,2689"/>
                <TextEquiv>
                    <Unicode>besuchern die Garderobe gestohlen und die Kleider</Unicode>
                </TextEquiv>
            </TextLine>
            <TextLine id="r3l40" custom="readingOrder {index:39;}">
                <Coords points="1777,2765 2805,2763 2872,2743 2871,2704 1776,2727"/>
                <Baseline points="1783,2751 1837,2751 1891,2751 1945,2750 1999,2750 2053,2750 2107,2749 2161,2749 2215,2748 2269,2747 2324,2747 2378,2746 2432,2745 2486,2744 2540,2744 2594,2743 2648,2742 2702,2741 2756,2740 2810,2740 2865,2739"/>
                <TextEquiv>
                    <Unicode>aus den Häuden gerissen. Die Leute, die aus dem Theater</Unicode>
                </TextEquiv>
            </TextLine>
            <TextLine id="r3l41" custom="readingOrder {index:40;}">
                <Coords points="1779,2812 2772,2811 2881,2791 2881,2746 1778,2764"/>
                <Baseline points="1786,2800 1840,2798 1894,2797 1949,2797 2003,2796 2058,2796 2112,2795 2166,2795 2221,2794 2275,2794 2330,2794 2384,2793 2438,2793 2493,2792 2547,2792 2602,2791 2656,2791 2710,2790 2765,2788 2819,2787 2874,2786"/>
                <TextEquiv>
                    <Unicode>kamen, wurden auf der Gasse erst recht verprügelt. Daß die</Unicode>
                </TextEquiv>
            </TextLine>
            <TextLine id="r3l42" custom="readingOrder {index:41;}">
                <Coords points="1783,2861 2832,2856 2881,2809 1783,2816"/>
                <Baseline points="1790,2846 1844,2845 1898,2845 1952,2844 2006,2844 2061,2843 2115,2843 2169,2843 2223,2842 2277,2842 2332,2842 2386,2841 2440,2841 2494,2840 2548,2840 2603,2839 2657,2838 2711,2837 2765,2837 2819,2835 2874,2834"/>
                <TextEquiv>
                    <Unicode>Gewalttäter in das Theater eindringen konnten, war vor allem</Unicode>
                </TextEquiv>
            </TextLine>
            <TextLine id="r3l43" custom="readingOrder {index:42;}">
                <Coords points="1787,2907 2873,2895 2852,2843 1787,2863"/>
                <Baseline points="1794,2894 1847,2893 1901,2893 1954,2893 2008,2892 2061,2892 2115,2892 2168,2892 2222,2891 2275,2891 2329,2891 2383,2890 2436,2890 2490,2890 2543,2889 2597,2889 2650,2888 2704,2887 2757,2886 2811,2885 2865,2884"/>
                <TextEquiv>
                    <Unicode>darum möglich, weil der Polizeischutz zu schwach</Unicode>
                </TextEquiv>
            </TextLine>
            <TextLine id="r3l44" custom="readingOrder {index:43;}">
                <Coords points="1791,2952 2798,2952 2883,2936 2882,2897 1790,2918"/>
                <Baseline points="1798,2942 1851,2941 1905,2941 1959,2941 2013,2940 2067,2940 2121,2940 2174,2939 2228,2939 2282,2939 2336,2938 2390,2938 2444,2937 2498,2936 2551,2936 2605,2935 2659,2934 2713,2933 2767,2932 2821,2931 2875,2930"/>
                <TextEquiv>
                    <Unicode>war. Ehe die Polizei Unterstützung erhielt, war der Ueberfall</Unicode>
                </TextEquiv>
            </TextLine>
            <TextLine id="r3l45" custom="readingOrder {index:44;}">
                <Coords points="1781,3000 2870,2988 2839,2942 1781,2956"/>
                <Baseline points="1789,2990 1842,2990 1896,2990 1949,2990 2003,2990 2057,2990 2110,2989 2164,2989 2218,2988 2271,2988 2325,2987 2379,2987 2432,2986 2486,2986 2540,2985 2593,2985 2647,2984 2701,2984 2754,2983 2808,2983 2862,2983"/>
                <TextEquiv>
                    <Unicode>schon geschehen und im Zuschauerraum die Einrichtungsgegen¬</Unicode>
                </TextEquiv>
            </TextLine>
            <TextLine id="r3l46" custom="readingOrder {index:45;}">
                <Coords points="1784,3073 1822,3076 1863,3057 1903,3075 2035,3062 2100,3069 2099,3018 2072,3010 1965,2999 1929,3013 1784,3004"/>
                <Baseline points="1791,3039 1816,3039 1841,3040 1866,3040 1891,3040 1916,3040 1942,3039 1967,3039 1992,3038 2017,3038 2042,3038 2067,3037 2093,3037"/>
                <TextEquiv>
                    <Unicode>stände zerschlagen.</Unicode>
                </TextEquiv>
            </TextLine>
            <TextLine id="r3l47" custom="readingOrder {index:46;}">
                <Coords points="1897,3130 2753,3135 2877,3119 2877,3060 1896,3079"/>
                <Baseline points="1903,3123 1951,3123 1999,3123 2048,3123 2096,3123 2144,3123 2193,3122 2241,3122 2289,3122 2338,3121 2386,3121 2434,3120 2483,3120 2531,3119 2579,3119 2628,3118 2676,3118 2724,3117 2773,3116 2821,3115 2870,3114"/>
                <TextEquiv>
                    <Unicode>Nachmittags findet wegen der gestrigen Vorgänge eine</Unicode>
                </TextEquiv>
            </TextLine>
            <TextLine id="r3l48" custom="readingOrder {index:47;}">
                <Coords points="1776,3173 2874,3177 2873,3125 2804,3117 1775,3125"/>
                <Baseline points="1783,3172 1837,3172 1891,3172 1945,3172 1999,3171 2054,3171 2108,3171 2162,3170 2216,3170 2270,3169 2325,3168 2379,3168 2433,3167 2487,3166 2541,3165 2596,3165 2650,3164 2704,3163 2758,3162 2812,3162 2867,3161"/>
                <TextEquiv>
                    <Unicode>Besprechung des Bürgermeisters mit den amtsführenden Stadt¬</Unicode>
                </TextEquiv>
            </TextLine>
            <TextLine id="r3l49" custom="readingOrder {index:48;}">
                <Coords points="1780,3225 2880,3213 2879,3183 2789,3164 1780,3182"/>
                <Baseline points="1787,3221 1841,3220 1895,3220 1949,3219 2004,3219 2058,3218 2112,3218 2166,3218 2221,3217 2275,3217 2329,3216 2383,3216 2438,3215 2492,3214 2546,3214 2600,3213 2655,3213 2709,3212 2763,3211 2817,3211 2872,3210"/>
                <TextEquiv>
                    <Unicode>räten statt. Wahrscheinlich dürfte die Angelegenheit auch in</Unicode>
                </TextEquiv>
            </TextLine>
            <TextLine id="r3l50" custom="readingOrder {index:49;}">
                <Coords points="1786,3284 2876,3294 2875,3230 2725,3212 1785,3232"/>
                <Baseline points="1793,3267 1846,3268 1900,3268 1954,3268 2008,3268 2061,3268 2115,3267 2169,3267 2223,3266 2276,3266 2330,3265 2384,3264 2438,3264 2491,3263 2545,3262 2599,3261 2653,3261 2706,3260 2760,3260 2814,3260 2868,3260"/>
                <TextEquiv>
                    <Unicode>der Klubsitzung der sozialdemokratischen Gemeinderäte zur</Unicode>
                </TextEquiv>
            </TextLine>
            <TextLine id="r3l51" custom="readingOrder {index:50;}">
                <Coords points="1784,3319 1847,3333 1875,3321 1925,3330 1934,3320 1994,3328 2034,3319 2063,3328 2080,3322 2080,3267 2040,3281 2025,3274 1999,3290 1883,3276 1862,3289 1837,3278 1784,3285"/>
                <Baseline points="1791,3316 1816,3316 1842,3316 1867,3316 1893,3316 1919,3316 1944,3315 1970,3315 1996,3315 2021,3315 2047,3315 2073,3316"/>
                <TextEquiv>
                    <Unicode>Sprache kommen.</Unicode>
                </TextEquiv>
            </TextLine>
            <TextLine id="r3l52" custom="readingOrder {index:51;}">
                <Coords points="1903,3375 2864,3368 2885,3309 2683,3288 2458,3329 2301,3296 1903,3327"/>
                <Baseline points="1911,3363 1959,3364 2007,3364 2056,3364 2104,3363 2152,3363 2201,3363 2249,3362 2297,3361 2346,3361 2394,3360 2442,3359 2491,3359 2539,3358 2587,3357 2636,3356 2684,3356 2732,3355 2781,3355 2829,3355 2878,3354"/>
                <TextEquiv>
                    <Unicode>Gerüchte, die geflissentlich von den Christlichsozialen</Unicode>
                </TextEquiv>
            </TextLine>
            <TextLine id="r3l53" custom="readingOrder {index:52;}">
                <Coords points="1784,3425 2862,3418 2879,3370 1784,3374"/>
                <Baseline points="1791,3412 1845,3412 1899,3412 1953,3412 2007,3411 2061,3411 2115,3411 2169,3410 2223,3410 2277,3410 2331,3409 2385,3409 2439,3408 2493,3408 2547,3407 2601,3406 2655,3406 2709,3405 2763,3404 2817,3403 2872,3402"/>
                <TextEquiv>
                    <Unicode>weiterverbreitet werden, besagen, daß die Polizei die</Unicode>
                </TextEquiv>
            </TextLine>
            <TextLine id="r3l54" custom="readingOrder {index:53;}">
                <Coords points="1792,3472 2873,3472 2884,3426 1792,3434"/>
                <Baseline points="1799,3461 1852,3461 1906,3460 1960,3460 2014,3460 2068,3460 2122,3459 2176,3459 2230,3458 2284,3457 2338,3457 2391,3456 2445,3456 2499,3455 2553,3454 2607,3453 2661,3453 2715,3452 2769,3451 2823,3451 2877,3450"/>
                <TextEquiv>
                    <Unicode>weitere Aufführung des „Reigens“ verboten habe. Doch ist ein</Unicode>
                </TextEquiv>
            </TextLine>
            <TextLine id="r3l55" custom="readingOrder {index:54;}">
                <Coords points="1796,3529 2880,3533 2880,3471 1796,3476"/>
                <Baseline points="1803,3510 1856,3510 1910,3510 1963,3510 2017,3510 2070,3510 2124,3509 2177,3509 2231,3509 2284,3508 2338,3508 2391,3507 2445,3507 2498,3506 2552,3506 2605,3505 2659,3505 2712,3505 2766,3504 2819,3504 2873,3504"/>
                <TextEquiv>
                    <Unicode>Dauerverbot an die Zustimmung der Landesregierung</Unicode>
                </TextEquiv>
            </TextLine>
            <TextLine id="r3l56" custom="readingOrder {index:55;}">
                <Coords points="1789,3581 1834,3580 1862,3566 1886,3577 1902,3565 1913,3570 1984,3564 1982,3517 1953,3518 1946,3526 1930,3517 1915,3528 1862,3522 1841,3527 1831,3520 1814,3531 1788,3530"/>
                <Baseline points="1795,3567 1821,3563 1847,3561 1873,3561 1899,3560 1925,3560 1951,3560 1977,3560"/>
                <TextEquiv>
                    <Unicode>gebunden.</Unicode>
                </TextEquiv>
            </TextLine>
            <TextEquiv>
                <Unicode>Der christliche Terror in der Theater¬
auführung.
Frontkämpfer und bezahlte Apachen — Die
Schilderung eines Augenzsugen.
Ueber e gewalttätige Störung der „ReigenAufjährung
wird uns von einem Augenzeugen miterteilt: Während am
Beginn der Vorstellungpöllige Rühe herrschte, wurden
während des dritten Bildes Zwischenrufe gemacht und ein
Stinkbombe geworfen. Danach wurden alle Türen
geöffnet, die Luft gereinigt und das Spiel fortgesetzt; aber sofort be¬
gann auf der Galerie und im Zuschauerraum ein wüster Lärm. Die
Ruhestörer waren zum Teil solche, die sich Karten verschafft
hatten, zum größeren Teil andere, die gruppenweise von allen
Seiten in das Theater drangen, wobei sie, als die Türen
geöffnet wurden, diese Gelegenheit benützten, in den Zuschauer¬
raum zu gelangen. Die Eindringlinge begannen sofort au
die Zuschauer mit Stöcken loszuschlagen
von der Galerie wurden Sessel in des
es
Zuschauerraum geworfen und
entstand eine furchtbare Panik. Den Frauen wurden
die Kleider vom Leibegerissen und Männer wie
Frauen wurden blutig geschlagen. Der ganze Angrif
ist selbstverständlich planmäßig organisiert
worden. Die Eindringlinge waren zum großen Teil jung
Burschen, wahre Plattenbrüder, die ganz offenbai
für ihre Gewalttaten bezahlt wurden. Außer
ihnen waren unter den Gewalttätern zu einem geringen Tei
nach meinem Eindruck auch Frontkämpfer und
Studenten. Die Gewalttäter haben in einer Schachtel
schön verpackt Eier mitgenommen, die mit Teer
gefült waren; diese Eier wurden auf die Bühne und
auf die Zuschauer geworsen. Ich habe eine solche
Schachtel aufgelesen, sie war in einer Flugschrift der berühmten
Vereinigung der Horthy=Tausender eingewickelt.
Die Panik, die entstand, benützten die Gewalttäter auch
zu ausgiebigen Plünderungen. Entgegen der beschönigenden
Meldung in der „Reichspost“ wurden den Theater
besuchern die Garderobe gestohlen und die Kleider
aus den Häuden gerissen. Die Leute, die aus dem Theater
kamen, wurden auf der Gasse erst recht verprügelt. Daß die
Gewalttäter in das Theater eindringen konnten, war vor allem
darum möglich, weil der Polizeischutz zu schwach
war. Ehe die Polizei Unterstützung erhielt, war der Ueberfall
schon geschehen und im Zuschauerraum die Einrichtungsgegen¬
stände zerschlagen.
Nachmittags findet wegen der gestrigen Vorgänge eine
Besprechung des Bürgermeisters mit den amtsführenden Stadt¬
räten statt. Wahrscheinlich dürfte die Angelegenheit auch in
der Klubsitzung der sozialdemokratischen Gemeinderäte zur
Sprache kommen.
Gerüchte, die geflissentlich von den Christlichsozialen
weiterverbreitet werden, besagen, daß die Polizei die
weitere Aufführung des „Reigens“ verboten habe. Doch ist ein
Dauerverbot an die Zustimmung der Landesregierung
gebunden.</Unicode>
            </TextEquiv>
        </TextRegion>
    </Page>
</PcGts>
