3532 4256
344 231 494 313 11.
1050 232 1460 301 box 18/2
546 232 859 329 Reigen
465 427 978 494 aber uuch Ppelseieagen
465 476 1624 557 Küchenmeren, die außer einem Speiseraum und der Küche noch
455 517 1619 611 einigwöhnliche Abteile haben. Die Zahl dieser Wagen ist
450 567 1592 676 S   gA Mbe#eeib. 40. 5. 4.
678 621 1395 711 „Der Reigen“ als Buch freigegeben.
532 681 1622 763 Schnitzlers viel angefeindeter „Reigen“ bildete u. a. die
445 704 1621 802 Grundlage einer Anklage wegen Verbreitung unzüchtiger
448 767 1604 852 Schriften, die die 6. Strafkammer des Landgerichts III beschäf¬
447 810 1611 882 tigte. Bei einem Fräulein P., die eine Mietbücherei be¬
440 858 1607 929 trieb, war neben pornographischen Schriften auch Schnitzlers
454 900 1605 961 Reigen“ als unzüchtg beschlagnahmt worden, was die An¬
450 944 1603 1017 llage zur Folge hatte. Die Verhandlung bot an sich nichts be¬
519 986 1610 1066 ##merkenswertes; interessant war nur, was das Gericht
450 1038 1603 1125 dr Begründung der Freigabe des Schnitzlerschen Buches an¬
475 1085 1621 1184 führte. Während der Staatsanust 8 Ronate Gefängnis,
468 1142 1627 1222 2 Jahre Ehrverlust gegen die Angeklagte und Beschlagnahme
471 1183 1621 1271 sämtlicher Schriften, also auch des „Reigen“ beantragte, schloß sich
469 1228 1632 1313 das Gericht den Ausführungen des Rechtsanwalts Dr. Walter
466 1275 1623 1355 Niemann an, indem es nur auf 800 Mark Geldstrafe
457 1322 1622 1395 und Beschlagnahme erkannte und ausdrücklich Schnitzlers
464 1359 1610 1440 „Reigen“ in Buchform hierbei ausschloß. Nach Ansicht des Ge¬
466 1406 1619 1482 richts sei dieses Werk nicht als unzüchtig im Sinne des
467 1445 1617 1526 Gesetzes anzusehen, was jedoch kein Präjudiz für die Auf¬
468 1487 1608 1574 führung im Theater sein solle, da das Gericht hierüber nicht
458 1534 1608 1617 zu befinden gehabt hatte. Jedenfalls sei der künstlerische
462 1577 1610 1677 Wert des „Reigen“ so überwiegend, dß dieser als unzüchtige
466 1618 1150 1699 Schrift nicht anerkannt werden könnte.
778 2057 1194 2156 THEATER
546 2137 1390 2267 das Buch des „Reigen
539 2256 1427 2360 in Berlin beschlagnahmt.
606 2335 1425 2413 Wie aus Berlin heute gemeldet wird,
542 2409 1429 2461 hat vie dortige Staatsanwaltschaft bei einer
542 2442 1424 2498 Reihe von Buchhandlungen Buch¬
549 2492 1423 2549 eremplare von Schnitzlers „Reigen“
546 2544 938 2619 beschlagnahmt:
610 2563 1423 2656 Diese Beschlognahme hat folgenten Hinter¬
545 2635 1421 2702 grund. Am 4. März 1920 hatte sich vor der
546 2699 1420 2746 vierten Straflammer des Landgerichts III ein
547 2735 1432 2804 Buchhändler Hartwig wegen Verbreitung
548 2788 1421 2840 unzichtiger Schriften zu verantworten. Es war
550 2835 1423 2900 seislerzeit bei ihm eine ganze Reihe zweifellos
535 2883 1424 2957 Kornographischer Bücher leschlagnahmt worden,
547 2927 1435 3000 aber euch en Exemplar von Schnitzlers
551 2991 1439 3041 „Reigen“ war unter die Beschlagnahme
550 3027 1433 3090 geraten, die vom Gericht im allgemeinen be¬
551 3076 1431 3138 stätig: worden ist. Auf Grund dieses rechts¬
563 3122 1427 3185 kräftig gewordenen Urtels ordnete die Staats¬
552 3171 1391 3247 anwaltschaft die erneute Beschlagnahme an
1257 3220 1354 3289 N
1027 3281 1073 3356 2
626 3348 756 3442 Wien
1045 3426 1202 3525 Wie
899 3555 1405 3692 Bertpaunacall
1607 1030 1646 1109 *
1980 751 2910 894 ADOLF SCHUSTERMANN
1913 884 2967 975 ZEITUNGSNACHRICHTEN-BUREAU
2114 958 2774 1044 BERLIN SO 16, RUNGESTR. 22-24.
1964 1049 2705 1155 Zeitung: Provinz-Zeitung
1968 1172 2723 1267 Adresse. Geestemünde
1961 1273 2143 1348 Datum:
2493 1288 2892 1370 2 . HK T.2
2030 1346 2960 1443 Schnitzle.s Reigen“ als Buch freigegeben. Vor
1930 1387 2947 1472 etwa zwei Jühren war von einer Spezial=Strafkam¬
1939 1438 2946 1521 mer bei einer Prüfung einer sehr großen Anzahl un¬
1924 1485 2967 1563 züchtiget Abbildungen und Schriften unter anderem
1922 1598 2934 1647 das Buch von Schnitzlers „Reigen“ beschlagnehnt und
1923 1635 2938 1684 verboten worden. Das in der damaligen Verhandlung
1917 1670 2924 1721 gesprochene und rechtskräftig gewordene Urteil diente
1922 1710 2926 1770 der Staatsanwaltschaft wiederholt dazu, um Bücher¬
1919 1751 2921 1799 exemplare des „Reigen“ inzwischen zu beschlagnahmen.
1922 1792 2928 1835 So wurden erst türzlich bei dem Verleger 135 Exem¬
1923 1835 2923 1884 plare konfisziert. Der Autor und der Verleger ver¬
1925 1862 2928 1919 suchten, eine Freigabe zu erlangen, wurden aber ab¬
1915 1901 2938 1968 gewiesen. Nunmehr hat der Generalstaatsanwalt beim
1917 1947 2905 2019 Kammergericht die Freigabe des Buches angeordnet.
2052 2751 2520 2837 Kautschgkapsan
1796 2854 2792 2951 Theater, Kunst und Wissenschaft.
1859 2937 2838 3018 Auch die Buchausgabe des „Reigen“ be¬
1772 2987 2825 3076 schlagnahmt. Aus Berlin wird gemeldet: Vor eini¬
1848 3034 2835 3119 Tagen wurde auf Veranlassung der Staatsan¬
1858 3084 2840 3164 schaft III. bei einer Reihe von Buchhandlungen
1881 3128 2835 3217 Beschlagnahme der Bücherexemplare des Schnitz¬
1768 3190 2840 3263 letschen Theaterstückes „Reigen“ durchgeführt. Na¬
1776 3236 2844 3335 terlich wird dies eine neue gerichtliche Aktion zur
1778 3299 2046 3373 Folge haben.
1905 3307 2846 3409 Gefährdung der Wartburg=Fresken
1771 3370 2853 3470 Mantl nan Schwinds. Aus Eisenach wird be¬
2498 3421 2850 3503 #### Maserei an
2872 3042 2920 3078 O
2875 3066 2919 3137 34
2938 2931 3005 2995 2
2898 3049 2967 3105 6—
2903 3118 3015 3210 P15
