3532 4256
1042 65 1902 112 Er habe ja nach den Vorgängen in Wien damals
1038 111 1898 150 wohl annehmen können, daß auch hier elwas
1049 158 1908 211 passieren würde. An der Art der Aufführung
1041 202 1900 257 habe er nichts auszusetzen gehabt, desto mehr
1044 250 1900 295 aber an dem Stück selbst. Bei der Angabe ein¬
1042 298 1896 348 zelner Stellen, an denen der Zeuge Anstoß ge¬
1042 347 1892 400 nommen hatte, gab er anheim, die Oeffentlich
1048 390 1899 455 keit auszuschließen, da es ihm peinlich sei, hier¬
1050 441 1903 495 über zu sprechen. Der Antrag auf Ausschluß der
1052 487 1905 541 Oeffentlichkeit wird vom Gerichtshof abgelehnt.
1054 540 1896 592 Der Zeuge hat u. a. Anstoß genommen an der
1053 590 1894 656 Stelle, wo im Chambre séparée der Darsteller
1047 634 1893 687 zum Abschluß dieser Szene laut ruft: „Kellner,
1047 679 1900 732 zahlen!“, auch hat er, der religiös sehr empfind¬
1037 731 1901 796 lich sei, Anstoß daran genommen, daß in der
1039 772 1897 831 Szene zwischen Schriftsteller und Schauspielerin
1038 828 1906 877 im Zimmer auch ein Madonnenbild angebracht sei.
1044 869 1902 928 Einzelne Stellen seien für ihn furchtbar gewesen.
1046 925 1897 978 Als junger Mann hätte er sich so etwas ja ge¬
1039 971 1891 1039 fallen lassen, aber jetzt in reiferen Jahren se
1045 1021 1897 1079 das anders, denn jetzt denke er dabei an die Zu¬
1038 1067 1899 1122 kunft seines Kindes, das allerdings erst vier
1035 1107 1900 1175 Jahre alt sei. Das Stück sei doch zu realistisch.
1080 1162 1890 1214 Zeugin Frau Doris Wittner hat weder be
1039 1201 1888 1257 ihrem Besuch der Premiere noch gestern Aerger¬
1042 1246 1893 1307 nis genommen, noch begriffen, wie an dem Wer
1045 1281 1617 1343 Anstoß genommen werden könne.
1074 1325 1893 1377 Der 72 jährige Kaufmann Köhne ist mil
1048 1370 1897 1421 seiner Frau auf Verabredung mit anderen, die
1036 1415 1888 1463 einen Protest erlassen wollten, im August in ein
1044 1447 1888 1503 Aufführung des „Reigen“ gekommen. Sein
1041 1483 1893 1538 Frau ist Vorstandsmitglied des Berliner Frauen¬
1037 1529 1897 1579 wgegen den Allbholtsmus. Die moralische
1044 1559 1891 1619 Tendenz des Stückes sei nicht wirksam; es möge
1046 1599 1890 1647 vielleicht auf den gereiften, willensstarken Men¬
1050 1639 1895 1700 chen abschreckend wirken; aber auf die Jugend
1042 1682 1888 1726 wirke es demoralisierend. Er sei bedrückt ge¬
1032 1716 1894 1774 wesen über den Schmutz, der hier öffentlich her¬
1028 1758 1887 1804 vorgezogen werde, und es sei jammervoll, daß vor
1038 1790 1896 1852 so vielen anwesenden jungen Paaren ein Ehe¬
1033 1831 1769 1884 bruch nach dem andern vorgeführt werde.
1078 1865 1898 1938 Die Zeugin Frau Köhne äußert sich ähnlich
1042 1894 1892 1967 wvie ihr vernommener Ehemann über die Stellen,
1044 1948 1887 2004 in weichen Anstoß von ihr genommen ist. Be¬
1031 1985 1900 2043 sonderes Aergernis hat es ihr bereitet, daß die
1047 2034 1894 2080 exuelle Entwicklung der Dinge in zehnmaliger
1039 2056 1640 2119 Wiederholung dargestellt wird.
1652 2064 1887 2122 Das Theater
1038 2099 1897 2162 solle eine Stätte der Erholung und feelischen Er¬
1034 2144 1880 2192 hebung sein, hier aber werden nur Ausschreitun
1030 2183 1887 2236 gen des sinnlichen Gefühlslebens vor Augen ge¬
1032 2223 1893 2278 führt. Der Darstellung wirst die Zeugin nur
1030 2264 1891 2315 vor, daß sie zu natürlich und gewissermaßen selbst¬
1031 2298 1885 2364 verständlich sich gebe. — Zeugin Frau Rektorin
1029 2333 1195 2394 Christ,
1108 2377 1811 2444 Vorsitzende des Vereins Berliner
1333 2426 1600 2485 Lehrerinnen,
1028 2465 1893 2523 hat den Protest gegen die Aufführung des Stückes
1040 2522 1887 2562 unterschrieben; das Werk habe keinerlei erzieheri¬
1044 2554 1889 2597 chen Wert, das Gegenteil von erzieherischer Wir¬
1036 2590 1884 2646 kung sei festzustellen. Durch das Stück werde die
1039 2629 1882 2685 Stellung der Frau erniedrigl, ebenso das ganze
1030 2670 1883 2712 weibliche Geschlecht, und auf die Jugend eine be¬
1026 2711 1884 2764 denkliche Wirkung ausgeübt. Als Frau protestiere
1039 2745 1327 2799 ie dagegen. —
1336 2746 1894 2810 Lehrerin Frl. Grade erklärt
1032 2785 1886 2830 den ganzen Inhalt des „Reigen“ für unkünstle¬
1035 2824 1880 2871 risch und unsittlich. Sie hat andere Stücke, in
1033 2861 1890 2910 denen auch sexuelle Dinge behandelt wurden, wie
1035 2900 1889 2956 „Rose Berndt, „Fuhrmann Hentschel", „Nacht¬
1029 2945 1883 3005 asyl“ gesehen, dort wurden aber diese Dinge denn
1031 2977 1531 3039 doch ganz anders beha#delt.
1184 3024 1736 3100 Weitere Belastungszeugen.
1053 3092 1879 3143 Zu denen, die großes Aergernis genommen
1036 3130 1888 3183 haben, gehört der Zeuge Regierungs= und Bau¬
1026 3172 1890 3216 rat Biermann, Mitglied der christlichen Stu¬
1029 3211 1888 3262 dentenvereinigung und christlichen Studenten¬
1028 3239 1879 3291 Weltbundes, und Zeuge Dr. Schreiber, Theo¬
1036 3286 1882 3332 loge und Vorsitzender der Deutsch=evangelischen
1026 3324 1879 3372 Mission für Fragen der Volkssittlichkeit. Dieser
1038 3364 1888 3417 hat Anstoß genommen als Deutscher, Preuße und
1024 3403 1882 3448 Berliner, denn in Wien, München, Dresden sei
1024 3445 1882 3488 die Aufführung des Stückes unmöglich gemacht
1026 3485 1881 3528 worden. Die Abtönung des Buches durch die
1027 3521 1884 3568 Darstellung habe die gefährliche Wirkung nur
1028 3557 1881 3607 noch gesteigert. Das ganze Stück sei eine Dar¬
1045 3598 1877 3647 tellung der Unzucht: Mißbrauch der Kunst, Ver¬
1030 3639 1878 3677 letzung der Sittlichkeit, Gefährdung des Volkes
1029 3676 1883 3714 und damit der Jugend. — Lehrer Rost, Mit¬
1030 3713 1881 3762 glied des Deutsch=völkischen Vereins, ist auf Grund
1035 3754 1887 3795 der Mitteilungen Schlailjer in der Tägl. Rund¬
1030 3791 1879 3831 schau, mit mehreren Kollegen an dem Tage des
1035 3828 1888 3870 Theaterskandals in die Vorstellung gegangen.
1030 3866 1873 3914 Was sie da gesehen, habe alles übertroffen, was
1031 3902 1875 3950 sie sich vorgestellt hätten. Sie seien da sehr empör
1023 3943 1886 3990 gewesen, denn was da verzapft wurde, sei nur
1958 52 2806 119 Zeugen Pra mnn
1957 96 2810 154 bestreiten, ihrerkeits an dem Radau teilgenommen
1957 137 2811 191 oder gar die Stinkbomben geworfen zu haben.
1947 174 2805 238 R.=A. Heine bringt noch Einzelheiten über der
1957 211 2799 270 Ausbruch des Theaterskandals und dessen Ver
1955 249 2809 310 lauf zur Sprache. Zu den damals durch die Polizei
1959 288 2818 351 Verhafteten gehörte auch der Lehrer Siebeni,
1961 337 2807 385 er auf die Polizeiwache gebracht und 24 Stunden
1950 366 2820 423 in Einzelhaft gehalten wurde. Der Zeuge hat
1947 402 2732 456 einen ekelerregenden Gindruck empfangen.
1949 443 2801 511 Auch Frau Hauptmann Müller, Mitglied des
1957 484 2816 540 Völkischen Schutz= und Trutzbündnisses, des
1950 532 2815 582 „Herold“, des „Aufrechten“, des Deutschen Offi¬
1945 565 2809 622 zierbundes, des Verbandes deutschnationaler Sol¬
1948 605 2806 663 daten usw. hat gewußt, daß am 22. Februar das
1950 642 2815 701 Kleine Schauspielhaus ausgeräuchert werden
1960 677 2804 734 ollte, und ist auf ein selbst bezahltes Billet in
1957 723 2805 780 die Vorstellung gegangen, um zu sehen, „wie das
1955 761 2803 827 deutsche Volk sich diesem Stücke gegenüber ver¬
1949 794 2016 851 hält
1986 828 2811 901 Direktor Sladek behauptet, daß diese Zeu¬
1950 878 2805 928 gin im Foyer großen Larm gemacht und mehr¬
1942 917 2804 976 fach geschrien habe: „Das verdanken wir diesen
1959 953 2802 1008 Judenbengels! Das wäre ja noch schöner, wenn
1943 995 2804 1057 wir uns so etwas gefallen lassen!“ usw. Die
1953 1026 2812 1090 Zeugin erklärt dies für unwahr, hält es aber
1951 1072 2804 1133 für durchaus begreiflich, daß sich das deutsche
1946 1112 2810 1172 Volk eine so bodenlose Schweinerei nicht mehr
1950 1152 2806 1214 gefallen lasse. Auf Vorhalt gibt die Zeugin zu,
1945 1192 2807 1256 daß sie gestern ihre beiden 21= und 20jährigen
1938 1229 2803 1277 Söhne unbefugt mit in die nichtöffentliche Vor¬
1947 1266 2809 1325 stellung genommen habe. Ihr iltester Sohn sei
1943 1304 2698 1367 im Kriege Offizier gewesen, und
2711 1319 2798 1369 beide
1944 1341 2801 1409 Föhne, die doch zu der Generation gehören,
1937 1379 2804 1445 die das Dentschland der Zukunft reprasentiert
1945 1430 2804 1478 und deutsches Wesen und deutsche Ehre hochhalten
1954 1462 2802 1521 oll, hätten ein lebhaftes Interesse daran gehabt,
1941 1498 2818 1572 dieses Stück kegnenzulernen, und sich selbst ein
1950 1531 2332 1598 Bild davon zu machen.
2111 1581 2629 1667 Die Nachmittagssitzung.
1974 1641 2799 1715 Nach der Mittagspause wird die Beweisauf¬
1941 1697 2796 1762 nahme fortgesetzt. Sie bringt noch eine Reihe
1947 1741 2801 1801 von Zeugen vor den Gerichtstisch, die die Gründe
1942 1787 2803 1844 auseinandersetzen, warum sie empört über die
1948 1816 2280 1869 Aufführung waren.
1971 1854 2805 1918 Die Zeugin Lehrerin Frl. Teusch, Mitglied
1943 1894 2803 1953 des Reichstages, hält das Stück für unzüchtig, da
1942 1931 2795 1987 das Spiel auf der Bühne den Geschlechtsverkehr
1935 1978 2802 2041 als Folge des sinnlichen Triebes zu deutlich vor¬
1943 2007 2808 2073 führe. In der Darstellung, die allerdings
1941 2053 2803 2101 hart an die zulässige Grenze streift, hat die Zeu¬
1932 2097 2797 2149 gin Unzüchtiges nicht herausgefunden.
1976 2129 2802 2178 Zeugin Frl. Gulke, Vorsitzende des Landes¬
1932 2169 2804 2229 verbandes preußischer Volksschullehrerinnen, hat
1936 2212 2794 2266 gleichfalls Aergernis an dem Stück genommen
1935 2246 2803 2310 Auf die Jugend müsse ein solches Stuck verwir¬
1937 2282 2154 2337 rend wirken.
1980 2326 2790 2392 Zeuge Lebius bezeichnet sich als National¬
1932 2359 2798 2425 demokrat. Er habe bei Anhörung des Stückes
1935 2409 2804 2462 aus ästhetischen und politischen Gründen die
1935 2445 2802 2508 Empfindung gehabt: Wenn die Republik das
1942 2484 2795 2545 duldet, bringt sie sich um ihren guten Namen.
1942 2523 2805 2568 Er habe vor dem Stück einen solchen Ab¬
1950 2563 2799 2626 cheu empfunden, daß er sich die letzten Bilder
1949 2599 2793 2654 chenkte. Er habe sich auch noch an einen Logen¬
1939 2642 2803 2695 schließer gewendet, und dieser habe ihn gewarnt
1947 2683 2796 2740 ind gesagt: „Nehmen Sie sich in acht, bei dem
1941 2724 2802 2779 geringsten Zeichen des Mißfallens werden Sie
1943 2763 2715 2807 verhaftet und schließlich noch verhauen!
1973 2797 2797 2851 Studienrätin Frl. Scheidel, Vorsitzende des
1939 2832 2802 2892 Verbandes der akademisch gebildeten Lehrerinnen
1945 2876 2792 2938 Berlins, hat den Protest gegen die Aufführung
1941 2911 2419 2975 des Stückes unterschrieben.
1972 2954 2803 3016 Als Zeuge wird auch der Landgerichtsdirektor
1941 2995 2795 3055 Geh. Rat Bock vernommen, der Vorsitzender der
1940 3036 2799 3095 Zivilkammer war, von welcher die Entscheidung
1942 3076 2799 3123 über die beantragte einstweilige Verfügung er¬
1943 3114 2802 3168 gangen war. Der Zeuge hat vor Fällung der
1944 3157 2800 3212 Entscheidung auch der Aufführung beigewohnt
1936 3193 2803 3257 und sehr genau die Einzelheiten in bezug auf die
1940 3233 2789 3288 Szenerie, die Darstellung und die Kostüme be¬
1937 3271 2799 3318 obachtet und nach keiner dieser drei Richtungen
1940 3309 2796 3375 hin irgendwie Anstößiges gefunden. Ueber das
1945 3348 2800 3400 Wert als solches könne er hier nicht aus¬
1940 3386 2797 3443 sagen, da er bei der Zivilkammer mitgewirkt und
1940 3423 2800 3473 deshalb nicht als Sachverständiger fungieren
1937 3466 2790 3518 könne. In der Szene „Die Schauspielerin und
1931 3505 2786 3555 der Graf“ habe er weder in den Gesten, noch in
1941 3545 2795 3596 der Körperlage, noch in dem Kostüm der Schau¬
1943 3583 2792 3638 spielerin Anstößiges bemerkt, auch die Steigerung
1936 3617 2790 3669 bis zum Fallen des Vorhanges sei nicht obszön,
1941 3655 2809 3716 beispielsweise gehe sie im Venusberg bei
1938 3699 2801 3759 Richard Wagner noch weiter. Was den an
1933 3744 2788 3796 geblichen die Lusternheit befördernden Rhyth¬
1938 3785 2787 3834 musder Musik betrifft, so sei ihm völlig un¬
1933 3814 2790 3869 verständlich, wie der Rhythmus einer Musik auf
1944 3858 2789 3912 gewisse Vorgänge delikater Art hindenten kann
1973 3901 2789 3954 Nach der Vernehmung dieses Zeugen wird die
1940 3935 2787 3999 Verhandlung auf Donnerstag 9 Uhr vertagt.
