3444 4352
304 124 452 197 11.
995 131 1425 219 box 17/2
497 146 814 220 igen
1111 788 1529 874 Telephon 12801.
725 880 1901 962 Alex. Weigl’s Unternehmen für Zeitungs-Ausschnitte
1665 955 1853 1031 Ausschnitt
656 967 1657 1086 Nale7 „OBSERVER“
1843 1000 1935 1085 41
1758 1015 1851 1106 Nr.
608 1090 2028 1173 I. österr. behördl. conc. Bureau für Zeitungsberichte u. Personalnachrichten
876 1137 1772 1217 Wien, I., Concondiaplarz 4.
606 1201 2025 1302 Vertretungen in Berlin, Budapest, Chicago, Genf, London, Newyork, Paris, ktom,
971 1260 1653 1332 Stockholm, Kristiania, St. Petersburg.
608 1364 1078 1464 Ausschnitt aus:
1280 1377 1926 1487 Neue Bahmnen, Wien
600 1522 772 1588 vom:
857 1528 1106 1616 [E140t
868 1676 1450 1753 Aus Senekls letzten Stunden.*)
931 1732 1683 1785 (Ureigener Bericht.) Nach Verkündigung des
876 1766 1683 1826 Todesurteils wurde Senekl in die Armesünder
879 1812 1682 1867 zelle zurückgeführt und befragt, was er sich wünsche
876 1861 1697 1905 „Z'erscht“ sagte er „an Schligowitz aber in an
881 1890 1689 1932 Scherb'n von Kolo Moser, dann an Sessel von
872 1929 1689 1978 Olbrich, Ricy zum Zähnd'putzen und 'n Kours¬
877 1963 1686 2016 zettel — wissen S'“, damit wendete er sich zum
872 2007 1682 2056 Kerkermeister Herrn Jan Skrzivanek „i' möcht
870 2051 1689 2098 halt so gern wissen, wie die Dividenden für 1904
868 2090 1701 2136 von derer Schnauferlfabrik steh'n, die der selige
869 2126 1686 2170 Jelinek von d'’r Länderbaukg' g'ründ't hat.“ Nach¬
874 2166 1689 2224 dem er fünf Paar Frankfurter mit
869 2202 1697 2256 großem Appetit gegessen (NB.: ohne Haut,
1482 2245 1695 2294 ein Zeichen,
877 2240 1474 2293 die er feinsäuberlich zurückließ —
873 2285 1699 2330 daß ihm eine gewisse Bildung innewohnte) und
880 2326 1699 2383 5 Viertel G’spritzte (2 mit Soda, 2 mit
581 2320 868 2397 Für 50 Zeitu
1794 2355 1965 2420 inclusive
610 2377 645 2424 n
1691 2342 1746 2439 1
940 2382 1693 2443 *) Raummangels wegen können wir diese
1802 2408 1924 2453 Porto.
693 2411 761 2455 200
868 2432 1695 2482 authentische Darstellung nur auszugsweise
1789 2447 1941 2496 Zahlbar
684 2449 767 2493 500
600 2430 662 2515 10
872 2470 1700 2521 bringen — wir werden jedoch Gelegenheit finden,
1781 2476 1981 2542 im Voraus.
664 2480 759 2545 1000
616 2493 654 2552 „
877 2508 1691 2555 den ganzen Bericht einmal (z. B. im Faschings¬
704 2525 867 2587 Im Gege
883 2548 1693 2601 heft) vollinhaltlich zum Abdruck zu bringen. Er
1714 2530 1988 2601 hnitte ist das
594 2566 863 2625 Abonnement du
873 2583 1689 2635 verdient es wegen der Schlaglichter, die er au
1753 2583 1989 2647 steht es den
588 2614 864 2669 Abonnenten frei
1716 2629 1859 2686 ändern.
872 2625 1703 2697 die Psyche des interessanten Raubmorders wirft.
1763 2669 2583 2735 gankelt von schönen Bildern des Schnitzler'schen
890 2680 1707 2751 Giß und 1 mit Selters) sowie 3 Stamperln
706 2690 866 2754 Der „O
1770 2713 2571 2773 Esprits gieng Senekl alsdann schlafen und schlie
897 2728 1707 2792 Schligowitz getrunken und eine Portion Ricy
595 2728 845 2790 Inhaltsangabe
1771 2748 2583 2810 bis an den Morgen, seinen letzten Morgen auf
890 2765 1703 2833 gekaut hatte, rauchte er 12 Zigaretten in Griffon
589 2778 872 2831 blätter (Tag
1759 2798 2591 2849 dieser Welt! Beim Frühstück, bestehend aus
592 2815 832 2870 wodurch eine
898 2806 1712 2871 Papier, streckte sich sodann bequem in unseres
1767 2833 2590 2887 „böhmischen Wuchteln“ und einer Flasche Wiener
596 2853 835 2906 Leben des In¬
893 2847 1714 2912 jungen Meisters Olbrich künstlerischem Sessel
1765 2873 2579 2931 Sekt, die er aber nur zur Hälfte leerte, las ei
589 2892 871 2953 theilungen werd
897 2891 1706 2944 aus und verlangte ein Buch. Auf die Frage, was
1772 2906 2585 2964 noch 10½ Seiten im „Reigen“, wichste seine
907 2926 1720 2983 für eines er wünsche, meinte er cynisch mit
1774 2948 2589 3008 Stiefel mit Othello=Stiefelwichse (vgl. das Inserat
898 2970 1723 3027 einer aus preßgesetzlichen Gründen
1777 2989 2582 3044 auf S. 2236 unseres Blattes) und zog die er¬
903 3007 1715 3064 nicht wiederzugebenden unflätigen Geste: „No,
1775 3021 2587 3084 betenen Galloschen (vom „Paprika=Schlesinger“
1540 3043 1724 3094 (Er meinte
900 3049 1483 3106 bringt's mir a recht Schw......
1771 3054 2587 3120 wie er ausdrücklich verlangte) auf seine
899 3092 1715 3153 ein obscönesh der Kerkermeister erwiederte:
1774 3103 2585 3166 Füße. In diesem Momente ertönte das Arme¬
896 3122 1717 3185 „Solche Bücher gibt's nicht bei uns!“ Um aber
1786 3145 2592 3212 ünderglockchen. Da lachte der Stoiker hell auf
904 3156 1725 3220 das Bedürfnis nach geistiger Nahrung zu befriedigen
1773 3197 1938 3252 und sang:
903 3214 1726 3264 und ihm so die letzten Stunden zu verschönern,
1895 3223 2392 3292 Bim! Bam! Galling läuten
905 3249 1721 3305 gab man ihm das jüngste Werk des ersten östeer
1900 3281 2149 3332 Galling läuten
895 3279 1727 3356 reichischen Dichters nach Grillparzer: Arthur
1895 3319 2106 3379 Bim! Bam!
906 3322 1724 3374 Schnitzler 's „Reigen“, das er mit offenbarer
901 3362 1724 3431 Erbauung las. Welch' ein Triumph für den
1777 3357 2320 3433 und gieng dann in die Melodie:
910 3398 1718 3454 Dichter, welch ein Zeugnis für den sieghaften
1887 3404 2455 3477 Das Drah'n, das is' mei' Leb'n!
911 3435 1718 3499 Genius! So mag vor grauen Zeiten Or¬
1772 3451 2601 3516 über, wobei er mit den Händen Hängebewe¬
907 3479 1723 3536 phens die wilden Tiere besäuftigt haben!
1783 3500 2604 3562 gungen um seinen Hals machte. Hier trat der
909 3518 1723 3577 Nein, es ist keine Fabel: Der wahre
2306 3540 2564 3595 Igelmeier.
1778 3547 2105 3617 Scharfrichter ein..
900 3558 1723 3627 große Geist zähmt Alles und Alle!! Um¬
