3336 4320
954 216 1354 308 box 18/1
278 211 773 311 1. Reigen
2992 938 3268 1026 Groß-Berlin
2985 1009 3267 1120 Nuswärts
142 1562 406 1702 300.
555 1714 1740 1814 Dertag Ullstein & Co., Berlin. Rehakt. u. Geschäftssteile: Bertin SW 68.
140 1719 473 1824 er Zeitung
1776 1762 2924 1837 Aureigen: Seile S Hlagk u. 70% Leuerungszuschl. Reklamezeile 20 Mark
557 1782 1734 1858 Kochstr. 22-26 (Ullsteinhaus). Manuskripte werden nur zurückgesandt,
1784 1811 2930 1876 und 70% Teuerungszuschl. Keine Verbindlichkeit für Aufnahme in
3041 1751 3300 1894 Freita
556 1822 1731 1887 wenn Rückporto beiliegt. Bezugspreis: 7.50 M. monatl. durch die Post.
130 1817 382 1909 Jahrgang.
1778 1847 2920 1916 bestimmts Nummer. Fernspr.=Zentr.: Uhlstein & Co. Morttplatz 11300—
555 1861 1738 1937 Einzel ge Nummer in Groß-Berlin 20 Pf., außerhalb 30 Pf., Streifband 5o pf.
1780 1885 2921 1954 11852. Telegramm - Adresse: Beret Berlin. Postscheck Berlin 660.
2955 1873 3285 1963 24. Dezember
127 2014 765 2242 nekt Jehrienbach.
2808 2119 3235 2289 Mr. Cormich
154 2227 557 2323 Fern von Berlin.
837 2129 2543 2348 Verschärfung der Regierungs¬
134 2290 781 2383 iger Zeit schon ist in politischen
2606 2246 3246 2410 Berliner Besprecht
140 2354 785 2425 das Kabinett Fehrenbach das Scherz¬
2655 2395 3311 2471 Der amerikanische Genator Meck
136 2413 785 2473 ett Fehrienbach“ gemünzt worden, da
2604 2446 3301 2511 der gestern sofort nach seiner Au
138 2452 789 2521 eder so gerne die Vertagung des
1093 2428 1504 2531 keise
1551 2448 2321 2565 Zeuneeich.
134 2493 789 2558 benützen, um möglichst vollzählig mit
2603 2497 3307 2561 Berlin au einem Essen in der amer
135 2537 775 2613 an der Spitze Berlin zu verlassen.
2601 2551 3302 2611 Mission teilgenommen hat, hatte dabei
138 2584 781 2659 st zurzeit nicht schön in Berlin, und
2607 2595 3300 2658 heit, mit einer ganzen Reihe führender
862 2585 1643 2690 Wachsende Schwierigkeiten des
1706 2595 2558 2690 Frankreich verdanke man den Sieg von Warschau.
193 2634 781 2695 jedem Menschen, sogar einem
2609 2644 3305 2714 Persönlichkeiten in persönliche Füh
1721 2672 2569 2736 Frankreich trage allein, wie zu Beginn des Krie¬
138 2676 772 2740 holung von den in der heutigen Zeit
1015 2667 1498 2761 Kabinetts Leugucs.
2608 2691 3299 2759 kommen. Außer den Mitgliedern der al
1715 2723 2560 2782 ges, die Kosten der Anstrengungen. Man müsse
143 2725 776 2790 chwierigen und aufreibenden Ge¬
2601 2736 3310 2812 schen Mission waren nur deutsche Herren
974 2742 1533 2827 Drahtung des Utd. Tel.
1725 2761 2559 2830 immer bedenken, daß 60 Millionen Deutsche und
153 2761 779 2830 glauben aber, daß es dem Gang der
2605 2791 3302 2850 darunter der Staatssekretär des Aus
1726 2800 2561 2873 80 Millionen Russen sich gegen den Osten nach
131 2806 776 2881 Reiches nicht zuträglich ist, wenn
1247 2793 1641 2874 Paris, 24. Dezember.
2604 2834 3300 2911 Auns, Herr von Haniel, der Staal
1726 2846 2564 2918 Indien und gegen den Westen noch dem Rhein
135 2857 770 2922 itglieder der Regierung gleichzeitig
876 2850 1671 2925 Die Lage des Ministeriums Leygues gestaltet
2607 2878 3290 2954 des Reichskanzlei, Dr. Albert, und
1717 2898 2562 2963 wenden könnten. Im Monat August hätten in
121 2908 777 2968 g zu Ferien benützen und gleich noch
824 2901 1675 2962 sich immer schwieriger. Die Rede des ehe¬
2608 2929 3287 3014 Größen der Finanz= und Handelswelt,
1717 2936 2560 3006 Ostpreußen 70000 Deutsche unter den verschie¬
135 2949 773 3016 Perktage dazufügen. Allein der
816 2960 1665 3023 maligen Kriegsministers Lefevre in der gestri¬
1725 2982 2565 3050 densten Bezeichnungen gestanden. Sie hätten
2603 2982 3310 3059 Warburg, Walter Rathenau und
121 2997 775 3061 Aler Dr. Heinze bleibt jetzt
817 3004 1666 3061 gen Kammersitzung hat gleichfalls dazu beigetra¬
1725 3028 2560 3090 Gewehr bei Fuß gestanden, um Polen in der
2597 3027 3308 3105 im ganzen etwa zwölf bis fünfzehn Herre
141 3038 776 3098 lur als der einzige Regent in Berlin.
817 3055 1664 3126 gen. Sie beunruhigte in ihrer pessimistischen
1717 3070 2551 3136 Flanke anzugreifen. (!) Im Jahre 1871 würde
2654 3078 3299 3145 Heute vormittag hat Me. Cormick,
135 3090 774 3142 enbach und Herr Wirth, der
815 3101 1661 3163 Tendenz die Mehrheit der Kammer heftig. Da
1724 3120 2554 3179 Bismarck nicht die Reden gestattet haben, die die
138 3124 777 3197 minister, sind in ihre badische Heimat
2604 3128 3310 3196 über die Verhältnisse in Deutschland un
812 3144 1659 3210 in gutunterrichteten Kreisen die Resultate der
1718 3161 2554 3235 deutschen Minister jüngst im Rheinland gehelten
144 3185 768 3247 Geßler, der Reichswehrminister,
2590 3189 3313 3251 will, in seiner Wohnung im Hotel Ablon
818 3193 1662 3259 Brüsseler Konferenz pessimistisch
1722 3204 1829 3271 haben.
127 3217 293 3283 n, usm.
2598 3224 3300 3296 wrechungen mit führenden Männern
815 3239 1660 3307 beurteilt werden und sich diese Neuigkeit gestern
132 3262 775 3345 nd jener von den Ministern, die
2604 3270 3310 3349 Wirtschaft fortgesetzt. Me. Cormick, ein
818 3292 1669 3351 in Kammerkreisen verbreitet hat, büßte jedoch die
1767 3279 2507 3385 Bildung einer neuen Mehrheit.
139 3318 766 3379 aub gegangen sind und die Betreu¬
2595 3321 3291 3400 licher und politischer Freund des neuen
815 3339 1668 3396 Rede Lefdvres sehr an aungenblicklichem Eindruck
136 3359 770 3435 mtes ihren Staatssokretären über¬
1891 3369 2375 3440 Drahtung der F. 8.
2602 3371 3306 3449 ten Harding, tritt in diesen Unterhe
819 3390 1655 3449 ein. Trotzdem erwartet man mit wirklicher Un¬
169 3407 767 3468 hat wohl noch schnell ein oder
2603 3419 3314 3489 durchaus als Privatmann auf und wi
816 3442 1659 3502 ruhe die Fortsetzung der Debatte über das letzte
2139 3426 2532 3511 Genf, 24. Dezember.
138 3454 771 3519 or den Feiertagen auch für dienst¬
2607 3469 3309 3547 Zurückhaltung insbesondere auch dadur
807 3483 1654 3547 Budgetzwölftel, die heute nachmittag stattfinden
1756 3476 2559 3561 Die nächste Folge der Ereignisse in der vor¬
140 3491 775 3563 ungen auf der Reise benützt, aber
2599 3518 3306 3586 tun, daß er jede öffentliche Aeußerung #
819 3535 1653 3588 soll. Vor allem soll der Ministerpräsi¬
162 3536 772 3615 nicht früher als in den ersten
1714 3538 2564 3606 gestrigen Kammersitzung wird voraussichtlich der
2602 3564 3301 3632 litik und schäfte vermeiden wird. De¬
805 3583 1653 3640 dent eine Rede halten, die sozusagen die Ant¬
144 3576 679 3638 in ihr Amt zurückzukehren.
1710 3590 2555 3653 Rücktritt des Ministeriume Ley¬
2591 3612 3301 3692 nachtsabend wird Me. Cormick im Kr
808 3625 1655 3684 wort auf die Rede Lefdvres derstellen und die
1704 3633 2557 3699 gues sein. Da es gegenüber dem Parlament
138 3638 765 3708 auch vielleicht in der inneren Po¬
2601 3665 3219 3733 amerikanischen Mission verbringen.
812 3675 1652 3728 Kammer über die Entwaffnung Deutsch¬
1711 3679 2549 3747 nicht mehr die nötige Autorität besitzt, kann es in
141 3687 774 3758 ine Feiertagspause eingetreten sein
814 3718 1226 3780 lands beruhigen soll.
155 3731 762 3804 doch zweifellos die auswärtige
1706 3727 2548 3803 der gegenwärtigen ernsten Lage die unbestrittene
863 3769 1665 3826 Die Londoner Rede Lloyd Georges hat,
155 3774 760 3841 ens an den beiden Weihnachts¬
1709 3780 2551 3844 Leitung der inneren und äußeren Politik des
138 3816 764 3882 st daher ein wenig verwunderlich,
813 3812 1653 3873 soweit dies möglich ist, die ministerielle Lage des
1700 3820 2548 3898 Landes nicht weiterführen. Da das Budgetjahr
142 3869 763 3933 minister Simons erst nach
2591 3772 3283 3939 Das Verboldes „Rei
806 3872 1653 3933 Kabinetts Leygues noch mehr geschwächt. Lloyd
1710 3876 2551 3948 in Frankreich am 31. Dezember endigt, und das
147 3905 761 3971 uar wieder die Amtsgeschäfte in
814 3917 1664 3974 George hat sich klar und deutlich für die
1705 3924 2550 3991 Budget für 1921 noch in der Kommission steckt,
2971 3919 3076 4018 Von
143 3957 763 4019 ge übernehmen will, und bis dahin
808 3966 1659 4036 Gültigkeit des Vertrages von
1707 3970 2551 4049 so würde eine Kabinettskrise die recht¬
148 4003 760 4064 gt. Es wäre, so möchten wir glau¬
2750 3983 3284 4078 Justizrat Jul. Lubszynsti.
810 4017 1656 4081 Sevres ausgesprochen. Die Abendzeitungen,
1712 4020 2546 4083 zeitige Einigung der Kammer und des Senats
167 4033 305 4092 ihn —
303 4047 761 4108 nebenbei auch für Herrn
815 4076 1661 4141 z. B. der „Temps“ erörtern mit Schärfe diese
2653 4053 3317 4146 Das Verbot des „Reigens“ ist nicht
1703 4072 2543 4139 über das provisorische Steuerzwölftel für Januar
143 4076 761 4154 natürlich und interessant, sich pri¬
2606 4093 3329 4176 Polizei, sondern vom Gericht, und auch
805 4118 1655 4180 Rede Lloyd Georges. Das Journal des Debats,
1706 4130 2542 4190 und Februar fast unmöglich machen; andererseits
172 4125 758 4201 mit dem Senator Mc. Cormick
2596 4164 3313 4220 vom Strafgericht, sondern vom Zivil ger
147 4168 229 4220 lten,
1708 4169 2542 4218 haben die Parteien selbst ein Interesse daran, sich
816 4171 1648 4223 die Liberté und der Intransigeant stellen das
280 4171 713 4232 der gerade jetzt
704 4184 755 4230 in
2594 4200 2690 4255 M
165 4202 347 4254 R
