3532 4224
1105 162 1512 250 box 18/3
582 177 914 268 Reigen
1546 1018 1594 1073 F
696 980 1489 1123 Die Beratungen über den
1546 1110 1592 1164 1:
903 1098 1284 1195 Preisabbau.
730 1158 1530 1245 Die für den 15. Jänner angekündigte
666 1220 1522 1299 Preisabbaukommission ist bereits zu¬
666 1273 1541 1346 sammengetreten. Sie wird saus mehreren
666 1317 1539 1399 Ministern, Sachverständigen und Beratern
668 1359 1545 1440 gebildet, vom Nationalrat wurde Nationalrat
668 1411 1539 1485 Zelenka in diese Kommission entsendet, nach¬
673 1451 1543 1532 dem Tomschik den Eintritt abgelehnt hatte.
667 1498 1537 1583 In dieser ministeriellen Kommission werden
673 1546 1544 1627 zunächst mit möglichster Beschleunigung die
625 1578 661 1628 2
685 1604 1546 1665 alten Vorschläge durchberaten und neue er¬
614 1625 649 1677 1
673 1651 1132 1727 stattet worden##s ben##l
1525 1788 1560 1856 D
512 1823 1678 1904 L. v. Trena=ulrici, ernteten nach jedem Akt-herzlichen
507 1897 664 1965 Beifall.
598 1920 1692 1980 Der Reigen Zehn Dialoge von Arthür Schnitzler Erstauf¬
526 1972 1691 2022 führung im Münchener Schagsptelhaus“ Bei der
529 2014 1677 2060 Eysoldt in Beklin Hab es einen Skandal, bei der Hermine
522 2049 1686 2102 Körner in München blieb es ruhig. + Liest man die Dialoge im
529 2082 1693 2142 stillen Kämmerkein so muß man sagen, gar munter tanzt der
531 2125 1691 2184 Fann in den Straßen und äusern Wiens. Wie ein Salto
525 2168 1684 2218 mortale, wie ess Wed#kind mäsichmal beliebt, in den Entenweiher
531 2209 1690 2261 schmutziger Banglitäten.— Anders aber wird das Ding im
526 2235 1702 2299 Rampenlicht. Man sieht den Faun, und ist verstimmt. Er trägt
534 2271 1684 2339 Haare und riechtenach Schweiß. Die Verschlingung der Kreisenden
523 2318 1688 2381 löst sich in den langen Pausen szenischer Umstellung auf. Mit
535 2361 1692 2417 Drehbühne wäre der Menschenleiberkranz heil zu präsentieren:
530 2391 1693 2462 Dirne und Soldat, Soldat und Stubenmädchen, Stubenmädchen
541 2434 1695 2494 und junger Herr, junger Herr und junge Frau, junge Frau und
537 2469 1692 2534 Ehegatte, Ehegatte und süßes Mädel, süßes Mädchen und Dichter,
542 2511 1700 2575 Dichter und Schauspielerin, Schauspielerin und Graf. Graf und
538 2559 1693 2615 Dirne. So schwingt der Reigen weiter im Parkett, in Wien, Mün¬
534 2590 1692 2652 chen u. überall, wo diese kuriosen Tierchen sind. Eine Repetitio ad
534 2632 1697 2692 infinitum! Zehnmal gipfelt das Spiel in einem Akt, dessen einst
534 2670 1694 2737 heilige Majestät beim zivilisierten Europäer zur putzigen
547 2706 1703 2773 Komödie schrumpfte, und jedesmal wirft die Körner ein Tuch,
547 2746 1700 2809 über ein quiekendes Pärchen. D. h. sie dunkelt ab. Ja, das
543 2788 1708 2850 Mysterium der Liebe ist heute entweiht und vor der Sonne ein
539 2829 1703 2886 Ekel. Darum laßt die Tierchen, um Himmels willen, in ihrem
539 2862 1701 2937 Mauseloch. Was gehen uns die an! Es gibt mehr. — Entweder
548 2905 1708 2970 ganz oder gar nicht „wienern!" Die Halbheit: Wien und sonstige
549 2941 1705 3010 Deutsche fiel unangenehm auf. Die Leistungen von Ewis Bork¬
551 2978 1710 3045 mann als Dirne, Götz als jungen Herrn und Karla Holm als
555 3016 1707 3094 Schauspielerin waren gut. Der Graf des Herrn Günther hätte
555 3064 1709 3128 entschieden mehr auf das Nonchalante herausgestrichen werden
547 3119 691 3188 müssen.
800 3096 1673 3264 Antenet erschrelung Karisereun
1205 3252 1691 3354 A- FEERUEF 1921
2114 143 2965 200 * Ein Theaterskandal größeren Umsangs ent¬
2079 171 2963 247 wickelte sich im Schauspielhaus gelegentlich der
2088 210 2957 279 Samstag=Vorstellung von Schnitzlers Reigen“
2081 233 2961 319 Am Schluß des 3. Bildes (das Dienstmädchen
2082 301 2958 358 und der junge Herr) entfesselte eine Frauen¬
2096 332 2970 398 stimme vom oberen Rang einen offenbar vor¬
2099 371 2966 435 Fereiteten Protest. Die Gegenkundgebung setzte
2092 407 2965 478 sofort ein und forderte schärfste Replik heraus.
2091 446 2971 514 Lange dauerte das Kreuzfeuer im vollbesetzten
2570 482 2970 552 Schluß! ... Hinaus!
2090 496 2548 581 Sgal: Schweinereil
2669 520 2979 574 usw. Der Kon¬
2183 529 2658 591 Kinder, nach Hausel ...
2084 565 2977 627 Mift verschärfte uund konsentrierte sich in aele
2082 664 2967 710 nen Gruppen, die fast handgreiflich wurden, vor
2086 702 2955 746 allem draußen im Wandelgang. Ein Segen von
2083 735 2958 787 faulen Eiern und Stinkbomben unterstützte die
2082 787 2964 826 Offensive durch einen Ueberfall auf den Geruch¬
2091 819 2957 865 sinn. Es gab dabei auch verdorbene Kleider.
2083 854 2965 899 Und das ist doch schließlich keine besonders hoch¬
2091 890 2963 943 stehende Art des sittlichen Protestes, zumal un¬
2087 929 2956 979 ter gebildeten Menschen. Die Verwendung sol¬
2081 974 2966 1022 cher Waffen beweist auch, daß der Sturm orga¬
2085 1013 2957 1058 nisiert war, denn Stinkbomben pflegen arglose
2078 1048 2958 1100 Leute nicht ständig bei sich zu führen. Leider
2090 1088 2959 1134 auch keine Gasmasken. Vorsichtige Damen hüll¬
2083 1129 2971 1176 ten ihre Abendtoiletten in den schützenden Man¬
2089 1165 2957 1213 tel und besonders erwartungsvolle hielten den
2082 1203 2969 1252 Regenschirm parat. Auf die verdunkelte Bühne
2092 1252 2964 1297 trat inzwischen zweimal der Vertreter der Di¬
2082 1288 2955 1330 rektion, zuerst, um mit bebender Stimme die
2076 1325 2968 1376 Ruhestörer hinauszuweisen; später, um bekannt
2081 1372 2966 1413 zu geben, daß die Vorstellung abgebrochen wer¬
2082 1398 2962 1447 den müßte, ohne daß die Direktion für den Scha¬
2083 1441 2961 1489 den aufkommen könne. Längere Zeit hatte ein
2083 1487 2969 1533 einziger Schutzmann sich bemüht. Ruhe zu schaf¬
2086 1515 2963 1575 fen und Schlägereien zu verhindern. Die fried¬
2089 1558 2967 1610 fertigeren Zuhörer verließen scharenweise das
2083 1596 2958 1646 Dheater. Geduldigere warteten unschlüssig auf
2085 1640 2958 1684 eine Weiterführung der Vorstellung. Doch er¬
2086 1681 2970 1728 schien schließlich ein starkes Polizeiaufgebot und
2076 1719 2427 1777 räumte das Haus.
2120 1743 2957 1807 Im Anschluß an diese Vorkommnisse hielt zu
2080 1791 2955 1839 Beginn der Sonntags=Vorstellung im Schau¬
2093 1831 2969 1876 spielhause Herr Regisseur Nebelthau eine An¬
2084 1877 2956 1917 sprache an das Publikum, in der er mitteilte
2094 1910 2951 1959 daß die weiteren Aufführungen des „Reigen“
2084 1944 2965 1993 polizeilich verboten worden seien, daß aber die
2086 1991 2959 2035 Direktion mit allen ihr zur Verfügung stebenden
2835 2024 2959 2076 Daran
2080 2028 2801 2072 Mitteln Einspruch erheben werde.
2080 2050 2958 2114 knüpfte Herr Nebelthau einige moralische Kom¬
2084 2098 2958 2155 mentare, die man leider ebensowenig als „Kul¬
2080 2139 2964 2190 turtat“ ansprechen kann, als den Radau des
2872 2178 2932 2233 P.
2072 2179 2308 2245 Vorabends.
2466 2336 3003 2413 Sfandal in München.
2204 2391 3247 2456 Die weiteren Aufführungen des „Reigen“ verboten.
2213 2452 3325 2508 „Aus München, 6. d., wird uns telegraphiert: Bei der
2136 2496 3309 2553 heutigen Wiederholung von Schnitzlers „Reigen“ im Schau¬
2140 2548 3313 2601 shielhaus kam es zu einem' unerhörten Skandal. Nach
2139 2594 3315 2653 dem dritten Bilde riefdei Verdunklung der Bühne eine Dame
2140 2640 3325 2688 im ersten Rang lüt in Publikum: „Das ist eine
2653 2679 3321 2751 s wagt man deutschen
2147 2685 2605 2738 Schweinereikvso
2662 2713 3323 2784 Dies war offenbar das Signal zu
2131 2722 2628 2798 Frauen zuzumuten!
2147 2769 3330 2839 einem längst vorbereiteten Skandal. Rufe wie: Saustall!
2138 2815 3320 2863 Gemeinheit! Unverschämtheit! Frechbeit! durchschwierten den
2141 2856 3319 2927 Raum; auf mitgebrachte Trillerpfeifen brach ein ohren¬
2133 2915 2619 2978 zerreißender Lärm los. ##
2230 2957 3311 3021 Das gesamte Puolikum geriet in eine furchtbare Er¬
3232 3000 3307 3062 vol
2141 2991 3219 3062 regung, die in ein wüstes Toben ausartete, als plötzlich
2137 3058 3313 3117 ersten Rang Stirkbomben auf die Bühne ge¬
2139 3094 2622 3156 schleudert wurden.
2227 3131 3323 3197 Der eiserne Verhang mußte fallen und das Publikum ver¬
2144 3192 2419 3251 ließ das Haus.
2237 3211 3309 3290 Auf Grund ader planmäßig inszenierten Sprengung der
2147 3280 3314 3335 „Reigen“=Vorste#ng im Schauspielhaus hat Polizeipräsident
2137 3329 3309 3379 Pöhner die ##tere Aufführung des Stückes verboten. In
2138 3378 3317 3427 der Begründung des Verbotes heißt es sehr charakteristisch:
2138 3414 3319 3476 „Obwohl die ersten neun Aufführungen des „Reigen“ ruhig
2140 3464 3308 3521 verliefen, ist erfahrungsgemäß nach der ersten Störung mit
2147 3507 3316 3569 Sicherhei##u erwarten, daß auch die weiteren Aufführungen
2142 3558 3315 3612 tumultuarisch verlaufen werden. Die Poltzeidirektion ist ohne
2135 3600 3307 3658 Vernachlässigung wichtiger Aufgaben nicht in der Lage, der
2148 3636 3315 3712 Leitung des Schauspielhauses dauernd ein so großes Polizei¬
2138 3683 3313 3751 aufgebot zur Verfügung zu stellen, um die ruhige Aufführung
2147 3747 3320 3798 des Stückes zu gewährleisten, das jedem gesunden
2142 3773 3324 3841 Volksempfinden Hohn spricht (!) und daher mit
2145 3824 3316 3891 Recht in weiten Kreisen der Bevölkerung Anstoß erregt (!).
2146 3879 3309 3933 Um größeres Unheil zu verhüten, mußten deshalb weitere
2144 3917 3306 3985 Aufführungen auf Grund des Artikels 182 verboten werden.“
2231 4003 3232 4087 Eine Wichn=k fk immanG. IMYAAL 10.
