3392 4416
606 217 811 320 igen
1010 213 1432 300 box 17/6
912 681 1311 781 Seue 2 — Nr. 37
877 843 1939 909 und zwar hat die Sechste Zivilkammer des Berliner
873 903 1903 959 Landgerichtes III folgende Entscheidung gefällt:
962 950 1949 1023 „Schnitzerls Duch besteht aus zehn Bildern.
878 1017 1945 1076 Kühne Sätze zergliedern alle Tiefen der geistigen
1774 1064 1950 1126 „Teils
881 1066 1775 1119 Verfassung und des Empfindungslebens.
877 1113 1942 1182 derb, selbst roh, platt und gemein, teils zart und
889 1164 1950 1221 empfindsam, teils launig, neckisch, keck, prickelnd,
887 1214 1942 1281 lüstern, ausgelassen und verführerisch in der Aus¬
891 1269 1954 1324 malung, erfährt der sich immer gleichbleibende Ge¬
884 1316 1951 1382 genstand zehn untereinander verschiedenste Ab¬
879 1362 1943 1431 wandlungen. Im fünften Bilde wird der Ehebruch
888 1413 1950 1479 an sich ausführlich besprochen. Aus diesen Erwä¬
884 1462 1943 1531 gungen erweckte das Buch den Eindruck, daß seine
883 1519 1950 1580 Aufführung das sittliche Empfinden erheblich ver¬
883 1581 1950 1635 letzen und dadurch berechtigten Anstoß erregen
885 1627 1093 1700 müsse.“
955 1649 1940 1745 So der Inhalt, so die Tendenz des „Reigen“.
880 1724 1950 1790 Der Wiener Polizeidirekkor Schober hat dem Bür¬
884 1770 1948 1851 germeister von Wien, dem Sozialdemokraten Reu¬
889 1830 1933 1905 mann, nahegslegt, die Aufführung des „Reigen“
886 1886 1951 1945 zu verbieten. Man hätte glauben können, daß der
883 1933 1945 1992 Bürgermeister von Wien, der Sozialdemokrat Reu¬
880 1988 1949 2041 mann, hiefür Verständnis gehabt hätte. Aber bei
881 2031 1946 2095 der Auffassung, welche diesbezüglich in sozialdemo¬
882 2085 1941 2145 kratischen Kreisen gebräuchlich ist, wies Reumann
879 2138 1948 2196 als Landeshauptmann des Landes Wien das An¬
882 2186 1949 2247 suchen des Polizeipräsidenten scharf ab. Nun hat
882 2245 1946 2295 die Regierung eingegriffen und im Kabinettsrate
888 2284 1934 2354 einstimmig beschlossen, die Aufführung des „Rei¬
891 2352 1941 2404 gen“ zu untersegen. Wegen dieses Verbotes der
879 2377 1934 2445 Regierung haben die Sozialdemokraten am 11. Fe¬
880 2442 1941 2508 ber im Nationalrate eine Dringlichkeitsanfrage ein¬
884 2490 1945 2554 gebracht, bei deren Beantwortung durch Bundes¬
872 2544 1944 2599 minister Dr. Glanz es zu unerhörten Skandal¬
872 2586 1944 2648 szenen gekommen ist, weil er der Meinung Ausdruck
874 2635 1940 2719 gegeben hat, daß alle anständigen Leute diesbezüg¬
868 2696 1940 2746 lich einer Ansicht seien. Sozialdemokraten und Ab¬
877 2744 1942 2805 geordnete stürzten gegen die Ministerbank und es
879 2789 1934 2851 hatte zeitweise den Anschein, als ob es zu Tätlichkei¬
884 2837 1940 2905 ten kommen sollte. Über die kulturelle und ästhe¬
865 2886 1937 2963 tische Seite wollten eid Sozialdemoraten, „wie sie
880 2945 1933 3010 sagten“, kein Urteil abgeben, sondern nur den Mini¬
882 2997 1939 3066 ster Glanz deswegen zur Verantwortung ziehen, weil
881 3044 1936 3102 er einen Erlaß hinausgegeben hätte, wozu ihm die
875 3086 1286 3164 Berechtigung fehlte.
938 3138 1934 3222 Wie von informierter Seite mitgeteilt wird,
880 3190 1934 3267 steht die Regierung auf dem Standpunkte, daß das
878 3260 1926 3317 Vorgehen des Bundesministers Dr. Glanz in An¬
878 3300 1943 3378 gelegenheit des Verbotes der „Reigen“=Aufführung
877 3366 1737 3420 verfassungsmäßig vollkommen korrekt sei.
951 3390 1943 3479 Dieselbe Angelegenheit die „Reigen“=Auf¬
870 3454 1941 3530 führung — ist auch im Wiener Landtage zur
871 3517 1931 3581 Sprache gekommen, wo die Gemeinderätin Dr.
874 3554 1935 3636 Seitz=Motzko erklärte: „Wir Frauen von Wien be¬
873 3618 1935 3674 grüßen es von ganzem Herzen, daß die Regierung
882 3664 1934 3734 den Mut gehabt hat, diesem Skandal Einhalt zu
869 3710 1932 3772 bieten und wir verlangen vom Landeshauptmann,
871 3765 1927 3825 daß er sein Verhalten hier rechtfertige. (Fortgesetzte
871 3815 1911 3873 stürmische Zwischenrufe der Sozialdemokraten.
872 3871 1931 3932 Der Landeshauptmann wird sich hier rechtfertigen
865 3914 1937 3980 müssen, wie er dazugekommen ist, dem ganzen Volke
870 3963 1927 4019 von Wien Trotz zu bieten. Hüten Sie sich und spie¬
865 4014 1926 4074 len Sie nicht mit dem Außersten. Es gibt eine Ge¬
861 4052 1765 4143 walt, die sich stärker erweisen wird als Sie.
938 4109 1935 4194 Als in der Wechselrede der Landeshauptmann
858 4173 1925 4232 Reumann erklärte, daß kein Skandal der Welt ihn
1966 3155 2031 3232 9
1990 3204 2028 3272 9
1979 3274 2022 3332 d
1976 3326 2020 3380 9
1980 2901 2026 2969 k
2152 674 2877 777 „Kärntner Tagblatt“
2002 816 3049 925 mann Reumann die Klage beim Verfassungsge¬
1997 897 2425 964 richtshof einbringen.
2203 982 2643 1084 at
