3336 4416
202 333 545 403 Wien, Samstag
115 418 754 497 n, die sich auf niederen Stufen der
108 476 743 527 natürlichen Gefühlen entsprechend
115 518 744 576 n umgeben wird. Die Vorgänge
103 564 746 616 enden Stückes bilden, sind in dieser
107 606 746 658 ger Art. Die deutsche Kultur
118 647 758 693 iß keinen Schaden leiden,
106 681 743 735 her Vorgänge auf offener Bühne
112 723 746 779 eifall und Händeklatschen bei den
109 761 741 840 genrufe bei den Sozialdemokraten
103 822 752 897 handelt sich um eine Ver¬
102 892 752 949 as Sie sagen, hat mit der Ver¬
132 925 631 985 (Fortgesetzte Zwischenrufe.)
111 965 750 1026 lanz: Ich glaube auch nicht, daß
107 1001 743 1067 er Bevölkerung, die einen schweren
115 1049 746 1101 Verlust betrachten werden, wenn
112 1098 755 1155 er Genießer — die Berichte
108 1140 754 1187 und das Verhalten des Publikums
110 1182 751 1238 ßt an dieser Charakteristik keinen
99 1222 748 1290 lichen Empfinden und dem Ernst
102 1261 553 1337 rgnügen entzogen wird.
180 1304 650 1358 (Sozialdemokrat): Das
700 1283 751 1359 ist
157 1336 745 1413 Gegenrufe bei den Christlich¬
99 1388 210 1443 #rm.)
102 1404 533 1486 lanz: Die Regierung
539 1424 743 1488 glaubt, sich
104 1468 576 1522 er öffentlichen Meinung
585 1472 746 1522 in Wien
102 1517 490 1569 Uebereinstimmung
575 1507 745 1562 befinden.
517 1519 564 1567 zu
108 1557 740 1606 eAuffassung auch die Billigung
107 1591 329 1657 pischenrufe.)
113 1645 527 1741 Seite der Frage.
110 1725 746 1782 rage betrifft, handelt es sich um
115 1773 748 1817 Magistrats den Verhältnissen, wie
139 1812 744 1871 „Reigen“ gestaltet haben, nicht
158 1849 739 1905 war es nach den geltenden
118 1884 752 1955 elche die Theaterangelegenheiten
112 1940 751 1988 isteriums des Innern zuweisen,
114 1978 745 2024 flicht, die weiteren Auf¬
111 2023 753 2069 ngen. Wenn nun von seiten des
187 2057 752 2116 Recht zur Aufsicht in seiner
173 2102 743 2152 te ich demgegenüber nur kurz
129 2139 746 2201 Recht, in dem ich übrigens vor
116 2178 748 2239 schon in dem Verhältnis der
111 2220 760 2279 en Behörden an sich be¬
116 2269 751 2318 enschaft und Praxis niemals be¬
113 2306 753 2363 insern obersten Gerichtshöfen stets
101 2349 754 2406 Daß es auch in unsre neue Ver¬
103 2392 745 2449 wie die Artikel 103 und 142 aus¬
113 2431 750 2490 echt der Aufsicht entspricht
107 2477 759 2521 ungzer Durchführung der
108 2510 755 2578 ungen Auch diese Verpflichtung
161 2562 751 2603 und kommt auch in der neuen
109 2600 755 2657 ie Regierung wird in analogen
129 2642 741 2687 handeln, mögen sie welche
126 2687 746 2741 (Lachen und Widerspruch bei den
109 2725 747 2797 esetzte lärmende Zwischenrufe des
181 2780 745 2861 chner: Herr Abgeordneter
212 2852 746 2922 rdnung wegen fortgesetzter
95 2887 251 2941 nrufe.)
42 2907 747 2984 lanz: Auf die gegen mich ver¬
95 2979 747 3032 ggen will ich nicht näher eingehen.
110 3014 747 3069 über mein Wirken getrost
103 3054 759 3111 mkenden Menschen über¬
117 3093 750 3147 Stürmischer Beifall und Hände¬
101 3136 749 3193 dzialen. — Fortgesetzte lärmende
112 3177 756 3226 demokraten.) Ich kann nur betonen,
116 3217 754 3266 #gen sie von wo immer
116 3259 749 3332 weit von dem, was ich als Pflicht
109 3298 383 3364 imstande sind.
470 3361 708 3440 auf die
239 3358 333 3438 er
171 3428 589 3520 — Prügeleien.
116 3495 761 3567 Bundesministers gehen in dem
95 3557 754 3611 die Bemerkung hervorruft, er über¬
101 3601 755 3664 rken jedem anständig denken¬
90 3642 753 3717 r Ministerbank zunächst stehenden
103 3694 753 3775 Aeußerung, die als eine Heraus¬
131 3867 762 3951 Monat!“ „Wie viel werden die
103 3925 719 3984 ch weiter. — „Wos koste, koste ...!“
109 3972 749 4028 Sie scherzen, schalkhafter Meister
102 4021 747 4081 n wissen, was der Macherlohn be¬
111 4069 743 4131 .. betragen ... betragen wird...
109 4114 759 4164 es war im Jänner. Anfang März,
111 4162 753 4217 ich wieder. Auch Ende März. Auch
569 4203 688 4237 PEi
167 4206 278 4259 be
1102 337 1629 408 Neues Wiener Taghlatt.
2125 335 2504 407 12 Februar 1921.
782 431 1939 504 sorderung und Beleidigung der ganzen Partei aufgefaßt wird,
1963 440 3128 504 zu schwach, um eine Regierung von Angestellten oder ger
1972 489 3127 547 Söldlingen zu ertragen. (Lebhafte Zwischenrufe bei den
790 490 1932 540 aut schreiend weiter, und im Nu stehen die rad kalen Elemente
1970 523 3120 575 Christlichsozialen. Ruse: Unerhört! Sie sprechen von Söld¬
778 535 1940 598 der Linken Dr Glanz gegenüber, der sich nach Beendigung seiner
1974 570 3126 618 ingen?) Das ist der eigentliche Fehler. Wenn die Mehrheit
787 579 1930 636 Rede niedergesetzt hat und nun ohne jede Erwiderung den
1966 614 3128 666 des Hauses den Mut gehabt hätte, selbst zu regieren, so hätten
784 629 1936 678 ganzen Sturm über sich ergehen läßt. Die Abgeordneten
1964 655 3128 710 sie gewiß das notwendige Verständnis und den notwendigen
782 675 1931 738 Zelenka, Witternigg und später Widholz drängen
1974 698 3115 746 olitischen Takt gehabt, der in der Entscheidung dieser Frage
788 723 1937 772 ich in die erste Reibe vor, gehen mit erhobenen Fäusten gegen
1958 743 3122 792 notwendig ist. (Zwischenrufe bei den Christlichsozialen.) Das
787 768 1934 828 die Ministerbank los und schlagen drohend auf das Pult los
1969 779 3128 835 kann man natürlich ein m jungen, strebsamen Mann, der einige
777 814 1935 867 unter den Rufen: „Wer ist ein unanständiger Mensch, Sie
1966 821 3121 883 Jahre in Präsidialbureaux gedient hat und dann plötzlich auf
778 854 1934 910 Lakaienfeele? Hinaus mit Ihnen!“ Sie wiederholen diese Rufe
1966 871 3122 923 einen solchen Posten berufen wurde, nicht zumuten. (Zwischen¬
783 909 1930 956 ununterbrochen und trommeln dabei mit aller Kraft auf das
1958 909 3115 962 rufe bei den Christlichsozialen.) Wenn es zum Beispiel richtig
1973 944 3114 999 st, daß sich Herr Dr. Glanz erkühnt hat, zu sagen, er überlasse
788 954 1927 1007 Pult los. Man versucht, sie zurückzuziehen, aber vergeblich, und
1969 996 3109 1041 das Urteil das von einer großen Partei des Hauses be¬
777 997 1939 1057 die Situation sieht einige Augenblicke hier für Dr. Glanz be¬
1961 1034 3119 1087 anständet wurde, jedem anständigen Menschen, so ist das eine
775 1036 1010 1108 drohlich aus.
1969 1076 3120 1122 edeweise, die ungehörig ist. Einen großen Teil der Aus¬
866 1081 1927 1144 Er erhält indessen von der rechten Seite Sukkurs, von we
1963 1117 2967 1166 führungen des Ministers hat die Darstellung
2974 1120 3116 1173 seiner
775 1120 1940 1190 einige christlichsoziale Agrarier sich den Weg zum Platze des
1960 1160 3123 1206 ästhetischen Auffassungen über irgendein Schauspiel
784 1179 1930 1241 Bundesministers Dr. Glanz bahnen wollen. Durch dieses
1959 1200 3117 1252 eingenommen, daß jetzt in Wien aufgeführt wird. Die ästheti¬
780 1226 1940 1295 Drängen kommt der vor der Ministerbank zusammengedrängte
1966 1243 3119 1300 schen Auffassungen des Dr. Glanz interessieren uns gar nicht.
777 1278 1929 1335 Menschenknäuel in Bewegung, und es entsteht im Zentrum des
1962 1282 3115 1349 er hat aber eingestanden, daß die Gestattun der Aufführung
776 1322 1933 1384 Hemizykles eine Keilerei, die infolge des Eingreifens der Ordner
1968 1336 3110 1385 auf Grund des Beschlusses des Zensurbeines, also der amt¬
1966 1370 3113 1425 lich berufenen Stelle, erfolgt ist. Der Land shauptmann von
778 1376 1930 1434 zuerst noch wuster wird. Es regnet Püffe und Stöße von allen
1959 1410 3111 1462 Wien hat sich bei seiner Entscheidung einfal auf die von der
786 1416 1933 1469 Seiten, und erst die Intervention des Abg. Fink, der sich mit
1963 1450 3115 1505 zuständigen Stelle bekundete Auffassung gestützt. Ich wünsche
776 1464 1930 1519 Riesenkraft den Weg in die Mitte der Raufenden bahnt, er¬
1962 1499 3120 1547 nicht einmal anzudeuten, wie ich über die Aufführung denke.
778 1513 1930 1565 möglicht es, die Streitteile auseinander zu reißen. Dabei erhält
1969 1537 3116 1589 Wir kümmern uns auch nicht darum, welches Publikum das
778 1557 1928 1609 der gewesene Bundeshauptmann Sever, der seine Partei¬
1968 1580 3112 1627 Stück anhört. Wenn hier immer von der bedrohten Sittlichkeit
773 1604 1930 1656 genossen zu beruhigen versucht, von dem Christlichsozialen
1968 1624 3121 1679 gesprochen wird, die Sittlichkeit der Wiener Arbeiter wird durch
777 1651 1930 1711 Pirchitz einen Stoß ins Gesicht. Aber auch die andern Ab¬
1956 1666 3113 1713 die Aufführung des „Reigen“ nicht verletzt (Zustimmung bei
781 1701 1930 1759 geordneten teilen Püffe aus und empfangen Stöße von allen
1962 1706 3120 1771 den Sozialdemokraten), weil die Arbeiter nicht hingehen. Und
779 1748 1930 1805 Seiten, bis es gelingt, die Ruhe wenigstens halbwegs wieder¬
1967 1755 3116 1808 per sonst immer für seine Sittlichkeit fürchtet, hat ja die Freiheit,
1968 1791 3127 1851 in dem Theater vorüberzugehen. Um was es sich handelt, ist
773 1789 1930 1855 herzustellen. Unterdessen sind die Abgeordneten Witternigg
1965 1832 3125 1893 die politische Frage, die Frage der Verfassungs¬
774 1838 1924 1896 und Polzer zur Ordnung gerufen worden, haben aber dessen¬
1959 1878 3113 1934 mäßigkeit diees Erlasses des Dr. Glanz. Es ist eine alte
778 1884 1880 1938 ungeachtet ihre Kundgebungen gegen Dr. Glanz fortgesetzt.
1961 1915 3123 1977 Taktik der christlichsozialen Partei, in kleinen, untergeordneten
870 1933 1939 1989 Endlich vermag sich Präsident Dr. Weiskirchner
1961 1955 3127 2016 Fragen zunächst kleine verfassungswibrige Vorent¬
787 1978 1939 2036 Gehör zu verschaffen und sagt: Ich muß über diese unqualifi¬
1963 2015 3123 2061 scheidungen zu treffen, um sich dann bei wichtigen Anlässen
781 2027 1930 2080 zierbaren Vorgänge mein tiefstes Bedauern ausdrücken. (Bei¬
1963 2045 3123 2094 auf ein Präjudiz berufen zu können. Wir wissen, daß Sie
783 2072 1929 2123 fall. — Ahaltende Zwischenrufe und Lärm.) Durch solche Vor¬
1967 2085 3132 2146 die Absicht haben, in den Ländern, in denen Sie die Majorität
773 2121 1932 2190 gänge wird die Würde des Hauses aufs tiefste geschädigt. (Bei¬
1966 2128 3121 2179 haben, den Landeshauptmann zu einem selbstherr¬
775 2165 1640 2226 fall: — Zwischenrufe und anhaltende Unruhe.)
1961 2172 3122 2225 lichen Gebieter zu machen, gleichzeitig aber dort, wo ein
1967 2208 3122 2268 Sozialdemokrat als Landeshauptmann wirkt, ihm gegenüber
1963 2257 3125 2302 die sogenannte Staatsautorität geltend zu machen.
1174 2235 1526 2327 Die Debatte.
1966 2297 3121 2347 Dieser Politik werden wir den entschiedensten Wider¬
861 2308 1943 2367 Abg. Volker (christlichsozial) benerkt, daß aus einem
1965 2340 3127 2395 stand entgegensetzen. Wenn es uns au) gar nicht sympathisch
771 2365 1929 2410 Theaterstück mit einem Male eine Verfassungsfrage geworden
1964 2378 3127 2430 st, daß wir einen so untergeordneten Anlaß wie eine Theater¬
779 2405 1931 2459 sei. Die Art. in der Abg. Leuthner den Minister angegriffen
1956 2422 3119 2473 aufführung benützen müssen, um dieses Streben gleich im Keim
785 2451 1933 2500 habe, zeige, daß die Sozialdemokraten keine Achtung vor der
1959 2470 3121 2516 zu ersticken, so tun wir es dennoch pflichtgemäß. Es darf kein
777 2491 1936 2541 Verfassung haben. (Widerspruch.) Wer einem Minister sagt, er
1969 2508 3129 2556 Schritt bieser Regierung erfolgen, der die in
780 2534 1937 2583 sei ein Bedienter, und nicht weiß, daß er ein Diener des Volkes
1967 2546 3126 2608 der Verfassung gewährleisteten Rechte des
775 2580 1936 2640 ist, der hat eben keine Achtung vor der Verfassung. Es handle
1959 2593 3126 2651 Landes Wien auch nur im geringsten tangiert.
788 2620 1929 2668 ich nicht um einen Kompetenzkonflikt, sondern darum, daß das
1961 2635 3119 2689 (Lebhafter Beifall und Händeklatschen bei den Sozial¬
784 2665 1923 2717 Sittlichkeitsgefühl der Bevölkerung durch die Aufführung des
1962 2668 3118 2735 demokraten.) Sie werden bei der Mehrheit der Bevölkerung
784 2707 1930 2759 Reigen“ verletzt wird, und wenn Landeshauptmann Reu¬
1960 2708 3113 2776 von Wien, im Landtage von Wien und bei der Landesregierung
777 2750 1932 2798 mann die Sistierung nicht verfügt hat, so sei die Regierung
1963 2761 3115 2808 von Wien gegenüber jedem solchen Versuche einem Wider¬
781 2799 1929 2844 verpflichtet, einzuschreiten. Sie wollen die ganze Frage auf das
1972 2792 3124 2858 tand begegnen, der eisern ist und den Sie nicht werden
775 2835 1931 2885 Verfassungsgeleise lenken. Wir stehen auf dem Standpunkt, in
1972 2838 3127 2892 iberwinden können. (Erneuerter lebhafter Beifall und
784 2877 1930 2926 dieser Zeit müsse die Sittlichkeit gewahrt werden. Ihre Arbeiter¬
1964 2885 3123 2939 Händeklatschen bei den Sozialdemokraten.) Und wern Sie etwa
788 2926 1939 2975 rauen werden gewiß nicht zum „Reigen“ gehen. Wer geht denn
1962 2933 3122 2984 hoffen sollten, den Widerstand Wiens gegen Verfassungsbrüche
785 2961 1940 3013 hin.? Nur sattgefressene Schieber! (Stürmischer Beifall bei den
1959 2977 3123 3028 mit bewaffneter Gewalt zu brechen, so werden Sie
787 3008 1935 3060 Thristlichsozialen. — Lebhafte Zwischenrufe bei den Sozial¬
1965 3014 3121 3069 Gefahr laufen, daß der Gewalt mit Gewalt begegnet
776 3039 1932 3099 demokraten.) Empören Sie sich darüher, daß es diesen Leuten
1955 3052 3126 3102 wird. (Lebhafter Beifall und Händeklatschen bei den Sozial¬
785 3090 1948 3135 versagt sein soll, den „Reigen“ zu sehen? Wir stehen auf dem
1963 3095 2184 3162 demokraten.
2182 3090 3126 3169 — Andauernde Zwischenrufe bei den Christlich¬
789 3131 1938 3180 Standpunkt, daß die Regierung ihre Pflicht getan hat, und wir
1969 3136 2129 3207 sozialen.)
778 3181 1888 3229 verteidigen das. (Lebhafter Beifall bei den Christlichsozialen.
2061 3175 3122 3241 Die Rechtslage im vorliegenden Falle ist ganz einfach
1872 3208 1938 3265 Der
781 3219 1851 3262 Andauernde Zwischenrufe bei den Sozialdemokraten.)
1973 3217 3135 3276 Wir haben, so wie alle alten Gesetze, auch die Theat#rver¬
782 3258 1939 3311 Bärgermeister Reumann aber hat seine Pflicht verletzt.
1965 3274 3123 3321 ordnung aus dem Jahre 1850 in die Republik übernommen.
781 3301 1936 3353 Redner verweist auf die Aufführungsverbote in andern deutschen
1968 3316 3124 3366 Nach ihr hat der Landeshauptmant. über Aufführungsgesuche
787 3349 1941 3395 Städten und erklärt, die Deutschen an der Donau wollen in
1975 3359 3128 3410 zu entscheiden; lehnt er sie ab, so steht dem Bewerber das
779 3393 1939 3451 ihrem sittlichen Reinlichkeitsgefühl nicht hinter dem übrigen
1978 3397 3124 3451 Rekursrecht an das Bundesministerium zu. Wenn der Landes¬
772 3430 1303 3502 deutschen Volke zurückstehen.
1971 3436 3128 3496 hauptmann die Aufführung gestattet, so ist sie eben gestattet
1966 3484 3130 3540 und keine andre Behörde hat das Racht, in der Sache eine
884 3490 1837 3572 Der Standpunkt der Sozialdemokraten.
1962 3519 3128 3573 weitere Entscheidung zu fällen. Aber selbst wenn man sich
1971 3564 3123 3614 auf den Standpunkt des Ministers stellen und annehmen würde
870 3556 1930 3618 Abg. Seitz: Die höchst bedauernswerten Szenen, die
1972 3602 3128 3663 daß er das Recht hätte, in der Sache irgendeinen Schritt zu
785 3599 1932 3665 sich hier ereignet haben, sind, wie ich glaube, auf einen schweren
1975 3647 3126 3694 unternehmen, würde er nur berechtigt sein, dem Landes¬
780 3658 1939 3705 politischen Fehler der christlichsozialen Partei und der Mehrheit
1966 3690 3135 3753 hauptmann den Auftrag zu erteilen, er möge seine
783 3692 1943 3759 in diesem Hause überhaupt zurückzuführen. Oesterreich ist viel
2062 3853 3133 3921 Auf neun war ich geladen. Um viertel zwei rief man mich
781 3872 1938 3933 Man werde mich schon verständigen. „Aber“ — kein „aber“,
1962 3919 3125 3971 vor. Im Gerichtssaal herrschten Eile, Ungeruch und ein Ver¬
789 3916 1854 3982 wenn man bitten dürfe! Ich sei nicht allein auf der Welt!
1970 3963 3130 4025 teidiger, der bei meinem Eintritt dem Richter einen Blick zuwarf,
872 3966 1936 4028 Nie habe ich so viel geschwitzt wie im vorigen Juli. Es
1973 4007 3136 4059 einen Blick... genug, ich schaute erschrocken an mir abwärts, ob
792 4008 1946 4070 var zum Unglück besonders heiß, und meine Winteranzüge
1967 4056 3127 4113 ich nicht einen Fehler wahrnehmen könne. Da ich nichts der¬
782 4056 1943 4119 sind schwer. Es ist wahr, ich habe immer Wert auf weiche,
1977 4096 3122 4146 irtiges, meine Schuhe jedoch in den Händen eines dicken Mannes
791 4107 1937 4162 schwere Winterstoffe gelegt. Nun . . . bis zu meinem Urlaub
1967 4147 3125 4199 erblickte, trat ich vor. Der Richter sah mich erzürnt an und
790 4147 1941 4206 dachte ich, wird die Sache ja erledigt sein. Er fiel in den August.
2163 4190 3099 4261 KERERLLSMMHMERLELE
797 4196 2070 4273 EEEDD
