3336 4416
2792 163 3202 247 Bezugspreise:
117 168 185 300 o.
2759 234 3237 295 Bei Abbolung in unserer Ver¬
2758 272 3227 323 waltung, Wien, I., Schuler¬
2762 304 3230 353 straße 16, in einem Wiener Zei¬
2761 338 3236 399 tungsverschleiß od. mit tägl.
2897 365 3090 405 Postzusendung
2834 369 3176 444 monatlich K 36.—
110 358 195 439 .
2758 416 3236 488 Answärts, tagliche Post¬
94 430 200 477 n
2898 452 3103 508 ausendung,
2757 471 2904 527 monatlich
3082 469 3226 531 K 36.—
109 468 183 530 ei.
2761 500 3192 559 Tschecho=St. monatlich Re 10.
115 527 174 580 des
2760 539 3232 591 Zweimal wöchentliche Postzusen¬
2759 573 3227 633 dungd. Samstag= u. Donners.
2793 600 3206 650 tagausgabe mit Bettagen)
108 572 189 654 13.
2761 628 3233 687 Deutsch=1 vierteljöhri. 427.60
112 642 183 685 nen
2776 669 3238 728 österr. 7 halbjährlz4. & 54.60
2759 654 3116 748 Tschecho. Sl. viertesel e
2757 707 3188 766 Tschecho= Sl. halbig“, Ke2#.
1018 709 2482 766 Wien, I., Fleischmarkt 3, u. I., Steyrerhof 3. Schriftlettungs=Vernsprecher: 16.606,
116 714 194 783 15.
2761 756 3229 800 Wöchentlich Bostzusendung des
399 737 2487 824 Schriftleitung u. Druckerei: 16.602 und 20.797. — Drahtanschrift: Volkszeitung, Wien, Steyrerhof.
107 760 182 812 el¬
2760 779 3235 829 Samstggblättes imit Beil.)
127 796 188 842 #tes
902 795 1997 851 Bezugsvreie für Deutschland: Tagliche Zusendung monatl. K 60,
2764 809 3173 856 Deutsch=Priekteljährl. K 17.
402 802 2477 872 Samstagausgabe viertelj. K 36.60, Samstag= und Donnerstag=Ausgabe viertell. K 48.60. — Für das üörige Ausland:
2770 815 3223 896 österen (Bälbjährlich K 34.60
112 832 194 899 ke
409 862 2487 912 Tägliche Ausgabe vierteli. K 225.—, Samstagausgabe viertell. K 45.—, Donnerstag= und Samstag=Ausgabe vierteli. K 70.—.
2762 873 3193 920 TschschozSl. viertelj, Ko 7.6
111 884 199 939 en
2760 900 3244 949 Tschechs= St. halbt. Ke14.60
219 868 2731 960 Bezngsbestellungen für länger als einen Monat we#en nur mit dem Vordehalte angenommen daß im Falle einer Preiserhöhung die entsprechende Nachzahlung geleistet wird.
2713 941 3161 1071 6). Jahrnang
892 944 2003 1081 Wen, Samstag, 17. Februar 19217
1769 1071 1833 1124 W
2948 1111 3013 1187 4
593 1118 1468 1190 hier sehr nötige sittliche Ernst, der die
597 1180 1478 1232 Christlichsozialen bestimmte, sich durch
108 1119 562 1263 scher „Reigen“.
1656 1173 3017 1268 Der Kampf um den „Reigen“.
599 1227 1461 1286 das Verbot des Stückes zum Hüter der Shi¬
116 1226 588 1318 ammlung hat gestern
1477 1246 3245 1351 Verbot seitens der Bundesregierung. — Richtbeachtung des Verbotes
600 1270 1465 1338 lichkeit aufzuwerfen, und es war auch nicht
116 1290 576 1360 an. Die Oeffentlichkeit
600 1326 1468 1376 der beleidigte Geist freier oder angeblich freier
1967 1301 2718 1401 seitens der Lundegregierung.
112 1347 581 1404 lmenden Eindruck eines
606 1373 1462 1434 Gesinnung, der die Sozialdemokraten Sturm
2353 1367 3244 1455 liche Anfrage an die Regierung ein, die sofort
113 1388 579 1463 rdendefizits und ist von
1507 1381 2324 1485 Kaufereien und Kräwalle im Rationdträt.
607 1421 1469 1493 blasen ließ. Um Macht und Machtfragen, um
2359 1445 3246 1498 in Verhandlung gezogen werden mußte. Aus
492 1440 581 1492 die
120 1442 499 1505 füllt, was uns
1657 1458 2182 1523 Ein Verfassungskonflikt.
611 1467 1451 1520 Partei und Parteiherrschaft ging es wieder
2361 1477 3242 1529 den Reden der sozialdemokratischen Wort¬
116 1475 585 1561 en werden. Die Volks¬
1551 1494 2351 1563 Die weiteren Aufführungen von Artur
605 1519 1468 1581 Der Minister des Innern verbol, sozusagen
2384 1520 3243 1582 ührer ging hervor, daß diese sich keineswegs
118 1532 590 1608 huf's ärgste gefährdete
1485 1554 2347 1618 Schnitzlers Szenenreihes=„Reigen“ in
2376 1572 3242 1625 für das Stück begeistern, daß sie aber in dem
608 1566 1467 1628 hintenherum, die weitere Aufführung des
188 1588 585 1648 und stets nur ge¬
1488 1599 2350 1659 den Kammerspielen, die einige junge Leute
2378 1605 3240 1661 Verbot des Ministers einen verfassungs¬
606 1614 1462 1664 Stückes. Damit hatte er nach Auffassung der
114 1618 577 1704 Parteisucht, führen in¬
1479 1631 2345 1703 am letzten Montag durch laute Zwischen¬
2370 1653 3236 1706 widrigen Eingriff in die Rechte des
604 1663 1460 1719 Sozialdemokraten in die Rechte des Landes¬
159 1677 591 1752 Angst einen Skandal
1481 1686 2344 1751 rufe zu stören suchten, sind gestern vom
2373 1694 3236 1748 Bürgermeisters von Wien als Landeshaupt¬
600 1711 1463 1769 hauptmannes von Wien eingegriffen, in dessen
1480 1717 2339 1789 Bundesminister für Inneres Dr. Glanz
111 1732 590 1788 F. beschimpfen einander
2363 1745 3247 1796 mann von Wien erblicken. Bundesminister
605 1760 1468 1818 Zuständigkeit die Entscheidung über ein Verbei
1481 1769 2350 1839 auf Grund des § 50 der Theaterverordnung
104 1780 591 1849 Achstäblich in die Haare.
2360 1783 3238 1850 Dr. Glanz fand nicht nur schärfsten Wider¬
598 1790 1454 1865 des Werkesifiele, Darob wutentbrannte Auf¬
1487 1830 2343 1884 vom Jahre 1850 verboten worden, ohne
2375 1828 3234 1885 spruch der Sozialdemokraten, als er seinen
95 1825 586 1889 ht davon, daß solche
613 1856 1463 1918 regung, Geschrei, Beschimpfung, darob soger
1478 1861 2341 1921 daß aber dieses Verbot die Einstellung der
2368 1869 3240 1924 Standpunkt verteidigte, der Lärm schwoll zu
115 1867 578 1947 Ern wegen eines Theater¬
614 1897 1467 1952 sehr gewagte Drohungen des früheren Prasi¬
1490 1901 2341 1964 Vorstellungen bisher zur Folge gehabt hätte.
2361 1897 3239 1975 einem riesigen Tumult an, als der Minister
109 1921 585 1990 Haben, auch in besseren
599 1951 1462 2017 denten Seitz. Mag ja sein, daß einzelne
1481 1953 2343 2017 Die Sozialdemokraten, die auf dem Stand¬
2384 1957 3241 2033 eine Rede mit dem Ausspruch beendete, daß
117 1964 584 2032 etzgebenden Körperschaft
1485 1998 2354 2059 punkt stehen, daß der Minister damit einen
613 1977 1466 2061 sozialistische Führer auch zu einer Art
2520 1996 2651 2056 Urteil
2382 1996 2463 2050 ein
2723 2000 3239 2059 alle anständigen
110 2018 586 2092 zum Ruhme gereichten.
1476 2046 2341 2096 verfassungswidrigen Eingriff in die
2372 2042 3253 2092 Menschen billigen würden. Darin er¬
610 2043 1463 2104 literarischen Volschewismus hinneigen. Die
129 2071 584 2131 gepeinigte österreichische
1480 2083 2349 2142 Rechte des Landes Wien begangen
2377 2090 3243 2151 blickten die Sozialdemokraten eine Beleidigung
609 2103 1468 2155 große Masse der sozialistischen Arbeiter dürfte
117 2110 589 2182 Furchtbarkeiten und Be¬
1489 2127 2339 2190 habe, da der Bürgermeister als Landes¬
2377 2129 3249 2193 ihrer ganzen Partei und nun erhob sich ein
610 2135 1463 2197 aber, unserer Meinung nach, andere und ge¬
122 2154 597 2231 t, der auf uns scharf
1486 2169 2346 2240 hauptmann die Aufführungen bewilligt hat,
2375 2174 3241 2238 Sturm der Entrüstung, wie ihn das Haus noch
601 2188 1460 2247 wichtigere Sorgen haben als sich für die Auf¬
122 2208 591 2271 Schauspiel bieten, daß
1482 2208 2339 2279 brachten im Nationalrat eine scharfe Inter¬
2381 2204 3247 2289 elten mitgemacht hat. Mit geballten Fäusten
614 2233 1467 2299 führung des „Reigen“ zu entflammen. Der
1489 2254 2349 2320 pellation ein bei deren Erörterung es
122 2255 584 2320 in Schauspiel die größte
2369 2262 3247 2317 stürmten gerade jene Sozialdemokraten, die
611 2277 1477 2342 parlamentarische Reigen, der gestern zu
2371 2306 3240 2361 sich besonders durch Stimm= und Kraft¬
1490 2295 2343 2373 zu Sturmszenen und Keilereien
115 2307 590 2375 schen Führer ist, muß
603 2339 1469 2395 Schnitzlers „Reigen“ aufgeführt wurde, war
2370 2351 3251 2414 aufwand hervortun, so die Abgeordneten
1481 2341 2347 2426 zwischen Sozialdemokraten und Christlich¬
202 2353 588 2418 Skandal bezeichnet
602 2385 1467 2438 und bleibt eine tiefbedauerliche Entgleisung.
2379 2393 3239 2455 Zelenka, Witternigg, Forstner, auf
1490 2386 1739 2480 sozialen kam.
117 2400 596 2461 frige Parlamentsskandal
614 2429 1464 2493 Zweiundvierzig Milliarden Defizit und im
2363 2424 3244 2495 die Ministerbank los, schlugen daselbst
1556 2409 2354 2493 Dem Verbot des Bundesministers ging
116 2454 600 2519 Takt und di ganzen
616 2470 1472 2532 Parlament rauft man wegen eines Theater¬
2369 2480 3250 2541 auf den Tisch und riefen dem Minister im
1476 2463 2349 2548 ein Schriftenwechsel zwischen dem Minister
118 2491 599 2569 sitten nicht vorkommen
610 2527 1478 2585 stückes. Zweiundvierzig Milliarden Defizit in
1487 2523 2353 2585 und dem Landeshauptmann einer= und dem
2380 2525 3249 2588 Chor zu: „Was wagen Sie da zu sagen? Wer
122 2550 594 2618 Sinn für das, was
2369 2569 3241 2631 ist ein unanständiger Mensch. Sie Lakaien¬
1484 2566 2359 2635 Polizeipräsidenten andererseits voraus. Schon
615 2576 1471 2629 einem Sechsmillionenstaatcher nd die Volks¬
114 2596 586 2658 ung bewegt, und die
2370 2611 3242 2677 seele!“ Die weiter rückwärts stehenden Abge¬
1477 2611 2353 2675 vor der Zulassung des „Reigen“ durch den
609 2618 1465 2689 boten haben nichts Besseres zu tun, als sich
101 2626 595 2697 tten sich vor dem Volke
2373 2657 3252 2715 ordneten unterstützten sie mit dem Rufe:
1485 2650 2345 2719 Magistrat Wien als politischer Landesbehörde
610 2675 1466 2729 die rostige Parteirüstung anzuschirren und
111 2693 593 2757 in Wort lateinischen Ur¬
2364 2699 3249 2781 „Hinaus mit ihm, so was lassen wir uns nicht
1489 2699 2345 2764 hatte der Polizeipräsident Schober dem
614 2719 1477 2778 aufeinander loszuschlagen. Armer Staat,
2372 2748 2974 2804 gefallen, das ist eine Frechheit!“
107 2732 592 2801 von Pars, das Teil be¬
1494 2740 2351 2813 Bürgermeister Reumann die Bedenken
612 2760 1171 2846 doppelt armes Gemeinwesen!
1472 2786 2348 2853 mitgeteilt, die einer Aufführung des Stückes
107 2788 589 2862 nfällig erwiesen worden,
2446 2772 3253 2857 Bleich stand Minister Glanz da, die
1482 2832 2345 2895 entgegenstünden. Der Magistrat holte ein
2364 2822 3128 2898 Christlichsozialen kamen ihm zuerst
3155 2840 3250 2902 mit
119 2836 600 2913 vom Ganzen und dem
1485 2874 2345 2942 Gutachten des Zensurbeirates ein und erteilte,
2376 2878 3241 2951 Applaus zu Hilfe, sodann aber drängten sie
109 2889 277 2951 wissen.
910 2846 1083 2963 schen
644 2837 823 2978 riebe
2273 2918 2348 2965 die
2375 2927 3243 2981 eiligst gegen die Sozialdemokraten heran.
1477 2922 2290 2993 da dieser keinerlei Einwendungen gegen
105 2911 592 3016 In paar Worte zu Artur
2374 2967 3255 3028 Und nun wurden gegenseitig Püffe
1486 2956 2358 3028 Aufführungen erhob, die Bewilligung. Als
122 2979 609 3044 dessen Aufführung und
951 2965 1145 3049 polen.
1483 3010 2353 3078 dann in der Oeffentlichkeit sich Stimmen
2368 3007 3239 3070 ausgetauscht und es hatte den Anschein,
111 3029 599 3097 vorläufig noch nicht in
614 3020 1477 3117 Der Vertrag bereits unterzeichnet.
2378 3057 3247 3109 als ob es jeden Augenblick zum Hand¬
1486 3052 2345 3113 gegen den sittlich bedenklichen Inhalt des
118 3073 593 3144 Verbot Anlaß zu den
2371 3099 3249 3150 gemenge kommen wurde. Von den Christ¬
687 3095 1479 3154 Paris, 11. Februar. Ein Radiofunk¬
1487 3082 2350 3165 Stückes erhoben, richtete der Bundesminister
117 3120 589 3201 nVorgängen im Par¬
2374 3146 3240 3199 lichsozialen war der alte Abgeordnete Fink,
1490 3137 2349 3206 an Bürgermeister Reumann die Aufforderung,
606 3147 1478 3209 spruch aus Moskau besagt, daß der
98 3175 595 3252 . Das Stück, eine
2377 3192 3240 3248 von den Sozialdemokraten die Abgeordneten
1492 3171 2351 3249 zu der neuen Sachlage Stellung zu nehmen.
609 3192 1469 3258 polnisch=russische Friedens¬
104 3220 607 3291 Delt Vorgänge aus dem
2373 3232 3247 3290 Bauer und Seitz bemüht, die Streitenden
1480 3225 2356 3291 Renmann erklärte jedoch, daß er nicht in der
615 3242 1475 3320 vertrag gestern unterzeichnet
2378 3278 3240 3335 zu beschwichtigen. Als Abg. Sever gleich¬
106 3261 594 3340 her gemeinen Deutlichkeit
1492 3266 2358 3337 Lage sei, die erste Entscheidung abzuändern.
615 3290 864 3370 worden sei.
2381 3316 3240 3372 falls beruhigend eingriff, versetzte ihm der
1491 3316 2356 3380 Nun ging der Bundesminister mit dem Verbot
117 3320 602 3380 bei nicht aus dem Wege
2372 3346 3256 3415 christlichsoziale Abgeordnete Pischitz einen
1489 3358 2352 3426 vor, das gestern mittags dem Bürgermeister
110 3361 603 3433 hat sein Opus ursprüng¬
669 3318 1423 3476 Die Antwort der Enkente an
2384 3406 3249 3465 Stoß ins Gesicht. Minutenlang
1490 3404 2353 3468 mitgeteilt wurde. Der Bürgermeister verwies
115 3414 602 3481 geren Freundeskreis als
2378 3433 3252 3508 dauerte der Lärm, das Gedrängé und
1485 3448 2348 3512 in seiner Antwort darauf, daß dieser Erlaß
112 3460 605 3524 kipt drucken lassen. Dabei
901 3450 1184 3535 Oesterreich.
2377 3496 3249 3552 Toben vor der Ministerbank, man horte die
1489 3474 2361 3556 den gesetzlichen Bestimmungen nicht ent¬
117 3506 601 3574 en haben sollen. Es kam
708 3507 1385 3577 Kein formelles Anschlußverbot.
2374 3535 3251 3588 Glocke des Präsidenten, vernahm aber nicht
1494 3532 2364 3597 spreche und daher von ihm nicht zur
121 3556 603 3628 ter Auflage in den Buch¬
690 3548 1472 3626 Wie verlautet, wird gegenwärtig von der
2378 3583 3247 3636 ein Wort. Erst nachträglich stellte sich heraus,
1489 3571 2352 3665 Kenntnis genommen werden
103 3601 609 3679 sgar den ungeheuerlichen
623 3614 1485 3666 Pariser Botschafterkonferenz die Antwort der
2378 3626 3246 3676 daß er eine ganze Anzahl Ordnungs¬
1491 3634 1674 3706 könne.
621 3660 1484 3720 Entente an Oesterreich betreffs der Hilfeleistung
104 3654 598 3724 Die ungemein fragliche
2374 3664 3242 3732 rufe erteilt hat. Halbwegs ruhig wurde es
625 3698 1488 3756 fertiggestellt. Sie wird sich nicht nur mit dem
126 3688 608 3768 Theater zu bringen. Das
1638 3686 2226 3771 Die Standale im Parlamenk.
2369 3716 3250 3767 erst, als Präsident Seitz in seiner Eigen¬
618 3743 1489 3804 materieller Beistand, sondern auch mit der Er¬
127 3742 609 3810 Menge gehört, am aller¬
2385 3755 3251 3812 schaft als Abgeordneter das Wort ergriff. Er
1680 3760 2184 3821 Raufende Abgeordnete.
616 3790 1485 3843 leichterung von Ver####sbeziehungen zu den
2373 3797 3244 3858 wendete sich in schärfster Weise gegen die
114 3794 608 3874 retter. Theater ist derbe,
1575 3779 2367 3876 Im Laufe der Sitzung war im National¬
623 3830 1476 3883 Nachbarstaaten befassen und daher auch an
2388 3838 3245 3894 Ausführungen des Ministers Glanz und griff
103 3838 612 3910 t. Der „Reigen“ dort
1494 3846 2357 3915 rat die Verfügung des Ministers des Innern
616 3853 1475 3923 deren Adresse gerichtet sein. Ein formelles
2385 3866 3250 3938 diesen zum Schluß persönlich so heftig an, daß
111 3870 605 3944 mehr als gewöhnlicher,
1496 3888 2362 3963 bekanntgeworden und der sozialdemokratische
623 3912 1486 3992 Anschlusverbot soll in der Antwort¬
2374 3930 3255 4002 er dafür vom Präsidenten Dr. Dinghofer
1494 3938 2360 4021 Abgeördniete Leuthi#rine dring¬
105 3941 605 4012 Phnlicher erotischer Kitzel.
615 3951 1136 4028 note nicht enthalten sein.
120 3986 613 4051 nstlerische Absichten dem
2456 4035 3260 4097 „I waß ganz guat, dö Alte hat nix am
181 4029 610 4113 dieser Szenen vor¬
116 4040 194 4098 ng
1503 4042 2372 4107 so denkst. Iglaub' „Gedankenstühne“ sag'n
1063 4060 1454 4115 Nachdruck verboten.
2370 4073 3254 4139 Bod'n verlur'n g’habt, aber weil dö Maierin
209 4075 609 4143 und wenn es ihm
115 4087 208 4159 gen,
1552 4082 2368 4157 g'studierten Leut' zu so was. Da is glei
2385 4135 3099 4188 drob'n war, so hat sie a auffi woll'n.
235 4129 605 4196 gewesen wäre, sein
145 4134 222 4187 tun
1067 4130 2364 4198 ngen eines Haus=Iso a Hausmasta=Gedank'nspahn: „A Hausmasta
622 4131 745 4204 Ans
336 4178 461 4228 K
241 4179 318 4257 1
