3484 4352
289 113 997 168 ien aard, dat zi niet tot goedkeuring
293 209 690 280 Huisslachtingen.
306 291 1006 349 Maatschappij van Landbouw heeft
300 336 1008 388 achting ecn uitvoerig adres gericht
324 383 993 429 van arbeid. Vit het feit. dat aan de
304 414 995 466 ngerland en Haskerland vrijstelling
320 462 1003 508 de huisslachtingen werd geweigerd,
318 496 1006 541 erd, dat de minister voornemens 18,
319 530 1003 582 eente cen dergelijke vrijstelling te
323 575 1007 623 egende Maatschappij ten zeerste
319 613 1003 657 erkt öp, dat in de memorie van toe¬
324 647 1001 701 er heeft erkend, dat voor een der¬
320 677 1004 737 gvooral economische overwegingen
326 729 1000 779 chappij erkent de noodzakeljjkheid
328 767 1002 808 ng van de blaaswormziekte, doch
324 802 1002 844 niet nit het oeg verroren worden,
319 834 999 884 an de bestrijdingsmiddelen rekening
322 874 997 920 gehouden met de practische uitvoe¬
328 920 997 965 atieve grootte van het besmettings¬
333 951 1002 998 racht zij gering. Blijkens het rap¬
357 988 1000 1040 prof. Snapper c.s. is de ziekte 300
331 1028 996 1079 iesland ingevoerd en is in dien tijc
338 1059 996 1119 mettingsgevaar gedaan. Toch wer¬
362 1100 1008 1155 niet meer dan 63 gevallen op een
337 1144 1006 1191 6,000 inwoners vastgesteld. De
356 1186 996 1243 Igens genoemd rapport ecn weinig
370 1223 994 1270 bij personen, die op onvoorzich
376 1259 1001 1319 met trekhomlen, welke geregeld
350 1304 1001 1347 htafval van schapen worden ge¬
361 1346 991 1396 este huisslachtingen varkens be
370 1375 995 1442 ante“ het middel hier in dubbele
371 1416 462 1473 waal.
371 1523 639 1584 OTTERDAM.
387 1617 691 1695 uarinedagen.
389 1682 996 1759 marinedagen hier ter stede za
443 1744 1000 1790 uit Hr. Ms. pantserdekschip
389 1783 996 1838 rger Van Meerlant, de torpedo¬
409 1825 996 1872 egeleid door cen aantal onder
390 1858 996 1920 htflottille water- en landvlieg
387 1920 998 1981 lag 8 September, 2 nur '’s namic
391 1976 999 2023 binnenvallen en dan opstoomen
396 2023 992 2067 eifder tijd zal een Rotterdan
406 2054 995 2100 bestaande uit passagiersbooten
412 2101 1003 2142 achten, van Rotterdam afvaren
407 2134 997 2195 ieter feestelijke inhaling tege
412 2208 1003 2254 ende aankomst te Rotterdam
411 2253 1005 2296 elderland saluntschoten lossen.
429 2292 1005 2342 de marinevloot te zien geven
425 2324 1000 2380 aanval door vliegtuigen, als¬
412 2370 1000 2427 neenige manceuvres met ter¬
576 2411 998 2454 en waterwiegtuigen
407 2410 577 2461 booten
427 2444 1011 2487 de vloot demonstreerend vol¬
413 2489 1007 2534 ne-stafmuziek zich zal laten
459 2552 1010 2614 zal Hr. Ms. Gelderland na
461 2601 1001 2652 tot takel geillumineerd wor¬
442 2642 1004 2695 s. Van Meerlant en de torpe¬
447 2678 1011 2727 en met zoeklichten werken.
393 2719 1007 2776 nboord van de Gelderland van
405 2749 836 2806 cen uitvoering geven.
405 2795 1000 2853 de zijn reeds belangrijke toe¬
405 2825 1008 2891 r de illuminatie van in onze
405 2873 1003 2935 elsvaartuigen. Gaarne zal het
438 2917 1006 2977 mcer toczeggingen tegemost
436 3017 748 3080 GEMEENTEN:
432 3109 997 3176 itebesturen van Princenhage
460 3175 1002 3227 hebben uitvoerige nota's ge#
480 3218 1003 3262 van Noordbrabant, in ant
451 3233 1004 3297 ingsnota van Breda aan da
457 3287 1005 3338 ren komen tot de conclusie,
466 3324 1004 3381 swijziging of annexatie tot
469 3370 1004 3422 da niet bestaat, en dat deze
472 3402 997 3450 bied voor Breda en omstre¬
476 3439 1000 3492 hebben moet. Zij schrifven
464 3480 1002 3554 lex zal in economisch en
421 3528 1003 3576 #r achterstaan bij den tegen¬
453 3561 989 3624 de plaats van een stad, om
946 3598 1002 3642 281
416 3601 923 3657 nde plattelandsgemeenten,
421 3635 1000 3693 t cen veel te groot landelifsk
428 3680 973 3728 enzen, dat zij niet behoorli
437 3715 999 3774 tbare wiize zal kunnen best
957 3757 1001 3806 6
431 3755 943 3817 bevolking, in karakter
428 3798 1005 3849 erig van het stedelijk regiem,
440 3834 1005 3888 ien en verbitterd, dat het dit
436 3870 1005 3924 e daaraan verbonden finanti¬
930 3909 1009 3963 nitz
436 3911 926 3967 lgemeen en uitdrukkeljjk
435 3945 997 4016 dragen, terwijl de aantrekke
446 3988 999 4042 voor neuwe vestiging tenge
444 4037 999 4083 karakter en do hooge lasten
448 4069 998 4126 viinen. En dit nicuwe kuns#
443 4106 1007 4162 olkingscomplex zal worden
1053 82 2068 122 k n. D0 Cchwighiendsgesinchten, d6
1059 118 2070 165 het gevonden geluk tot een liefde -voor het leven
1042 160 2057 202 schilnt te maken, is cok den poëet vreemd. Hier wordi
1051 194 2075 238 ons niet de mooie, hoogo liefde (liefde naar lijf en
1050 228 2072 282 ziel) geteekend, maar het verzetje, bet kortstondig
1065 271 1836 334 vermaak, de caprice, de passanten-passie.
1087 306 2063 361 Voortdurend hebben wij belangstellend en met
1045 332 2065 392 groote waardeering voor het uitnemende spel dezen
1052 390 2070 435 kringloop der „liefde“, die met „de deerne en den sol¬
1044 426 2063 480 daat'’ aanvangt en met „den graaf en de deerne“ eindigt,
1043 470 2067 513 gevolgd, doch slechts eens werden wij heel even ont¬
1046 504 2075 548 roerd. Het was in den tweeden dialoog, toen de soldaat
1044 542 2066 592 „das Stubenmädchen' na een welgelukte overweldi¬
1053 587 2075 635 ging liet gevoelen, dat het nu met de innigheid en
1052 623 2071 668 liefkoozingen uit was, en hij naar de warme danszaal
1043 659 2067 707 met de warreling van tientallen andere knappe vrou¬
1053 697 2060 748 wen terug verlangde in stede van aan haar wensch
1054 736 2070 784 aar een stil en rustig samenblijven in de vrije lucht
1046 766 2068 822 gehecr to geven, Maar in den derden dialoog is dat
1049 812 2068 873 zelfde dichstmeisje slechts ecn wuft, zinneljjk wezen¬
1051 852 2065 906 tje, dat zich wat graag liet verleiden door den „jongen
1053 898 2068 941 meneer'' en niet meer met moeite hare snikken onder¬
1043 928 2067 971 drukt, als ook weer dit mannetjesdier haar onmiddel¬
1052 967 2067 1009 jjk na het samenzijn van zich afstoot. Desnoods zou
1048 1011 2066 1061 men kunnen zeggen: „het cene groeit uit het andere“.
1053 1049 2067 1090 en in dezen gedachtengang zou men ook, ter verkla¬
1049 1088 2068 1136 ring van de ontrouw der „junge Frau', die zich door
1042 1127 2066 1171 denzeifden „jongen meneer' laat verleiden, kunnen
1051 1166 2074 1215 verwijzen naar de volgende dialogen, waar wij de
1053 1205 2072 1259 wel zeer wufte opvattingen en dartele gedragingen
1045 1245 2068 1292 van Haren echtgenont leeren kennen. Maar vermoede¬
1044 1283 2071 1332 ljjk legt men dan meer moraal in deze dialogen dan
1048 1324 2072 1378 Schnitzler, die geen wereldhervormersaspiraties had,
1044 1363 1552 1418 daarin heeft willen leggen.
1078 1396 2051 1452 Meestal is het slechts half passie wat Schnitzler
1046 1427 2053 1479 ons te aanschouwen geeft. De jjdelheid speelt meer¬
1037 1477 2055 1533 malen ecn even grocte rol. De blijde nitroep van
1043 1519 2059 1568 den jongen man aan het slot van den vierden dialoog,
1049 1558 2070 1604 dat hij nu dan toch eens een betrekking met eene
1047 1598 2061 1650 vreuw van goeden huize heeft, is in dit verband
1043 1633 2061 1686 teckenend! In dezen jongeling trilt geen ontroering,
1055 1674 2061 1728 geen teederheid na; in hem jubileert slechts zijn
1058 1715 1709 1757 ersterkt gevoel van eigenwaarde.
1085 1745 2056 1799 En zie de actrice met het dichtertje, dat zij beurte¬
1048 1781 2055 1838 lings treitert en lokt, kwelt en liefkoost; dat zij als
1043 1827 2051 1873 grappig speelgoed, als een nieuwe aanwinst vool
1059 1868 2058 1915 haar psychalogisch Mlokkendcosje beschouwt! Dat
1042 1903 2065 1948 is nauwelijks hartstocht, het is eene gril voilà tout!!
1083 1939 2067 1989 Diezelfde actrice zien wij daarna in den negenden
1047 1977 2055 2024 dialccg met den graaf. Hier was vergelijking met hei
1049 2021 2058 2062 spel der Nederlanders in het Cabaret Artistique 16
1047 2055 2055 2106 Scheveningen mogelijk. Welnu, het resultaat van die
1054 2095 2065 2138 vergelijking is zoo weinig vleiend voor den heer
1044 2134 2054 2182 Cor van der Lugt Melsert, dat hij inderdaad achteraf
1053 2173 2064 2221 echt wenschen, nimmer een twectal dézer dialogen
1045 2213 2065 2253 te hebben vertcond. Hoe geestig was het spel van
1053 2248 2055 2295 Wolf Berckendorff, hoe kranig getypeerd zijn
1044 2293 2068 2334 Oestenrijksche officier, hoe pakkend en amusant
1049 2327 2062 2371 menige kleine vondst! Nu was het een kostelijke
1052 2364 2054 2411 dlialccg; op Scheveningen was het saai an gerekt
1056 2404 2059 2453 Dok Annie Reiter heeft hierin (als „actrice?) zeer
1055 2443 2059 2491 geed gespeeld, met een gansch andere (en naar ons
1054 2475 2057 2530 tceschiint: juistere) opvatting dan Fie Carelsen, wier
1052 2511 2069 2566 spel wij overigens indertijd wel gewaardeerd hebben.
1044 2556 2067 2601 In dien laatsten dialoog (De Graaf en de deerne) was
1051 2596 2059 2644 het verschil in spel-waarde niet z66 groot; ook hier
1049 2633 2060 2676 echter scheen ons de luchtiger opvatting van de Ham¬
1050 2667 2060 2721 burgers aannemelijker. Geen wonder; hebben zij niet
1045 2709 2063 2759 cen Oostenrijksch regisseur (Paul Marx), dio indertij
1056 2747 2059 2802 gernimen tijd contact met den schrijver zelf gehad
1040 2786 1163 2833 heeft?
1093 2802 2072 2873 Bovendien komt de recks natuurlijk meer tot haar
1055 2867 2067 2905 recht als alle dialogen gegeven worden. Voorts was
1058 2903 2068 2943 bij de Hamburgers (die, behoudens een enkel minder
1058 2936 2069 2989 gelukkig tooneel, over het geheel bij de mise-en-scèno
1053 2972 2078 3025 met de beschikbare middelen gewoekerd hebben) de
1043 3010 2075 3062 aankleeding in den negenden dialoog beter dan te
1057 3054 1326 3105 Scheveningen.
1091 3077 2069 3142 Binnen een ovale ruimte speelden zich de „pré¬
1051 3130 2068 3180 liminairen' af, daarna was het tooneel even leeg of
1044 3177 2068 3217 ging het licht voor enkele seconden uit. Een scabreu¬
1058 3197 2078 3262 zen indruk heeft dit niet op ons gemaakt; ons schifnt
1062 3256 2062 3295 en stuk als Guitry's „Nachtwacht' nog eerder aan
1049 3287 2077 3335 stooteljjk dan deze dialogen. Doch een verheffenden
1050 3323 2067 3371 indruk maken ze ook niet; het is immers steeds op¬
1049 3364 2078 3413 nieuw de meest platvloersche minnehandel, dien wij
1063 3410 2070 3452 ezien krijgen, Een geest van scepticisme en cynisme
1064 3442 2066 3491 wvaait u nit deze stukken tegen; wellicht het cynisme
1054 3486 2073 3529 van den man, die eenmaal met smart gadegeslagen
1058 3522 2073 3566 heeft, voor hoevelen de liefde slechts een aangename
1052 3558 2066 3603 leugen, een pikante tijdpasscering is. Deze dialo¬
1063 3591 2070 3648 gen maken „de zonde' niet aanlokkeljjk; op zijn
1059 3641 2075 3683 hoogst zondigen zij hierin, dat zij het mooiste, fisn¬
1059 3679 2067 3729 ste en teerste van de liefde totaal veronachtzamen
1052 3713 2071 3762 Maar z00 zal Schnitzler het gewild hebben, toen hij
1059 3754 2077 3802 lang geleden dezen cyclus samenstelde, en evenmin
1053 3793 2072 3837 als louter brave romanfiguren mag men louter ver¬
1054 3830 2072 3878 heven gevoelens van cen autcur verlangen. In dat
1053 3874 2072 3929 opzicht dient zijn souvereine yrijheid erkend te
1058 3911 1199 3971 worden.
1087 3932 2070 3997 Het spel was (wij zeiden het reeds) nitnemend. De
1050 3994 2080 4035 soldaat van Max Wesolowski (een zelfbewusten
1044 4025 2071 4073 lummel, die met de sigaar in den mond een vrij¬
1044 4064 2085 4123 partij begint), de deerne van Marcella Halicz, het
1051 4105 2084 4148 dienstmeisje van Mela Schwarz, de „jonge mencerl
2121 88 3143 141 beteckenis voor Nederland, dat ze voor de eerste
2111 121 3135 180 maal de meer belangrijke vervaardigers van de
2124 162 3133 218 Nederduitsche kunstnijverheid en het ambacht tot con
2108 204 3134 243 alles in zich verecnigende fentoonstelling van hun
2128 250 3132 297 voortbrengselen samenbrengt, met de bijzondere ge¬
2126 280 3138 327 lachte aan export naar de naburige landen met hooge
2125 325 3131 371 valuta. De tentoonstelling zal hout, metaal, cera¬
2119 364 3142 408 miek, glas en weefartikelen in de meest verschil¬
2118 398 3133 449 lende bearbeidingsmethoden toonen. De tentoonstel¬
2118 436 3137 492 ling, die ecn deel der door het Wezer-gilde voor¬
2126 480 3132 533 bereide „Niederdeutsche Woche“’ vormt en van 3 tot
2115 512 3139 562 10 September plaats vindt, staat onder het protec¬
2117 546 2682 613 toraat der Duitsche overheid.
2228 599 3029 689 Op de Nijverheidstentoonstelling
2480 670 2776 725 te München.
2586 716 2688 808 WV.
2150 796 2725 858 Men schrifft ons uit München:
2146 855 3146 926 Ook Oosienrijk is op deze tentoonstelling met eigen
2124 887 2562 948 zalen vertegenwoordigd.
2151 930 3132 986 Deze beginnen met een grocte representatiezaal, die
2110 970 3145 1017 hier betiteld wordt als „Oesterreichischer Edelraum“,
2154 1010 3143 1062 Nu heb ik in den loop der jaren vele edele dingen
2111 1049 3133 1097 leeren kennen als „Edelweine, Edelpilze'' en ik ver¬
2120 1084 3140 1132 heugde me van te voren op dit Oostenrijksche kunst¬
2114 1131 3140 1173 product, ontworpen door Prof. Dr. Oskar Struad te
2125 1163 3134 1218 Weenen. Onwillekeurig herinnert men zich het Oosten¬
2124 1207 3132 1257 rijksche Huis op de Werkbondtentocnstelling te Keulen
2122 1251 3133 1290 in 1914, het ongeluksjaar. Wat was dat mooi! Al
2123 1286 3132 1334 iet andere verbleekte bij dit ééne gebouw met zijn
2124 1329 3139 1373 wvondere zalen! Hier waren kunstenaars aan het
2116 1363 3136 1413 woord, heusche artiesten, geleid door den meester
2109 1395 3137 1454 Hoffmann. Hun werk voornaam, deftig, aristokra¬
2123 1444 3127 1486 tisch, verfisnd met den geroutineerden smaak van eer
2123 1484 3143 1530 ouden, höogadellijken fijnproever. En daarbij toch
2121 1521 3131 1564 ontrocrend; emotie-wekkend, beheerscht kunstenaars
2117 1553 3107 1602 werk. In eigen, Weener stijl, krachtig uitgesproken.
2147 1591 3131 1650 Nu in 1922 deze „Edelraum'', die maar al te dui¬
2113 1637 3130 1691 delijk manifesteert, hoe ook in het lamgeslagen Oos¬
2117 1675 3131 1736 tenrijk cen geestelijke verwarring en verzwakking
2112 1709 2501 1766 heeft plaatsgevonden.
2159 1748 3143 1801 In plaats van heusche bovillon krijgen we cen bruin
2120 1791 3140 1844 aftreksel van Maggi, in plaats van kunst een mise¬
2123 1827 2386 1890 rabele „Ersatz
2143 1860 3129 1924 De hooge, goedbelichte zaal is geheel wit gehouden.
2118 1908 3129 1957 Uit de wanden duiken plotseling allerlei poppeties op,
2117 1951 3132 2002 omringd met bloemen en bladertakken. Die 2i##
2112 1986 3138 2035 eventjes met kleuren en veel goudbrons aangestipt.
2124 2027 3132 2079 Ze zijn overal aan de wanden te zien; halverwege
2124 2064 3138 2109 verborgen mét hun papier-maché lichaampjes; kronke¬
2115 2101 3138 2166 len en wringen ze zich uit de blanke wanden en
2121 2136 2775 2195 spelen kiekeboe met ... de kunst.
2153 2176 3141 2223 Als verantwoordelijk voor deze poppenkast, aarin
2121 2222 3138 2265 men bij nader toezien de twaalf maanden kan herken¬
2125 2259 3132 2301 nen, worden in den dikken katalogus twaalf artistieke
2118 2296 2562 2361 „Wienerinnen“ genoemd.
2142 2336 3143 2390 Een kennis van me, die me hier verbluft ziet staan,
2115 2377 3131 2419 verklaart me, dat deze zaal het symbool van de Oos¬
2114 2416 3128 2475 tenrijksche „Krone'' is. Beide lijden aan hetzelfde
2116 2454 2987 2498 euvel, cen teveel; een te kwistig rondstrooien.
2145 2488 3139 2544 Maar k kan den pienteren man geen gelijk geven!
2152 2535 3127 2585 Kijk, in de wanden zyn ook vitrines oftewel toon
2108 2567 3109 2613 kasten ingebouwd! En hier is juist een te weinig!
2156 2607 3142 2661 Deze uitstalruimten, die toch de hoofdzaak zijn,
2115 2647 3135 2688 heeft Prof. Struad stellig vergeten. Het ziin kleine
2123 2685 3142 2734 kastjes geworden, die overdonderd worden door de
2122 2727 2460 2776 hooge zaalwanden.
2148 2738 3148 2812 En in deze miniatuur-toonkasten liggen tal van
2116 2799 3133 2846 mooie, Weensche dingen, op en naast elkaar. Men er¬
2118 2840 3138 2882 gert zich gewoonweg aan dit vulsysteem, dat werke¬
2126 2879 3137 2928 jjk-artistieke dingen als voorwerpen uit een schel¬
2122 2920 3055 2972 ingsbazar in den goeden, ouden tijd behandelt.
2142 2959 3137 3008 Een, uitzondering maakt alleen een toonkastje met
2119 3003 3131 3049 schitterend glaswerk in blank en zwart, waartusschen
2125 3036 2752 3084 een paar kleurrijke glazen staan
2150 3073 2855 3128 In de volgende zaal herademt men !
2156 3116 3129 3169 Iets van den ouden, Weenschen geest is nög behou¬
2117 3150 2364 3212 den gebleven.
2144 3196 3140 3242 Deze zaal toont, haast geraffineerd, gewitte muren
2112 3233 3132 3284 zonder eenig décor. Daarin staan bleek-gele vitrines
2125 3271 3140 3317 en als eenig sieraad glinsteren gouden ballen op de
2130 3306 3126 3351 itrines en gestyleerde bloemen van hetzelfde gulden
2123 3348 2550 3393 metaal aan de wanden.
2154 3382 3138 3437 Dit is weer mooi, werkelijk edel van doen, het her¬
2121 3426 3138 3472 innert aan de hooge kunst van 1914, toen wit en
2118 3466 3145 3529 zwart, nu wit en goud! De omgekeerde wereld zou
2120 3499 2529 3559 men eigenlijk zeggen
2149 3539 3135 3604 Ook hier weer Weensche kunstnijverheid! Het neusje
2132 3580 2405 3639 anden zalm
2144 3612 3131 3668 De Weensche kunstnijverheidsschool volgt met prach¬
2118 3656 3131 3705 tige hout- en linoleum-sneden. Een kloek-geschreven
2123 3700 3134 3742 Bijbel met statige, Gothische letters en daarnevens
2125 3739 3127 3787 modern letterwerk, spichtige letters in wit papier uit¬
2114 3778 3138 3831 geknipt op zwarten grond. Futuristisch van doen, zou
2122 3816 3131 3878 men zeggen, als er ten minste geen Assyrisch spij¬
2115 3861 2816 3905 kerschrift in de wereld was geweest.
2151 3886 3044 3942 Het oude herhaalt zich in dit moderne beweeg!
2154 3941 3132 3983 Tal van vergulde poppetjes, uitgesneden figuurtjes
2118 3973 3134 4025 uit karton, liggen weelderig verspreid in de vitrines
2117 4013 2541 4064 dezer Weensche school.
2155 4048 3144 4106 Men herkent zonder moeite het voorbeeld; onze Jas
2121 4091 3135 4134 waansche wasane koelit, de schaduwbeelden, mpeizaam
3226 73 3352 124 De 1
3180 117 3351 164 Edam, z
3185 153 3342 206 ziin than
3178 194 3351 259 om strak
3211 260 3360 326 Z00 juil
3180 301 3303 353 hove
3183 338 3316 396 Sonäte
3219 600 3357 663 Na des
3194 646 3337 698 Dorp te
3194 686 3361 757 hceit d8
3195 730 3329 774 gedaan
3188 764 3375 815 Ned. Her
3194 804 3368 857 gezongen
3195 846 3370 896 waren Vo
3188 881 3368 933 op de ve
3193 915 3365 973 als Zeist
3195 999 3376 1051 kwam Sp
3188 1038 3371 1090 uit om 1
3196 1073 3379 1131 deelen en
3186 1157 3383 1209 zegen dod
3192 1197 3385 1249 in den br
3192 1236 3377 1287 een zaaie
3189 1279 3361 1325 ligt voor
3183 1312 3378 1371 het uitstr
3194 1351 3376 1404 ging. Den
3191 1392 3378 1442 vruchtbaa
3182 1431 3370 1482 zelf doet
3183 1469 3370 1525 het ook
3183 1509 3381 1561 gen zuller
3179 1544 3387 1601 dat hij ge
3192 1589 3360 1638 Gods eer
3186 1629 3380 1681 het goede
3183 1666 3380 1722 tweede pu
3189 1705 3365 1755 in op de
3215 1746 3358 1799 In ziin
3180 1784 3383 1841 den zaaier
3180 1826 3367 1878 200 vaak
3189 1863 3380 1919 zaad uitstr
3180 1904 3387 1967 dit ook hei
3184 1946 3372 1996 leven van
3180 1984 3378 2035 Dan is er
3182 2020 3387 2070 behoudt zic
3179 2061 3395 2117 hankeljjkh
3182 2103 3387 2155 in den lan
3180 2144 3387 2194 geen zegel
3182 2183 3395 2234 grootsprek
3189 2222 3402 2274 zal het go
3181 2259 3404 2319 in Christus
3222 2295 3358 2358 Hierna
3185 2335 3406 2395 dien hif ees
3184 2383 3398 2431 voor zijn #
3189 2419 3390 2472 rillen?, To
3176 2459 3387 2508 wer in de
3172 2497 3377 2555 lande, uib
3180 2541 3401 2591 geest, onda
3187 2579 3401 2630 in hun om
3180 2617 3390 2670 getrouw h
3186 2657 3400 2709 de organis
3190 2697 3399 2747 ken; en ter
3191 2733 3365 2787 overheid.
3191 2773 3396 2828 spr. op ker
3179 2815 3412 2865 gehoorzaan
3182 2853 3397 2904 sten in het
3186 2891 3377 2943 heid. Den
3190 2929 3402 2985 stemmiddele
3189 2970 3410 3022 endoor ziin
3179 3009 3406 3060 werd bij hei
3179 3048 3409 3097 tijds werden
3204 3157 3401 3217 Op de ve¬
3172 3203 3354 3254 kanten
3353 3202 3399 3252 1
3181 3237 3410 3290 cièn, te ho
3174 3280 3381 3328 11 nur in
3185 3315 3411 3375 G. van Duyl
3172 3356 3367 3408 geloof en
3180 3396 3410 3455 Jeugdorgani
3207 3460 3401 3524 Nu bis de
3184 3509 3404 3564 dam de bet
3184 3550 3400 3607 vereeniging
3184 3591 3405 3645 verzocht, in
3182 3632 3339 3680 nocming
3182 3668 3416 3724 muzikale vo
3184 3702 3399 3759 boeien. Het
3174 3745 3402 3795 bevorderen.
3182 3783 3405 3837 gemeente ge
3180 3821 3403 3888 cen voorlez
3208 3915 3407 3989 Beroope
3208 3976 3393 4053 Bedank
3173 4030 3383 4100 J. C. Wissir
