3392 4352
984 76 1394 156 box 17/6
273 74 793 170 11. Reigen
655 602 1762 686 Der „Neigen“=Skandal im Wiener
1047 677 1349 785 Landtag.
736 742 1766 817 Das Verbot der „Reigen“=Aufführungen hätte heute
643 816 1768 878 auch im Wiener Landtag der ursprünglich guständigen
640 861 1766 917 Körperschaft, ein Nachspiel. Der=Skanpyl auf der Bühne
641 945 1783 1021 Ratsstube gefunden.“ Für beide ist der Wiener=Bürger¬
641 1001 1772 1068 meister als Landeshauptmann verantwortlich. Er hat####it
635 1059 1766 1116 seiner Unterschrift dem Schmutz auf die Bühne verholfen
648 1105 1773 1168 und erst diese Tatsache hat die weiteren Folgen, die fast
640 1164 1766 1217 ausnahmslose Empörung der Wienge Bevölkerung, die
647 1205 1765 1259 heute in den Sturmizenen im Landtäg während der Be¬
640 1249 1762 1314 handlung eines sozialdemokratischen Dringlichkeitsantrages
644 1302 1766 1362 in dieser Sache ihren Ausdruck gefunden hat, gezeitigt.
640 1342 1768 1398 Die Kon#ession des Landeshauptmanns an das Dirnen¬
639 1395 1762 1453 und Schiebertum ist eine schwere Beleidigung der Wiener
643 1439 1777 1497 Bevölkerung, von der sich der Chef der Wiener Landes¬
632 1488 1766 1553 regierung vergeblich dadurch reinzuwaschen wünschte, daß
637 1536 1764 1597 er sich bemühte, die Angelegenheit auf das zweite
633 1585 1767 1640 Geleise, die Kompetenzfrage, zu schieben. Diese Frage
640 1634 1763 1698 ist noch nicht entschieden, wenn der Landesbauptmann,
635 1690 1776 1742 wie er es heute getan hat, in eigener Sache den Richter
634 1733 1763 1788 spielt und die Entscheidung über die Aufführung eines
638 1778 1765 1845 Theaterstückes ausschließlich für sich reklamiert. Vom
640 1826 1769 1879 moralischen Standpunkt ist Bam. Reumann jeden¬
641 1879 1769 1937 falls gerichtet, es hätte hiezu nicht erst der Argumente
640 1925 1764 1978 bedurft, die er heute vorbrachte, und die seiner Be¬
636 1976 1759 2049 geisterung für den „Reigen“=Skandal die Krone aufsetzen.
716 2020 1770 2089 In Begründung seines Dringlichkeitsantrages versucht
638 2077 1760 2130 nin GR. Speiser, das Verbot des Bundesministers für
637 2119 1766 2171 Inneres und Unterricht als einen Eingriff in die Autonomie
634 2165 1762 2219 des Landes Wien darzustllen, und schließt seine sehr
633 2202 1771 2264 phrasenreichen Ausführungen mit der Geste: „Wir müssen
639 2251 1759 2303 diesen ersten Angriff auf unsere Autonomie energisch ab¬
631 2291 1761 2372 weisen und verteidigen damit unsere autonomen Frei¬
631 2337 1060 2401 heiten für alle Zeit“.
728 2365 1767 2437 GR. Dr. Seitz= Motzko erklärt, daß der Landes¬
623 2407 1232 2486 hauptmann von Wien sich
772 2474 1643 2533 schwer gegen das Volk von Wien versündigt
628 2530 1762 2584 habe. Es ist geradezu unglaublich, daß dieses Stück, das
628 2576 1759 2631 nichts anderes ist, als eine Konzession auf die Geilheit eines
634 2617 1766 2676 auswärtigen Schiebertums in Wien aufgeführt werden
628 2661 1757 2718 dürfe, und daß entgegen allen Einsprachen der Bürgee¬
625 2701 1759 2754 meister von Wien als Landeshauptmann ein der¬
626 2756 1759 2804 artiges Stück schützt. Wir erheben flammenden
630 2791 1762 2843 Protest gegen dieses Vorgehen, das die Würde und die Ehre
633 2840 1765 2888 deutscher Frauen auf das tiefste verletzt. Wir Frauen von
629 2880 1758 2932 Wien begrüßen es von ganzem Herzen, daß die Regierung
635 2932 1759 2982 den Mut gehabt hat, diesem Skandal Einhalt zu bieten,
628 3001 1752 3057 rechtfertige, wie er dazu gekommen ist, dem ganzen
620 3053 1751 3107 Volke von Wien Trotz zu bieten. (Mit erhobener Stimme:)
622 3101 1764 3160 Hüten Sie sich und spielen Sie nicht mit dem Aeußersten.
629 3139 1753 3194 Es gibt eine Gewalt, die sich stärker erweisen wird, als Sie.
611 3182 1753 3235 Ich verlange im Namen meiner Parteigenossen, daß der
619 3223 1752 3278 Herr Bürgermeister uns über sein Verhalten Rechen¬
641 3275 1753 3327 chaft aibt und ob er gewillt ist, das Verbot über dieses
621 3324 1759 3392 Stück auszusprechen. (Stürmischer Beifall bei den Christlich¬
632 3359 797 3420 oziolen.)
685 3379 1755 3462 Nachdem Frau Gemeinderat Dr. Matko, ihre
612 3427 727 3499 Pede
733 3445 1336 3512 geschlossen, entstebt vor
1337 3447 1761 3502 den Bänken der
621 3489 1154 3546 Christlichsozialen ein
1152 3490 1759 3552 beftiger Meinungsanstausch
616 3534 1758 3598 zwischen der Gemeinderätin Kramer und einigen
1812 33 2950 88 ereignet hat und in dem er einen Mann genannt hat, über
1816 68 2947 141 dessen Leib schon seit fünfzehn Jahren der Rasen liegt. Der
1811 114 2946 184 Herr Landeshauptmann hat es mit seinem Geschmacke ver¬
1807 159 2940 226 einbar gefunden, dies Argument zu gebrauchen, obwohl er
1808 201 2945 272 wissen mußte, daß der Mann, der das erste Mal dieses
1812 242 2936 313 Argument gegen den verstorbenen Abgeordneten Gre¬
1824 297 2936 343 zorig gebrauchte, vor dem Gerichte in Wien als Ver¬
1809 331 2947 402 leumder mit mehrmonatlicher Kerkerstrafe
1823 374 2953 442 bestraft wurde. (Lebhafte Pfui=Rufe und Rufe: So ein
1814 418 2944 492 Landeshauntmann, Leichenschändung!) Ich habe dieser Fest¬
1816 461 2952 530 stellung nichts hinzuzufügen und überlasse es dem Herrn
1817 508 2939 575 Landeshauntmann, sich selbst darüber ein Urteil zu bilden,
1834 549 2950 620 ie ein Mann sich erniedrigt, der in solcher
1810 591 2945 650 Stellung von so niedrigen Mitteln Ge¬
1808 629 2930 710 brauch macht. (Lebhafter Beifall und Händeklatschen
1811 678 2303 743 bei den Christlichsozialen.)
1902 711 2944 791 Der Antrag des Abg. Kunschak wird sodann von der
1818 758 2927 834 Mehrheit abgelehnt, der Antrag Speiser mit ge¬
1817 816 2932 877 nügender Mehrheit der geschäftsordnungsmäßigen Behand¬
1810 853 2943 939 lung zugewiesen. Der Schmutz des Dirnentums hat auch im
1807 894 2605 974 Wiener Landtaa seine Beschützer gefunden!
2063 935 2679 1032 Die Stimmen der Presse.
1905 1003 2935 1086 Die Wiener Kritik hat ziemlich einmütig gegen das
1808 1055 2948 1134 Schnitzlersche Stück Stellung genommen. Selbst ganz
1809 1108 2938 1177 linksstehende Publizisten fanden, das sei denn doch zu
1815 1157 2946 1226 starker Tabak. Jetzt, da aus den akademischen Protesten
1817 1206 2948 1260 Ernst gemacht werden soll, regt sich aber wieder die
1810 1248 2942 1310 Solidarität der literarischen Clique: Anstößig ist dieser
1808 1313 2940 1370 geile „Reigen“ um das Gemeine, aber unternommen werden
1810 1347 2937 1412 darf dagegen nichts! Der „Abend“ dichtet sich dafür
1810 1396 2264 1466 folgende Pose zurecht:
1889 1420 2938 1506 Es ist sonnenklar, daß es sich hier (bei dem Verbote der
1817 1455 2936 1532 Regiernna) nicht um eine Frage der literari¬
1835 1529 2934 1583 chen Sittlichkeit, sondern um eine Machtprobe
1813 1558 2939 1615 handelt. Die kler kale Meute hal eine ihr von Herrn Arthur
1817 1601 2931 1653 Schnitz'er sehr bedauerlicherweise gebotene Gelegen eit benützt,
1815 1646 2938 1695 uim die ihr verhaßte Freiheit des Wortes
1809 1679 2946 1737 bei einer empfindlichen Stelle zu nacken. Die Herren Dr. Funder
1809 1720 2940 1778 und Piffl verbieten aus woh'verstandenem Parteiinteresse die
1810 1753 2934 1809 Anfführung eines Stückes und die Regierung beeilt sich dienst¬
1807 1797 2934 1844 eifrig, den Besehl zu vollstrecken. Man weiß, wie wir über die
1811 1831 2930 1883 Aufführung denken. Es wäre gut gewesen, wenn man sie unter¬
1802 1870 2933 1920 lassen hätte. Das hindert nicht, daß der dreiste Versuch, die
1822 1911 2930 1968 ünstlerische Freiheit einzuschränken, mit
1813 1937 2926 1997 aller Entschiedenheit zurückgewiesen werden muß, ein so
1811 1995 2936 2042 arger Unfug esauch war, daß Herr Schnitzler und
1808 2023 2935 2092 seine geschäftslüchtigen Berater der rückschrittlichen Meute einen
1808 2064 2559 2107 so geeianeten Vorwand dargebracht haben.
1904 2100 2932 2172 Die Aufführung war „arger Unfug“ es wird sogar
1806 2140 2927 2213 zugegeben, daß die Proteste gegen sie begründet waren,
1803 2187 2928 2266 man heißt das „geeigneten Vorwand“, aber in dem
1801 2241 2928 2296 Augenblick, als der „arge Unsug“, zu dem die Schau¬
1801 2294 2939 2349 bühne bekanntlich nicht da ist, abgestellt werden soll,
1803 2347 2927 2409 verwandelt er sich in das Recht auf die „Freiheit des
1811 2385 2932 2449 Wortes“ — Wir wüßten nicht, warum man auf christ¬
1795 2433 2920 2505 lichsozialer Seite bei diesem Anlaß eine „Machtprobe
1800 2495 2930 2554 gesucht hätte. Uns genügt das sozialdemokratische Ergeb¬
1802 2542 2939 2600 nis der Wahlen. Unsug abzustellen scheint uns für eine
1809 2582 2938 2649 Regierung Pflicht und wenn es eine Machtprobe gibt,
1811 2635 2925 2689 o kann das höchstens den Sinn haben, daß sich jetzt
1797 2682 2939 2746 zeigen soll, wer größeren Erfolg hat: die einen, die dem
1808 2736 2935 2798 argen Unfug“ ein Ende machen wollen, oder die andern,
1803 2777 2860 2835 die ihn zu ihrer Parteisache machen und verleidigen.
1888 2824 2934 2877 Mit achtenswerter Konsequenz bleibt bei seinem
1808 2859 2814 2933 Standpunkte das „N. 8 Uhr=Blatt“, das schreibt:
1879 2915 2943 2968 Das Theaier, in dem der „Reigen“ aufgeführt wird, hat
1809 2959 2920 3010 war nur einen Fassungsraum von ungefähr 500 Personen, e
1803 3000 2922 3047 ist aber seit Wochen und auch für die nächsten Wochen aus¬
1807 3037 2918 3085 erkauft. Die Behauptung, daß all die Tausende, die noch in
1800 3073 2927 3119 diese Aufführungen drängen. von reinem Literaturinteresse ge¬
1805 3111 2920 3159 rieben werden, kann mit dem einfachen Hinweis darauf, daß
1800 3156 2920 3205 wesentlich gehaltvollere Werke desselben Tichters keineswegs
1799 3192 2934 3244 auch nur annähernd so groses Interesse gefunden haben, leicht
1799 3234 2925 3280 abgewehrt werden. Dieses Interesse gründet sich vielmehr mit
1805 3266 2933 3320 unverhüllbarer Selbstverständlichkeit auf das zehnmal auf der
1802 3304 2927 3353 Bühne erscheinende Beit oder Sofa und auf Vorgänge, die
1806 3344 2927 3396 durch die plötzliche Verdunklung der Szene eher unterstrichen
1793 3385 2921 3435 als verhüllt werden. Dieses Literaturinteresse der großen Masse,
1803 3424 2923 3473 das regelmäßig dort beginnt, wo die normale Bekleidung der
1797 3465 2922 3512 mitwirkenden Schauspielerinnen aufhört, kennt man zur Genüge,
1799 3501 2924 3552 und es ist eine der schlimmsten Gaukeleien
1797 3535 2928 3611 eines großen Teils der politischen Führer Oesterreichs,
2983 51 3226 109 teilung
2995 90 3285 157 und die Ang
2980 136 3247 203 damit auch
3095 188 3242 248 werden
2983 193 3084 252 sie
2985 240 3169 305 männern
2982 275 3280 350 geführt. Nach
2985 334 3286 405 gesetze (Arl
2991 380 3303 453 hauptmann an
2992 431 3287 491 sowie der Bun
2993 478 3286 540 olche Anordn
2990 525 3280 593 Bundesregierun
2981 577 3274 634 werden. Die
2979 615 3290 683 keinen ander
2974 667 3270 738 wird nicht
2980 718 3287 797 Landeshau
2975 761 3271 828 Die moralische
2978 807 3262 885 der Regierung
2974 857 3287 931 mit so großem
2983 911 3287 979 führung wird a
2975 958 3276 1032 belasten. Sein
