3392 4384
324 207 441 284 11
1015 209 1426 292 box 17/2
503 212 817 304 Reigen
498 557 1272 656 Dr. Max Goldschmidt
577 658 1197 738 „ „  Bureau für .
634 724 1126 807 Zeitungsausschnitte
398 803 1364 855 verbunden mit direktem Nachrichtendienst durch
644 845 1125 911 eisene Korrespondenten.
936 905 1305 971 Telephon: III, 3051.
444 911 777 979 Berlin N. 24.
418 957 1376 1013 —
682 1006 1085 1102 Ausschnitt aus
867 1311 1411 1424 Prager Tagblatt, Prag
953 1575 1262 1667 G·DEZ. 1903
574 1660 1133 1731 mmenniche Welter gu soren.
437 1705 1272 1777 7— Ein neuer akademisch=dramati¬
341 1752 1276 1835 scher Verein in München. Der wegen der Auf¬
344 1798 1285 1883 führung von Schnitzlers „Reigen“ von dem Senate der
346 1842 1286 1932 Münchener Universität aufgeröfte „Akademisch=dramatische
344 1898 1281 1980 Verein“ wurde nun ersetzt durch einen von „Alten
351 1951 1284 2033 Herren“ und Ehrenmitgliedern des früheren Vereines
356 1993 1287 2081 zegründeten neuen Verein, der die gleichen literarischen
348 2039 1284 2128 Ziele verfolgen soll und den Namen „Neuer Verein“
353 2116 516 2182 annimmt.
580 2475 1366 2572 Dr. Max Goldschmidt
701 2573 1273 2653 „  Bureau für
726 2639 1206 2723 Zeitungsausschnitte
483 2697 1445 2769 verbunden mit direktem Nachrichtendienst durch
719 2758 1199 2832 eigene Korrespondenten.
1013 2817 1387 2888 Telephon: III. 3051.
537 2819 857 2896 Berlin N. 24.
758 2925 1159 3003 Ausschnitt aus
766 3171 1172 3264 Berliner Zeitung
936 3359 1174 3442 5.12.03
476 3583 1292 3676 ** Der Münchener akademisch=dramatische
454 3634 1290 3724 Verein, der bekanntlich infolge der von ihm
463 3672 1297 3752 eranstalteten „Reigen“=Aufführung durch Uni¬
468 3713 1299 3794 ersitätsbeschluß aufger#w# ist nach einem
470 3751 1307 3831 etzigen Privattelegramm neu begründet
454 3793 1304 3870 worden und führt jetzt den Namen „Der neue
449 3855 658 3932 Verein“.
2129 611 2917 711 Dr. Max Goldschmidt
2200 701 2822 782 „ Bureau für
2278 771 2759 852 Zeitungsausschnitte
2044 836 3010 924 verbunden mit direktem Nachrichtendienst durch
2276 892 2755 960 eigene Korrespondenten.
2573 953 2943 1016 Telephon: III, 3051.
2094 957 2417 1033 Berlin N. 24.
2041 994 3018 1074 —
2322 1065 2725 1145 Ausschnitt aus
2112 1208 2325 1293 Müsnche
2634 1233 2940 1332 Nachrichten
2430 1458 2763 1551 ∆E DEZ. 1903
2242 1551 2663 1648 Der Reigen.
2138 1625 2754 1686 Eine Geschichte in Zitaten.
2308 1676 2585 1741 Voranzeigen.
2073 1713 2905 1787 Bühne und Welt": Artur Schnitzler hat in seinem
1989 1747 2906 1849 „Reigen“ eine den#enichesten Dichtungen geschaffen, deren
1986 1791 2492 1870 ein blutvoller Künstler faglg ist.“
2007 1844 2896 1907 Blättermeldung (5 Tage vor der Aufführung): Da
1971 1881 2878 1950 die Zensur eine öffentliche Aufführung des „Reigens“ ver¬
1977 1927 2877 1985 bieten würde, muß der Charakter der geschlossenen Vor¬
1969 1966 2875 2021 stellung gewahrt werden. — (4 Tage vor der Aufführung):
1970 2003 2880 2054 Dr. B. bringt in den „M. N. N. eine eingehende Bespre¬
1977 2044 2881 2102 hung der Buchausgabe des „Reigens“, so daß das Publi¬
1972 2080 2870 2156 kum nicht mehr den geringsten Zweifel über das haben
1968 2118 2316 2177 kan, was seiner harrt.
2000 2164 2874 2223 (Der Verein wird mit Gesuchen um Einladungen be¬
1962 2202 2871 2269 stürmt. Unter dem zur Vorstellung erschienenen Publikum
1966 2250 2873 2321 ist das weibliche Element überwiegend. Selbstverständlich
1958 2286 2822 2354 nur Damen und Herren der ersten Gesellschaftsklassen.)
2187 2338 2656 2412 Nach der Aufführung.
1996 2395 2873 2463 „Frankfurter Zeitung": „Daß sich der Verein
1959 2447 2861 2508 nicht abschrecken ließ, war erfreulich und wurde gestern
1964 2493 2873 2552 auch reichlich belohnt durch den starken Beifall der Zu¬
1961 2522 2083 2575 schauer.
2002 2549 2866 2636 „Vayerisches Vaterland": „Der koschere Verein
1948 2596 2810 2653 führte das Gesaires von Aoron Schnitzler auf“ u. s. w.
1998 2642 2867 2706 „Münchner Post“: „Der große Erfolg hat bewiesen,
1959 2676 2863 2745 daß die Stückchen in ihrer tändelnden Grazie auch auf der
1948 2717 2863 2783 Bühne wirken. Die Darbietung wurde mit stürmischem
1952 2754 2193 2813 Belfall belohnt.
1981 2796 2854 2880 Aus dem Diszivlinarbeschluß: „Die Auffüh
1947 2836 2619 2894 rung hat große Entrüstung hervorgerufen.
1986 2875 2864 2938 Wiener „Zeit": „Das Experiment (nämlich die Auf¬
1948 2911 2863 2975 führung des „Reigens') ist vollauf gelungen. Das Haupt
1943 2954 2863 3028 der Jung=Wiener Schule hat einen vollen Triumph
1950 2989 2062 3038 gefeiert.
1986 3022 2862 3085 „Allgemeine Zeitung": „Schnitzler hat seinen
1948 3067 2857 3137 Schriftstellernamen durch diese Aufführung frivol aufs
1950 3106 2487 3158 Spiel gesetzt, wenn nicht verloren.
1987 3140 2859 3208 Blattermeldung: Der Verein soll aufgelöst werden
1940 3189 2792 3259 auf Grund der von der „Allgemeinen Zeitung“ gegen
2794 3196 2850 3255 n
1944 3223 2282 3277 erhobenen Vorwürfe.
1980 3271 2843 3336 Die „Allgemeine Zeitung“ sowie sämtliche Blätter,
1945 3314 2783 3368 die Notizen über die Sache bringen, sprechen gegen
2809 3324 2852 3376 de
1939 3350 2849 3412 Auflösung des Vereins und heben seine literarischen Ver¬
1941 3392 2841 3461 dienste hervor. Nur ein paar klerirale Blätter sind anderhr
1931 3427 2087 3477 Meinung.
1965 3462 2840 3531 Blätteemeldung: Der Verein ist aufgelöst wordes¬
1932 3497 2814 3578 es wird ihm vorgeworten „Zynismus“, „grobe Geschmach
1938 3546 2790 3608 erirrung, „Mangel an Takt und Geschmack" u. s. w.
1961 3590 2822 3668 Blättermeldung: Hermann Bahr will in Wie
1938 3623 2561 3706 Schnitzlers „Reigen“ öffentlich vorlesen.
2545 3684 2582 3754 *
1960 3727 2783 3798 Der Vereinsleiter wurde in eine Nervenheilanstalt
1928 3781 2772 3845 bracht. Er leidet an der fixen Idee, das „Vaterland“
2773 3768 2823 3846 ge
1928 3832 2809 3887 ein bedeutenderes Blatt als die „Frankfurter Zeitung
1930 3867 2836 3944 und sein koscherer Reserent habe mehr Geschmack als Heu
1919 3903 2134 3969 mann Bahr.
