3336 4416
978 199 1401 307 box 17/6
270 204 807 326 11. Reigen
1880 766 2751 875 Einzelpreis = Kronen
2247 901 2746 993 Präuumerationopreisen
2460 962 2563 1015 Velen:
769 848 1327 1042 Wiener
2282 984 2734 1048 Monatlich .. Mark 56.—
2298 1019 2554 1069 Wierteljähelich
2610 1027 2750 1077 150.—
2353 1036 2695 1113 in paknischer Wäbrung
2419 1086 2621 1135 Deusschsand:
2280 1094 2746 1176 Wematlich Mors 10.—3
2427 1156 2615 1214 Frankenich:
2290 1160 2743 1253 Mouatlich Fraues 2.
2448 1216 2585 1276 Itelien:
2296 1233 2470 1310 Monstlich
2578 1237 2741 1317 Ster #
2461 1254 2584 1298 *
2437 1284 2602 1342 Rumämien:
2290 1293 2561 1364 Monstlich
2562 1297 2730 1366 Lei 15.—
2294 1353 2732 1413 Schweiz u. des übrige Auslandi
2291 1393 2732 1454 Monatlich .. Franes 3.—
1380 1368 1636 1470 E
2296 1429 2734 1494 Redaktion u. Administrativn
2283 1482 2730 1541 Wien, 2. Bez., Taborstr. 1-5
2279 1518 2717 1577 Telephuno: 14038, 43319,
2281 1557 2721 1622 ab 6 Uhr abends Nr. 16364
2271 1603 2729 1680 Bostsarkessen###ts 150.802
419 1714 1752 1794 1, Samstag den 12. Februar 1921
2150 1713 2645 1807 3. Jahrgang
507 1858 1692 2060 „Reigen“-Krawalle
1739 1875 2657 2079 Parlament und
1415 2058 1930 2251 Kalhaus.
643 2065 1013 2247 G
448 2243 2750 2337 Neumann gestattet die Aufführung, der Minister Glanz verbietet sie. — Die
455 2307 2740 2406 Polizei schützt das Gesetz. — Lärm und Ohrfeigen im Parlament. — Tumult
1335 2379 1861 2461 im Gemeinderat.
536 2424 1582 2515 Den öffentlichen Aufführungen des „Reigen“ war,
1605 2432 2736 2510 die Freizügigkeitserlässe des Herrn Sever gegen die
445 2465 1568 2556 wie gemeldet, eine Probe für die Zensur vorausgegangen.
1618 2505 2730 2574 Flüchtlinge) für das bedrohte Gesetz aufzutreten. Sie
444 2547 1569 2612 Da sich hiebei kein Grund ergeben hatte, die Vorstellung
1610 2556 2744 2619 schlugen also im Parlament Lärm, die Christlichsozialen
444 2598 1567 2661 zu verbieten, hatte Bürgermeister Reumann in
1609 2608 2723 2659 replizielten mit „Jud! Jud! Jud!“, Herr Sever er¬
457 2647 1566 2714 seiner Eigenschaft als Landeshauptmann den „Reigen“
1609 2654 2726 2713 hielt eine Ohrfeige, man trommelte mit Pultdeckeln,
450 2694 1570 2769 für die Kammerspiele freigegeben. Einer Vorstellung
1609 2700 2726 2754 Fäusten, Aktenstößen. Im Gemeinderat dasselbe Schau¬
447 2746 1567 2800 wohnte nun eine christlichsoziale Gräfin bei. Sie nahm
1611 2755 2731 2813 spiel. Und am Abend stand die Polizei vor und im
443 2789 1563 2853 das ihrer Weltanschauung entsprechende Aergernis und
1602 2804 2733 2864 Theater und schützte das Gesetz. Allen ist geholfen. Der
447 2839 1567 2903 bearbeitete die gesinnungsverwandte Presse so lange. bis
1611 2849 2733 2906 Theaterdirektor hat eine prachtvolle Reklame, die ihn
445 2889 1562 2956 die „Reichspost“ offen mit Ruhestörungen drohte. Ein
1609 2896 2718 2969 keinen Heller kostet, bis Montag sind alle Karten ver¬
433 2938 1567 3009 paar junge Mitglieder der Orel=Partei fühlten sich ver¬
1606 2945 2728 3013 griffen, Christlichsoziale und Sozjaldemokraten steyen
446 2992 1563 3045 anlaßt, die Moral zu retten. Sie hatten, wie sie selbst
1608 2996 2739 3064 vor ihrer Wählerschaft als verfluchte Kerle da. So ist
448 3036 1562 3102 bei der Polizei angaben, das Stück nicht gesehen, nicht
1607 3034 2062 3125 der Reigen geschlossen.
442 3091 1562 3144 gelesen, aber da es die Partei so wollte, versuchten sie
448 3134 1556 3208 im Theater Lärm zu machen, wurden aber verhaftet.
1712 3123 2726 3196 Unsere Ansicht über die Bühnenaufführung des
533 3183 1568 3251 Jetzt war für die Christlichsozialen der Moment
1605 3190 2727 3258 „Reigen“ haben wir bereits nach der Premiere in den
444 3245 1561 3302 gegeben, offiziell, parteiamtlich aufzutreten und aus der
1595 3237 2726 3307 Kammerspielen unzweideutig zum Ausdruck gebracht.
444 3286 1567 3344 Geschichte so viel Kapital zu schlagen als nur möglich.
1611 3287 2716 3341 Schnitzler hat diese Dialogreihe nicht für die Bühne ge¬
441 3325 1563 3391 Sie haben ja in der letzten Zeit viel Pech gehabt. West¬
1605 3334 2722 3391 schrieben, hat sich durch lange Jahre gegen die In¬
448 3383 1570 3438 ungarn kriegen sie von Horthy nicht, mit dem Anschluß
1597 3381 2728 3433 szenesetzung des „Reigen“ gewehrt, ja, eine im Jahre
444 3427 1572 3476 kann man nichts machen, in Paris hat ihre glotreiche
1609 3436 2732 3485 1919 veranstaltete Aufführung im letzten. Augenblick
441 3476 1567 3533 Regierung keinen Erfolg gehabt. Also her mit den
1606 3484 2719 3534 inhibiert. Wir haben mit Bedauern festgestellt, daß der
436 3520 1553 3590 Juden! Das hat noch immer genützt. Die Regierung
1607 3531 2715 3588 Dichter sich selbst untreu geworden ist, wenn er jetzt
432 3575 1566 3643 fürchtete sich zuerst, grob aufzutreten, und der Minister
1601 3580 2715 3642 die Bühnenaufführung kuldet, und halten die von
435 3629 1566 3681 Glanz schrieb an den Polizeipräsidenten Schober einen
1600 3624 2722 3692 Schnitzler so lange Zeit geäußerte und bewiesene Ueber¬
434 3672 1566 3741 Brief, er möge doch so gut sein und den „Reigen“ ein¬
1602 3672 2718 3741 zeugung aufrcht, daß die Inszenierung dieser Dialoge
442 3724 1556 3794 stellen. Herr Schober wollte nicht, denn das Gesetz
1598 3716 2718 3782 unkünstlerisch, ja geschmacklos ist. Auch die Art, wie der
434 3772 1562 3844 spricht da zu deutlich. Also mußte der Kabinettsrat, da
1600 3776 2717 3839 „Reigen“=Rummel begann, war uns nicht gerade som¬
439 3823 1553 3894 die „Reichspost“ und die übrigen Blättlein, die das
1600 3825 2711 3882 pathisch. Für eine Sensationsmache mit Tausendkronen¬
440 3873 1566 3936 „Fensterln“ auf dem flachen Land als gemütstiese
1605 3872 2711 3952 sitzen haben, wir nichts übrig. Auch für das Publikum
431 3915 1548 3977 Aeußerung rustikalen Wesens lieben und den Operetten¬
1602 3919 2625 3984 nicht, das sich lüstern um die teuren Plätze balgte.
442 3967 1550 4038 schund als höchste Blüte „weanerischen Hamurs“ ver¬
1676 3962 2722 4027 Deshalb ist aber der christlichsoziale Feldzug gegen
441 4021 1550 4080 ehren, eine Sitzung halten und den „Reigen“ ver¬
1592 4020 2703 4088 den „Reigen“ nicht minder verlogen und lächerlich. Die¬
437 4062 1560 4126 dammen. Wenn man schon kein Geld hat und der
1597 4065 2711 4125 selben Herren, welche gegen die Verderbung des Wiener
436 4110 1553 4188 Finanzminister von einem 42=Milliarden=Defizit erzählt,
1598 4117 2710 4184 Kunstgeschmacks durch die Operettenseuche nichts einzu¬
434 4167 1560 4226 dann will man doch wenigstens die Sittlichkeit retten.
1594 4163 2713 4221 wenden hatten, laufen jetzt gegen eine Aufführung
