3392 4384
975 187 1388 288 box 17/2
276 186 786 297 11. Reigen
1117 1217 1499 1291 au. Wansen und in Be¬
378 1264 691 1337 liebiger Zai. die
630 1271 1472 1414 Expedition der Allgemeinen Zeitung
759 1395 1350 1456 München, Bayerstrasse 57/59.
446 1527 1503 1590 ** In der heutigen Beilage zur Allgemeinen Zeitung
376 1575 1498 1633 veröffentlichen wir einen Artikel: Zur Ethik des Gesamt¬
377 1621 1496 1670 willens von Dr. I. Unold (München); sodann den Schluß der
371 1662 1334 1722 Gedichte und Briefe Mörikes an seine Braut.
751 1762 1122 1865 Feuilleton.
670 1899 1200 1986 Schnitzlers „Reigen“
360 1974 1499 2028 (Anläßlich der Aufführung des Münchner Akademisch=dramatischen
602 2022 1277 2085 Vereins im Kaimsaal, 25. Juni 1905.)
450 2061 1487 2117 T. Von den zehn kleinen Gesprächen, die der Wiener
371 2109 1497 2171 Schriftsteller Arthur Schnitzler im Jahre 1900 als
369 2154 1499 2213 Manuskript, im Jahre 1903 für die Oeffentlichkeit drucken
371 2201 1499 2251 ließ, sind gestern vom Akademisch=Dramatischen Vereine
369 2244 1413 2301 drei vor geladenem Publikum aufgeführt worden.
376 2289 1483 2337 im Wiener Verlage erschienene Buch hat verschiedene Mei
373 2331 1488 2384 nungsäußerungen für und wider veranlaßt. Die Urteile
377 2374 1496 2429 umfaßten die ganze Skala vom Hymnus bis herab zum
375 2419 1491 2476 Schrei nach dem Staatsanwalt. Es scheint daher geraten,
374 2465 1487 2522 ruhig und in der Reihenfolge des Entstehens die Geschichte
369 2502 1491 2563 dieses viel besprochenen Buches, sowie die Etappen seiner
365 2547 1329 2601 Ueberlassung an die Oeffentlichkeit zu betrachten.
461 2590 1493 2643 Arthur Schnitzler hat durch seine Schauspiele (Anatol
366 2630 1483 2681 1893; Das Märchen 1894; Liebelei 1895; Freiwild 1896
365 2676 1491 2737 Das Vermächtnis 1898; Paracelsus Die Gefährtin, Der
366 2720 1495 2769 grüne Kakadu 1899: Reigen 1906 Der Schleier der Bea¬
361 2767 1489 2823 trice 1900: Lebendige Stunden 1902), sowie durch mehrere
363 2807 1493 2867 Novellen sich einen der vordersten Plätze in der gegen¬
356 2851 1484 2903 wärtigen deutschen Literatur errungen. Er ist verschiedent¬
365 2887 953 2942 lich ausgezeichnet worden, auch
1025 2898 1488 2950 denn wir uns nicht irren
951 2896 1025 2939 —
426 2934 1485 2989 durch die höchste Ehrung, die sein Vaterland dem drama¬
351 2975 1487 3035 tischen Schriftsteller verleihen kann, den Grillparzer=Preis.
361 3021 1487 3069 Der Mann hat also einen geachteten Namen durch achtbare
359 3064 1481 3132 Leistungen erworben; er hat diesen Namen zu bewahren;
358 3112 1170 3180 er darf ihn nicht frivol aufs Spiel setzen.
1354 3265 1427 3344 2
1624 1194 2648 1276 Wir bemerken ausdrücklich, daß laut einem uns zuge¬
1523 1266 2643 1314 gangenen Berliner Privattelegramm auch im national¬
1534 1304 2653 1379 liberalen Zentralbureau 51 Mandate gezählt
1526 1350 1605 1406 sind
1606 1384 2655 1447 Von dem Rückgang des Zentrums um bisher
1625 1513 2650 1579 Die zehn Gespräche „Reigen“ demonstrieren das Be¬
1534 1603 2644 1666 demjenigen Vorgang, dem wir alle unser Dasein ver¬
1527 1652 1665 1706 danken.
2302 1653 2647 1706 1. die Dirne,
1665 1651 2303 1717 Die zehn Personen sind:
1521 1697 2642 1747 2. das Stubenmädchen, 3. die junge Frau, 4. das
1535 1741 2640 1793 üße Mädel, 5. die Schauspielerin, 1 a. der Soldat,
1525 1785 2636 1835 2 a. der junge Herr, 3 a. der Ehegatte, 4 a. der Dichter
1525 1826 2638 1877 5 a. der Graf. Die Handlung entwickelt sich folgender¬
1524 1872 2641 1923 maßen: 1 + 1a; 1a + 2; 2 + 2a; 2a + 3;
1517 1906 2641 1962 3 + 3a; 3a + 4; 4 + 4a; 4a + 5; 5 + 5a;
1522 1955 2648 2008 5 a + 1. — Die Dialoge sind so ausgetüftelt, berechnet
1529 2001 2639 2046 und absichtlich, daß nur eine arithmetische Formel zur In¬
1529 2045 2640 2089 haltsangabe geeignet erscheint. Die Szenen sind, wie alles
1526 2087 2639 2138 von Schnitzler, mit jener mechanischen Präzision gearbeitet,
1524 2127 2637 2184 die genügsame Kritiker raffiniert nennen; die Rädchen
1521 2161 2639 2220 greifen ineinander wie bei einem Uhrwerk. Niemand wird
1526 2211 2639 2261 von einem Uhrwerk verlangen, daß es Seele, Feuer,
1532 2253 2643 2302 Schwung oder Humor habe. Anders liegt der Fall bei
1528 2299 2647 2347 einem Kunstwerk, anders vor allem bei einem Drama. Mit
1526 2342 2645 2405 blasiertem Zynismus zeigt Schnitzler, daß auch für die
1520 2385 2647 2437 Liebe das Wort gilt: Plus ga change, plus c’est la
1526 2422 1802 2484 mème chose.
1805 2426 2634 2479 Es ist der verächtliche Pessimismus des
1527 2470 2639 2522 Goetheschen Mephistopheles, von dem aus die Liebe hier
1521 2515 2511 2559 beurteilt wird: „.. und dann die hohe Intuition
2579 2519 2641 2570 ich
1528 2555 2638 2611 arf nicht sagen — wie — zu schließen!" Der psychologische
1522 2602 2638 2646 Verlauf jedes einzelnen Dialoges läßt sich nur in zwei la¬
1527 2643 2167 2701 teinischen Hexametern andeuten:
1642 2692 2471 2762 Visus, colloquium, risus, post oscula tactus,
1633 2745 2587 2813 Post tactum factum; post factum poenitet actum.
1621 2798 2628 2869 Uleberhaupt ließe sich der Bericht über Schnitzlers Dia
1520 2858 2633 2906 oge leichter lateinisch als deutsch schreiben, wie die alten
1523 2897 2635 2948 Moralisten es auch zu tun pflegten, wenn dieses Gebiet zu
1513 2939 1833 2994 behandeln war.
1846 2947 2637 2997 Zehnmal hintereinander wiederholt
1527 2978 1761 3034 Schnitzler:
1768 2984 2632 3033 Dumm und verächtlich sind Männchen und
1514 3025 2639 3077 Weibchen, lächerlich in ihrer dumpfen Brunst, widerlich und
1513 3077 2633 3130 roh in ihrer Ernüchterung. Auch größeren Dichtern ist
1515 3110 2641 3165 dieser Gedanke nicht fremd gewesen; sie haben ihn vor¬
1495 3222 1589 3347 1
2225 3257 2281 3355 V
2681 1197 3296 1285 ungünstigsten Faue immer noch
2682 1262 3091 1319 Bayern wahren.
2773 1299 3293 1365 Das Zentrum konnte in
2681 1347 3273 1398 Wahlkreis Würzburg behaupten,
2679 1393 3299 1444 kreis Wasserburg, den es dem Ba
2686 1510 3292 1580 ibergehend da und dort in einen
2680 1570 3295 1619 ie haben nicht im physiologischet
2673 1614 3292 1674 Liebe gesehen; sie haben nicht die
2672 1653 3289 1704 betrachten, einseitig in einem ein
2681 1701 3296 1749 ariiert; sie haben nicht die aumt
2681 1742 3288 1795 gen, die jahrtausendalte Verklärt
2676 1788 3282 1835 haben nicht zehnmal dem Leser
2678 1826 3294 1888 toßen. Das alles aber hat Schn
2669 1872 3296 1933 daß er in einer bestimmten Hinsic
2672 1915 3274 1971 allem Schopenhauer großartig
2677 1960 3297 2012 haltung der Gattung der Liebe
2674 1999 3271 2053 Ziel sei: dennoch hat Schnitzler
2674 2044 3293 2089 Seit Menschen denken und dichten
2669 2091 3301 2143 gerade diesen Trieb zu sublimi
2679 2117 3276 2186 Innigkeit des Gemütes, alles
2679 2166 3294 2227 ind Veredelungsmöglichkeiten, a
2673 2211 3293 2276 Schwärmerei, an philosophischer
2672 2255 3290 2313 Glück und religiöser Weihe in il
2672 2300 3300 2351 Menschen dankbar und hoffend u
2665 2342 3288 2399 haben dunkel gefühlt, daß die höl
2671 2386 3294 2439 Auffassung der Liebe sie vor alle
2664 2430 3293 2483 die Geschichte der menschlichen Ku
2675 2470 3297 2533 Anschauungen über die Liebe ge
2677 2512 3296 2577 zionen aller Völker, die Dichtung
2672 2563 3290 2618 das Sinnen und Sehnen von Mi
2664 2600 3293 2654 der Liebe etwas Beglückenderes,
2667 2645 3291 2691 gemacht; wir haben die Liebe ver
2679 2691 3302 2745 eheimnis und Ergriffenheit um
2664 2733 3289 2789 herein in den großen und rein
2663 2776 3291 2834 Liebe und zeigt höhnend, daß a
2672 2818 3289 2880 Grunde nur ein lüsterner Bube
2666 2857 3287 2911 waren! Es ist wie wenn er
2670 2898 3299 2956 Aphroditestatue sich paaren ließe
2765 2949 3294 2999 Es ist Schnitzlers gutes Re
2672 2991 3303 3038 vie er will. Aber es ist auch un
2670 3033 3273 3092 fassung als unkünstleriich, als
2667 3079 3294 3130 Standpunkt jeder Sittlichkeit aus
2753 3120 3294 3190 Es stand Schnitzler frei, sei
2768 3295 2932 3359 14
