3436 4256
364 203 499 293 11.
555 211 865 302 Reigen
1057 213 1479 304 box 18/2
933 1021 1687 1098 und Revol## u-el
864 1209 1837 1308 Bemerlung zum „Reigen“-Prozeß.
838 1286 1934 1359 Nachdem ich in dem leider allzu bekannten „Reigen“=Prozeß
770 1340 1924 1399 als Zeuge vernommen worden bin, gestatte ich mir, noch folgende
769 1395 1930 1442 kurze „sachverständige" Bemerkung (ich betätige mich seit Jahren
778 1428 1924 1489 theater= und buchkritisch und habe die Berliner Erstaufführung
772 1470 1931 1537 des „Reigen“ als kritischer Mitarbeiter eines großen auswärtigen
763 1526 1074 1585 Blattes besucht):
846 1544 1931 1625 Da der Dichter Arthur Schnitzler nicht auf der Anklagebank
775 1604 1924 1674 sitzt, glaube ich nicht, daß man ihn gegen den Vorwurf von Un¬
776 1648 1926 1713 züchtigkeiten zu verteidigen braucht. Nur zwei Aeußerungen
780 1696 1933 1751 über die Wirkung seines Werkes, das bereits als Teil des
782 1743 1926 1809 Schnitzlerschen Gesamtkunstwerkes den Vorwurf der Unzüchtig
785 1778 1931 1844 keit als absurd zurückweifen muß, möchte ich hier als bezeich¬
785 1828 1125 1897 nend wiedergeben:
855 1849 1941 1923 Ein Freund, dessen innere Ehrlichkeit allen, die ihn kennen,
785 1918 1943 1983 unzweifelhaft erscheint, erklärte mir, daß er durch das Stück in
788 1956 1944 2021 eine tiefe Melancholie, ja geradezu in eine Stimmung des
787 1994 1941 2067 Schauderns geworfen worden sei; er sei nachts durch die Straßen
787 2040 1942 2107 der Großstadt gegangen, und die Häuser schienen ihm Leben zu
790 2077 1931 2147 bekommen und vom Grunde bis zum Dache von zischender
791 2127 1943 2196 Schlangen durchkrochen zu werden. Diesem Eindrucke des „er¬
789 2168 1940 2250 regenden Liebesstückes“ steht die Erzählung zur Seite, die mir
805 2213 1940 2292 vor wenigen Tagen von einem anderen Manne gemacht wurde
793 2254 1933 2331 der nichts weniger als weltabgekehrt zu sein scheint: dieser wa
804 2302 1936 2373 mit einem Mädchen zusammen aus der Vorstellung des „Reigen
803 2339 1946 2416 fortgegangen; es sei ihm jedoch (Wahrheit verlangt wahre Be¬
800 2398 1948 2471 handlung!) unter dem Eindrucke der letzten sozusagen verzwei¬
803 2436 1944 2506 selten und in der Aufführung des Kleinen Schauspielhauses noch
803 2476 1943 2553 um einige Töne dunkler gespielten Szene nicht möglich gewesen
802 2527 1729 2586 mit der Frau in die innigste Berührung zu treten.
875 2558 1939 2634 An eine andere Dichtung möchte ich angesichts des „Reigen
802 2601 1945 2674 noch erinnern, die lange Zeit das vergiftete Tageslicht der sitt¬
807 2652 1947 2717 lichen Welt scheuen mußte. Ueber diese kleine Dichtung, die die
803 2685 1951 2770 seelischen und körperlichen Gefühle und Untergefühle um den
803 2739 1959 2802 Geschlechtsakt herum zärtlich und tiefklar wiedergibt, schreibi
815 2785 1954 2849 der Genosse des Dichlers: „In hohem Grade sittlich in ihrer
811 2820 1965 2894 Tendenz, jedoch so ohne alle Rücksicht natürlich und wahr, daß
806 2861 1962 2937 die Welt dergleichen unsittlich zu nennen pflegt.“ Der Dichter¬
816 2908 1950 2984 genosse heißt Eckermann, der Verfasser des Werkchens, den mar
807 2948 1954 3029 füglich als lasterhaft und undeutsch verpönen sollte, heißt Jo¬
811 2991 1952 3071 hann Wolfgang Goethe, und die kleine Dichtung ist „Da¬
794 3062 1065 3133 „Tagebuch“.
604 3101 855 3182 0 K
1408 3221 1551 3409 ∆
1949 1017 3109 1105 gung der englisch=japanischen Allianz, und anvererseits entspricht
1928 1087 3101 1153 der Vorschlag Hughes', wona chEngland mit 24 Großkampfschiffen
2020 1190 3107 1242 Schließlich möchte ich als Jurist zur subjektiven Seite der
1948 1229 3102 1294 Anklage gegen die Schauspieler und Schauspielerinnen sagen, daß
1959 1286 3098 1333 es eigenartig genannt werden kann, Künstlern die Bezeichnung
1957 1322 3102 1383 einer unzüchtigen Handlung vorzumerfen, nachdem eben zuvor
1955 1360 3112 1424 eine deutsche Zivilkammer die Schnitzlerschen Szenen für eine
1965 1402 3109 1470 sittliche Tat erklärt hatte. Zivilrechtlich wären meiner Ansicht
1966 1446 3106 1510 nach zudem die Darsteller nicht berechtigt gewesen, unter Ab¬
1956 1489 3109 1554 lehnung ihrer Rollen die Mitwirkung an der „Reigen“=Auffüh¬
2744 1533 3086 1596 Dr. Erwin Reiche.
1968 1542 2318 1620 rung zu verweigern.
2247 1665 2817 1761 Musikkeitische Gähre
2490 1765 2584 1824 Von
2358 1803 2741 1899 Siegmund Pisling.
2048 1881 3115 1952 Das Bild Straußens erhält durch drei Hymnen nach
1975 1931 3116 1997 Hölderlin, die im Konzert der Großen Volksoper zum allerersten
1979 1979 3115 2039 Male aufgeführt wurden, keinerlei neue Züge. Eine sehr
1976 2010 3113 2082 musikantische, sehr dionysische Erregtheit, die mit allen Künsten
1975 2062 3113 2124 des Satzes souverän schaltet und waltet, umgibt spröde Verse mi
1976 2107 3114 2173 einer derartigen Glätte, daß der Gedanke, Strauß kopiere wiede
1974 2154 3124 2221 einmal seine eigene lyrische Methode, sich nicht von der Hand
1979 2193 3117 2259 wossen läßt. Der Magier des Kolorits und werbenden Aperaus
1977 2239 3126 2298 verleugnet sich nicht in diesen schwierigen, dabei nicht einmal
1975 2278 3129 2342 sonderlich dankbaren Orchester=Pramen mit obligater Singstimme,
1978 2322 3129 2393 die Herrn Brecher, dem Orchester und Frau Kemp zu schaffen
1975 2364 3126 2424 machten. Brecher konnte nach der fein abwägenden Darstellung
1983 2408 3127 2474 der Alpensinsonie von Strauß, die, je öfter man sie hört, desto
1982 2457 3135 2516 äußerlicher, filmartiger, plakatmäßiger erscheint, für rauschenden
1988 2512 2236 2568 Beifall danken.
2049 2523 3132 2597 Bei Eva Bruhn, der gutbeglaubigten Sängerin, war ich
1977 2589 3126 2654 Zeuge, wie eine sorgfältig ausgebildete Stimme vos bemerkens¬
1979 2619 3123 2688 werter Schönheit nach edlen Aufschwüngen immek wieder in
1994 2670 3134 2729 tumpferen Ausdruck verfiel, während dem begleitenden Giese¬
1982 2713 3131 2780 king vor lauter Säuseln und Sinnieren keine gesunde Phrase
1990 2749 3142 2822 gelang ... Alexander Kipnis macht durch eine braun¬
1993 2794 3132 2873 samtene Baßstimme aus guter Schule aufhorchen. In der Höhe
1986 2850 3147 2907 an Joseph Schwarz erinnernd, gibt sie dem Ausdruck in Schu¬
1990 2885 3149 2955 bertschen Liedern ziemlich elastisch nach ... Eine Stunde mit
1987 2932 3139 2994 der hervorragend klugen und objektiven Pianistin Sandra
1993 2982 3137 3040 Droucker. Moussorgskys „Bilder von der Ausstellung“ werden
1987 3017 3150 3097 auf einem unqualifizierharen Flügel so weit lebendig, daß man
3141 1021 3229 1097 angt
3138 1087 3240 1142 vnn d
3129 1183 3190 1238 die
3188 1182 3239 1235 #
3130 1223 3242 1283 Debuf
3138 1273 3239 1320 Ueber
3144 1315 3243 1370 ritikl
3133 1358 3238 1414 zurück
3142 1401 3240 1454 mit
3133 1438 3233 1503 gelen
3138 1488 3231 1548 groß
3139 1533 3235 1582 Virtu
3143 1618 3217 1668 Dur
3144 1662 3228 1710 Pian
3134 1701 3221 1757 Lorb
3132 1750 3205 1801 auf
3144 1836 3220 1888 griec
3142 1878 3222 1933 die
3139 1923 3201 1969 ten
3139 1964 3213 2019 Pro¬
3143 2007 3206 2061 wie
3147 2051 3215 2105 3 1145
3154 2098 3207 2142 der
3158 2137 3217 2193 mor
3157 2309 3203 2364 sat
3155 2355 3213 2408 vol
3159 2392 3211 2442 un
3155 2433 3214 2494 Si
3157 2486 3197 2528 un
3171 2802 3209 2850 4
3168 2846 3202 2892 E
