3392 4256
287 178 797 273 11. Reigen
988 179 1394 260 box 18/1
1102 996 1175 1027 — —
741 1064 1674 1124 dieser kraftstrotzenden Umgebung: zwei Ma¬
748 1109 1323 1173 donnen des Sandro Botticelli.
797 1139 1670 1210 Und so war der Mann. Trotz seiner Sechzig
744 1194 1677 1256 und seines grauen Haares, stark, jugendlich,
749 1225 1677 1289 elastisch, der Erbe von Räubern und Haudegen.
757 1274 1677 1330 In seinen stählernen Gliedern, seiner ragenden
760 1306 1683 1367 bestalt zitterte ihr kriegerisches Ungestüm, in
771 1340 1670 1405 einen großen dunklen Augen sprühte ihre blut¬
755 1390 1677 1445 getränkte Wildheit. Doch die feinen, adligen
762 1419 1673 1493 inger, die oft, einen treffsicheren Ausdruck
769 1459 1679 1524 uchend, in die Luft griffen, die schmale, klug ge¬
760 1504 1676 1559 wölbte Stirn verrieten die Geistesarbeit, die
757 1531 1676 1599 dieser eisenfeste Schädel vollbracht hatte. Seine
760 1571 1677 1635 bartlosen Lippen aber verrieten Härte und
761 1612 1675 1677 Kühnheit, Sinnenfreude und Menschentum in
756 1659 1469 1711 allem Großen und in allem Kleinen.
1260 1693 1632 1767 (Fortsetzung folgt.)
929 1806 1515 1905 Kunst und Wissenschaft.
825 1888 1685 1967 Schnitzlers Beigen in Berlin. Im Kleinen
763 1939 1677 2001 Schau#echaufe zu Berlin + Direktion Gertrud
1520 1976 1685 2026 war für
1411 1986 1514 2021 —
766 1974 1407 2042 Eysolot und Maximilian (Slädek
769 2014 1679 2079 den Tag vor Weihnachten die Uraufführung von
767 2054 1685 2122 Schnitzlers bis zur Abschaffung der Theater¬
1432 2092 1688 2142 gewesenem
1259 2100 1416 2148 verbgten
952 2102 1187 2155 allenthalben
768 2109 887 2162 zensur
772 2129 1690 2193 „Reigen“ angekündigt. Und die Vorstellung
784 2179 1688 2229 and auch gegen den deutlichen Besehl einer vor¬
782 2203 1689 2265 äufigen gerichtlichen Entscheidung statt. Vor
771 2245 1685 2312 Beginn trat Gertrud Eysoldt an die Rampe
773 2289 1693 2343 und hielt eine richtige Volksrede, worin sie sagte:
783 2323 1695 2381 Das neue Regime der Hochschule für Musik (die
779 2368 1693 2421 Hauswirtin des Theaters) suche mit allen Mit¬
784 2404 1693 2458 eln an dem Mietsvertrag des Kleinen Schau¬
1312 2434 1689 2495 denn die Hochschule
776 2449 1257 2501 spielhauses zu rütteln
776 2472 1697 2535 wünsche den Theatersaal wieder für ihre eigenen
780 2513 1690 2578 Zwecke zu haben. Als Mittel für solchen Zwedk
785 2549 1689 2608 würde nun der aus dem königlichen Zeitalter
785 2587 1695 2644 stammende Mietsvertrag, beziehungsweise der
787 2624 1695 2684 Paragraph benutzt, der dem Theater die Auf¬
797 2663 1697 2727 ührung politischer und unzüchtiger Stücke
781 2706 1696 2756 untersage. Die Hochschule habe Einspruch er¬
785 2735 1695 2800 hoben gegen die Aufführung von Schnitzlers
783 2777 1700 2836 „Reigen und das Theaterunternehmen mit
793 2821 1705 2871 diesem Vorgehen in seinem finanziellen Dasein
792 2851 1699 2910 bedroht. Auf Betreiben der Hochschule habe in
787 2894 1702 2946 letzter Stunde das Unterrichtsministerium die
788 2944 1704 2984 Angelegenheit in die Hand genommen und, in¬
796 2967 1705 3024 dem es Schnitzlers Werk als unzüchtig brand¬
793 3010 1700 3066 markte, die vorläufige gerichtliche Entscheidung
786 3042 1707 3101 erwirkt. Schließlich rief sie mit einigem Pathos
1175 3143 1331 3272 #
920 3233 1056 3324 Msse
1334 3220 1677 3322 D  De
1705 1042 2642 1102 aus: „Und es wird doch gespielt! Ich und mein
1714 1083 2640 1140 Kompagnon werden ins Gefängnis gehen, weil
1722 1132 2648 1179 vir Schnitzler, den ich liebe und verehre, nicht
1713 1160 2642 1217 als Pornographen beloidigen lassen. Wir stehen
1724 1197 2635 1254 ier im Kampfe für die Kunst!“ War es nur
1724 1235 2632 1300 ünstlerische Begeisterung, die nach dem „Reigen“
1873 1277 2649 1328 Frau Eysoldt sagte aufrichtig: „Man
1714 1284 1816 1337 griff:
1727 1316 2641 1366 tollte uns vor den Zusammenbruch.“ Dazu ist
1721 1348 2643 1404 bekannt, daß die Zeiten für das Theater
1730 1389 2642 1443 chwierig sind, und es wäre recht drollig, wollte
1719 1435 2645 1481 einer behaupten, künstlerischer Eifer habe Hun¬
2295 1461 2649 1514 in das gleiche
1729 1465 2291 1517 erttausende von Zuschauern
1730 1498 2638 1557 Kkleine Schauspielhaus zur „Büchse der Pandora“
1716 1551 1910 1608 getrieben.
1775 1579 2653 1640 Man hat nun Schnitzlers zehn erotische Dia¬
1726 1622 2649 1679 loge auf der Bühne gesehen. Es sind nicht bloß
1727 1662 2655 1718 handlungslose Gespräche. Dort, wo im Buch
1729 1711 2657 1755 die Konversation in ein Vorher und Nachher
1728 1734 2649 1793 scheidet. Punkte und Gedankenstriche gesetzt sind,
1735 1785 2653 1829 iel vor der kleinen, in Gazeschleier gehüllten
1724 1814 2659 1867 Biedermeierbühne der diskrete Vorhang. Mit
1728 1852 2647 1913 Geschicklichkeit ohne plumpe Unterstreichung und
1730 1895 2649 1947 allzu pointierte Aufreizung wurde die Aufgabe
2431 1927 2649 1975 Es war die
1737 1933 2424 1984 gelöst. (Regisseur Hubert Reusch.)
1728 1968 2651 2021 Kunst des französischen Rokokos, das Animalische
1738 2009 2661 2063 einer Schwere zu entheben, es in die Zone der
2453 2042 2662 2097 Schnitzlers
1734 2061 2444 2098 geflügelten Amoretten zu tragen.
1733 2081 2663 2141 Wienertum hat viel von dieser Art — wiewohl
1743 2116 2658 2182 vehmütige Resignation ihn immer wieder an
1731 2164 2668 2211 die Erde kettet. Daß eine Bühne in Berlin
1738 2195 2663 2248 bis zu einem gewissen Grad jenen Rhythmus
2467 2234 2656 2295 Schauspie¬
1746 2238 2417 2289 and, war eine hübsche Neuigkeit.
1737 2281 2326 2327 lerische Großtaten gab es nicht.
1791 2296 2669 2376 Übrigens trifft die in einzelnen Blättern
1739 2364 2659 2412 verbreitete Mitteilung, daß das gerichtliche Ver¬
1745 2393 2653 2453 bot der Aufführung von Schnitzlers „Reigen“
1744 2432 2672 2489 aufgehoben worden sei, nicht zu. Nachdem sich
1750 2478 2670 2525 as gerichtliche Verbot als wirkungslos erwiesen
1749 2513 2665 2566 hat, ist nunmehr die Auflösung des zwischen der
1741 2550 2660 2601 Musikhochschule und der Direktion Sladek¬
1745 2584 2669 2640 Eysoldt bestehenden Vertragsverhältnisses auf
1745 2618 2661 2690 dem Wege des Zivilpregesses eingeleitet worden.
1798 2666 2670 2740 R. Die neuen Reichsbanknoten. Die Reichs¬
1747 2719 2669 2776 bank, gibt demnächst eine Folge neuer Noten
1745 2761 2671 2811 aus, zu 100, 50 und 10 Mark. Der Ent¬
1758 2792 2675 2850 vurf dazu stammt von bekannten Künstkern:
2484 2830 2668 2876 G. W.
1753 2834 2481 2888 die neue Hundertmarknote entwarf
1759 2870 2678 2928 Hadank von der Unterrichtsanstalt des Ber¬
1754 2904 2677 2969 liner Kunstgewerbemuseums, der neue Fünfzio¬
1758 2950 2683 2998 markschein geht auf einem Entwurf von Pros.
1751 2990 2684 3044 Arthur Kampf zurück, dem Direktor der
1755 3035 2694 3096 Berliner Kunsthochschule, den Zehnmarkschein
