3444 4320
307 185 419 267 11
349 1378 405 1427 e¬
346 1416 408 1464 d,
348 1537 405 1578 m
358 1571 411 1621 ch
361 1614 410 1663 st
373 2014 409 2057 I,
372 2125 418 2172 n
380 2441 416 2484 e
1008 190 1414 279 box 18/1
506 189 790 281 Reigel
835 1380 1249 1462 Theaterbriefe.
947 1452 1140 1532 Berlin.
577 1466 674 1539 71
662 1435 745 1564 0
474 1487 602 1574 2
905 1522 1172 1597 Reigen.
525 1581 1629 1633 Schnitzlers „Reigen“ soll in den Schmutz gezogen werden.
512 1628 1621 1677 Zu diesem-Zmeck entsendet man nun noch ordentliche Richter ins
446 1671 1621 1720 Kleine Schauspielhaus. Diese Richter aber werden sich nach den
449 1712 1622 1760 ersten Szenen bei den feisten Händen fassen und den Reigen mit¬
455 1754 1621 1794 machen. Denn der Reigen Schnitzlers ist ja doch nur ein Stück
459 1782 1618 1834 Menschenleben, das Stück sogar, welches die gemeine Erotik ver
458 1827 1625 1875 pönt und die richtige, echte, unkomplizierte, baumwollene und seidene
464 1863 1624 1912 Erotik so hinstellt, wie sie ist. „Reigen“ ist ja nur eine akustische
460 1907 1620 1954 Pholographie von dem, was uns durch dieses Leben treibt. „Reigen“
453 1945 1509 2007 ist ja nur Erotik. Soll ja durch garnichts bemäntelt werden!
1390 1974 1631 2031 keinen Beifall.
536 1987 1272 2036 Und das Publikum? Es spendete einmütig
460 2021 1623 2072 50 Prozent, weil ihnen die Sache in ihrer Einfachheit der Ausführung
453 2066 1622 2111 und des Gedankens gar nicht erheblich zu denken gob, und der Rest
449 2103 1635 2151 weil die eigene hinter ihm liegende Triviulität schwer den glotzigen
1538 2138 1625 2186 Sollte
461 2137 1436 2184 Schädel zerbimmerte. Also: erstklassige, reine Wirkung.
1589 2178 1636 2226 so
460 2170 1586 2233 jedoch die aufrechte Direktion Sladek=Eysoldt verdonnert werden,
459 2215 1635 2270 wäre das ein trauriges Zeugnis für die moralische Beschaffenheit
453 2255 1629 2306 unserer Obrigkeit. — Wie soeben gemeldet wird, ist die Verfügung
454 2293 1471 2349 vom Landgericht llI aufgehoben worden. Gracia madonna!
527 2335 1630 2396 Inhalt: Es sind zehn Digloge, Anbändeleien, Liebeleten und
452 2384 1630 2432 kleine Verruchtheiten. Eine Liebeskette, anfänglich geflochten aus
459 2424 1631 2471 Papierrosen mit Patschuliduft, endend über Treibhausveilchen und
761 2455 1628 2510 Papierrosen. Die Darstellung der einzelnen Ketten¬
455 2464 745 2516 Orchideen bei —
464 2506 1637 2556 glieder war, dank einer zielsicheren Regie (Hubert Reusch), un¬
458 2545 1637 2593 gekünstelt und abgerundet und verteilt sich so: Else Bäck (die
465 2585 1641 2629 Dirne) — Louis Ralph (der Soldat) — Vera Skidelsky
835 2617 1568 2667 — Ernst Hofmann (der junge Herr)
445 2621 821 2674 (das Stubenmädchen)
1176 2652 1645 2700 Viktor Schwanneke
456 2665 1173 2710 Magda Mohr (die junge Frau) —
1520 2692 1646 2742 Karl
803 2697 1503 2751 Poldi Müller (das süße Mädel) —
716 2705 803 2754 —
460 2701 718 2755 (der Ehemann)
454 2735 1639 2784 Etlinger (der Dichter) — Blanche Dergan (die Schau¬
461 2766 1639 2827 spielerin) — Robert Forster=Larrinaga (der Graf). Die
465 2815 1640 2867 Dekoration nach Ernst Sterns Entwürfen zeigt während des
461 2855 1642 2906 ganzen Stückes zwei von Schlingpflanzen umrankte blaßgrüne
468 2892 1644 2944 Straßenlaternen auf der Vorderböhne. Dazwischen ein faltiger
466 2933 1633 2978 Schleiervorhang in gleicher Farbe, hinter welchem die jeweils er¬
455 2966 1643 3023 forderliche Szenerie wirkungsvoll erscheint. Auch verbindende Musik
1484 3005 1659 3058 Alles im
1406 3012 1485 3048 —
465 3018 1405 3066 gibt es, von Forster=Larrinaga, nicht schlecht.
1402 3037 1581 3106 F. E. M.
443 3047 1292 3116 Allem: Eine künstlerische, unantastbare Leistung.
2379 399 3014 485 Premiere mit Vorrede.
2224 471 3163 551 SchnitzlersReigen“ im Kleinen Schauspielhaus.
2258 539 3162 600 Das Spiel war halb gewonnen, noch ehe es über¬
2234 582 3164 628 haupt begonnen hatte. Gertrud Eysoldt. die
2238 624 3159 676 Frau Direktor, erschien vor der Gardine. Ihre Er¬
2233 658 3160 713 regung nur mühsam niederzwingend, berichtete sie,
2226 699 3159 744 es sei drei Stunden vor Beginn der Vorstellung eine
2226 737 3165 790 Verfügung des Landgericht III eingetroffen, gemäß
2234 777 3158 824 welcher die Aufführung verboten worden sei. Unter
2227 811 3157 860 Strafandrohung natürlich. Aber nicht Geldbuße
2230 855 3166 910 wurde bei Zuwiderhandlung angekündigt, sondern
2382 893 3157 942 echs Wochen Haft! Das Kultus¬
2227 930 3156 980 ministerium, das dieses gerichtliche Eingreifen ver¬
2231 969 3156 1022 anlaßt habe, sei schon etliche Tage zuvor gebeten
2224 1018 3160 1062 worden, zu der Probe einen Vertreter zu entsenden,
2222 1056 3165 1099 da die Aufführung doch oft ein anderes Bild von
2229 1090 3157 1141 einem Werke gebe, als das Stück, indessen ungeachtet
2233 1133 3157 1175 der Zusage sei dies nicht geschehen. Nun werde
2319 1170 3152 1216 — es handle sich doch immerhin um einen
2228 1172 2319 1216 aber
2231 1212 3173 1259 Dichter, wie Schnitzler — die Aufführung dennoch
2231 1247 2499 1298 vor sich gehen.
2261 1280 3154 1333 Beifallssturm — Sympathiegetrampel. Und jetzt
2233 1318 3154 1388 konnte nach Frau Eysoldt der Dichter zu Worte
2233 1358 3165 1409 kommen. Schnitzlers „Reigen — vor langen Jahren
2560 1400 3166 1442 — ist wohl kaum irgendwo be¬
2232 1401 2555 1458 bereits erschienen
2238 1442 3165 1489 reits zur Aufführung gelangt. Auch Schnitzler hat
2236 1481 3153 1525 wohl nicht daran gedacht, diese zehn Dialoge jemals
2678 1514 3167 1561 Aber für unsere modernen
2229 1516 2669 1568 auf der Bühne zu sehen.
2680 1555 3164 1609 im „Reigen“ bewährte sich
2228 1557 2674 1603 Inszenierungsmacher —
2683 1590 3157 1649 gibt es, auch ohne Dreh¬
2232 1596 2589 1647 Hubert Reusch
2231 1633 3156 1679 bühne, keine Unmöglichkeiten mehr. Und so werden
2237 1674 3156 1720 Dialoge und Handlungsfetzen, denen sich das Theater
2229 1710 3166 1754 bisher aus technischen, oft auch aus künstlerischen
2231 1752 3167 1799 Gründen verschlossen hat, einem hochwohllöblichen
2228 1789 2630 1842 Publikum vorgeführt.
2585 1814 3107 1877 zwanzig Minuten Geplauder
2520 1837 2573 1868 —
2263 1824 2523 1881 Vorhang hoch
2604 1859 3160 1914 chneller Wechsel der kargen De¬
2239 1868 2516 1921 Vorhang runter
2515 1875 2586 1913 —
2243 1905 3168 1951 koration — in diesem Falle ist Hauptrequisit das
2908 1942 3166 1996 Ein Spiel, das
2242 1945 2790 2005 Bett — Vorhang hoch — weiter
2789 1952 2869 1994 *
2230 1984 3157 2029 im „Reigen“ in knapp zwei Stunden abschnurrte
2235 2024 3157 2071 Unter dem Beifall des anscheinend sehr befriedigten
2235 2068 2769 2120 und amüsierten Auditoriums.
2280 2087 3158 2147 Die Anfangs= und Schlußgestalt dieser Dialog¬
2243 2136 3157 2189 serie bildet die Dirne. Und von der Dirne schlingt
2240 2179 3162 2229 sich der Liebesreigen über den Soldaten, das Stuben¬
2244 2218 3172 2267 mädchen, den jungen Herrn, die junge Frau, den
2232 2262 3164 2306 Ehemann, das süße Mädel, die Schauspielerin und den
2239 2292 3173 2345 Dichter bis zum Grafen, der wiederum bei der Dirne
2241 2333 3171 2377 endet. Die Erotik cancaniert mit fliegenden Röcken.
2242 2374 3164 2441 Marke: Ins rarische gehobene Folies Caprice!
2245 2414 3165 2460 Durchgeistigte #olitäten in Wiener Parfumierung,
2238 2451 3166 2500 die einen Teil von Schnitzlers Geistesschaffen bilden.
2241 2489 3165 2531 Erfreulicherweise nur einen Bruchteil. Immer¬
2230 2524 3158 2577 hin, auch diese, aufs ganze gehenden Liebeleien sint
2245 2568 3174 2610 mit zarten Schnitzlerstrichen gezeichnet. Liebens¬
2236 2649 3167 2689 lich keine Ursache, sich zu entrüsten. Das flattert
2240 2687 3171 2732 behende vorüber, von Bild zu Bild, dieses sexuelle
2228 2722 3165 2773 Treiben. Erotik in ihren entgegengesetzten Polen:
2225 2766 3170 2813 Bemühen des Mannes um die Frau und seine.
2609 2855 2990 2944 24.12.1920:
2213 2955 3036 3043 Soi lmer Bütseh Beuug, Gerdie
2423 3025 2819 3107 Mergenausgabe
2193 3170 3115 3238 mmer nur seine Ernüchterung nach dem Liebes¬
2193 3233 2295 3286 ausch.
2210 3255 3109 3314 Den Schauspielern bietet die Dialogfolge keine
2198 3309 3107 3357 estaltungsaufgaben. Sie haben nur zu plaudern.
2193 3348 3113 3388 ezent zu plaudern. Gleichsam über das Thema
2184 3387 3118 3435 inwegzuhuschen, es nur anzudeuten, beileibe nicht
2191 3427 3119 3470 u unterstreichen. Und mit gutem Geschmack ent¬
2183 3457 3118 3504 prachen sie alle dieser Forderung: Else Bäck,
2186 3499 3112 3547 kurt Götz und Viktor Schwanneke, die sich
2181 3538 3103 3576 eide ganz in ihrem Elemente zu fühlen schienen
2185 3575 3114 3624 Poldi Müller, Blanche Dergan — sie gab
2171 3623 3120 3664 die Schauspielerin mit amüsanter Betonung des Ko¬
2520 3657 3118 3697 und Robert Forster=Lar¬
2182 3659 2511 3706 mödiantentums —
2170 3689 3106 3735 rinaga. Dieser hatte auch eine Musik geschrieben,
2181 3730 3113 3788 die als Lückenbüßerin beim Szenenwechsel gedacht
2179 3770 2864 3821 war, sich aber als überflüssig erwies.
3025 3770 3082 3821 pf.
