3532 4256
1111 192 1531 278 box 18/3
410 190 936 291 11. Reigen
677 1311 1828 1369 ich nichts ausgelassen von dem, was diese Aufführung des Schau¬
679 1352 1831 1414 spielhauses zu einer hocherfreulichen machte. Der Beifall des
681 1394 1831 1456 übervollen Hauses, der in erster Linie Roderts galt, nahm
662 1449 1534 1494 infolgedessen ungewöhnlich herzliche Formen an.
753 1524 1842 1581 Kammerspiele. „Reigen“, Dialog in 10 Bildern von
678 1562 1828 1618 Arthur Schnitzler. „Fleisch will zu Fleisch“ oder „So ist der
688 1616 1832 1662 Tiermensch“ oder „Vorher und nachher oder „Mann ist Mann,
690 1656 1830 1701 Weib ist Weit oder so üfnlich könnte dieser „Reigen“ wahllosen
676 1699 1840 1741 Verkehrs betitelt sein, der sich von der Dirne über den Soldaten,
687 1736 1835 1785 das Stubenmädchen, den jungen Herrn, die junge Frau, den Ehe¬
681 1769 1835 1824 gatten, das süße Mädel, den Dichter, die Schauspielerin, den
685 1810 1831 1857 Grafen zurück zur Dirne schlingt, in 10 Bildern à deux abge¬
685 1852 1831 1898 teilt ist und deren jeweiligen Höhepunkt im Buch durch Ge¬
688 1884 1832 1941 dankenstriche, auf der Bühne durch Verdunkelung der Szene
683 1923 1831 1975 angedeutet wird. Schnitzler hat diese Dialoge im Winter 1896
691 1963 1844 2018 bis 1897 geschrieben, also zu einer Zeit, da der Naturalismus
689 1998 1837 2056 noch seine Hochkonjunktur hatte. In der lebendigen, klug, zumeist
687 2036 1847 2089 etwas boshaft beobachteten Darstellung der Wirklichkeit erschöpft
689 2077 1843 2135 sich auch dies wie eine Gelegenheitsarbeit anmutende Werk des
681 2109 1837 2166 vielgewandten Wiener Autors. Zur Satire oder gar Anklage
691 2150 1834 2213 fehlt ihm der bekennerische Ernst, die Parteinahme, das Weg¬
692 2187 1839 2244 weiserische. So ist das Leben, sagt Schnitzler, macht eine Girlande
691 2229 1844 2283 draus und möchte sie im Tempel der Kunst aufhängen. Ach nein,
691 2264 1844 2321 lassen Se sie bitte draußen. Nach 25 Jahren trägt sie schon deut¬
687 2306 1840 2360 liche Merkmale des Verwelktseins. Und wenn nicht die böse
684 2349 1838 2409 Zensur bisher dafür gesorgt hätte, daß die Spannung auf eine
691 2386 1836 2439 Bühnenverwirklichung wachblieb, der „Reigen hätte schon vor
688 2422 1840 2476 25 Jahren, falls es außer der Zenfur auch der Dichter gewollt
689 2471 1846 2522 hätte, eine sanfte Ablehnung erfahren. Das heißt: die Aufnahme
688 2501 1841 2557 war einigermaßen beifällig und die Häuser werden einige Male,
699 2539 1852 2598 vielleicht auch viele Mals, voll sein. Tja, woran das wohl liegen
694 2583 1848 2633 mag? Na, etwas liegt es auch an der immerhin schauenswerten
695 2616 1839 2670 Darstellung in den Kammerspielen, die die besten Kräfte in den
693 2656 1843 2713 Dienst dieser heiklen Angelegenheit gestellt hatten. Johannes
691 2693 1785 2745 Schröder hatte die — wenn die Verdunkelung nicht wäre
704 2730 1855 2787 entsetzlich harmlosen Vorgänge in einen kreisrunden, gefälligen
694 2772 1842 2833 Rahmen gespannt, innerhalb dessen das Milieu so realistisch wie
692 2813 1850 2873 möglich veranschaulicht war. Der Spielleiter Marx hatte sanft
700 2845 1844 2911 gedämpft und für eine liebenswürdige Gesamistimmung Sorge
703 2889 1845 2950 getragen. Zu schauspielerischen Großleistungen lag kein Anlaß
700 2925 1849 2986 vor. Immerhin sei die kätzchenweiche junge Frau von Frau Hor¬
690 2961 1845 3030 witz besonders hervorgehoben, ebenso wie die stramm auf ihr Ziel
1008 3102 1523 3195 To EA
1677 3051 1810 3196 N0
1880 1301 3033 1357 losgehende Schauspielerin von Centa Bré. Anni Mewes,
1893 1350 3033 1395 die wir gern wieder begrüßen, war halt ein „süßes Mädel“, und
2387 1385 3036 1442 Fräulein v. Mahr, die Herren
1880 1390 2386 1440 Fräulein Kunzinger,
1883 1421 3040 1475 Marx, Benkendorf, Becker, Sondinger, Gynt
1882 1454 3039 1511 verdolmetschten, was es zu verdolmetschen gab. Die Aufgaben
1886 1498 3043 1550 waren nicht zu verfehlen. Nur das Theater verfehlte seine Auf¬
2901 1536 3003 1589 erka.
1890 1546 1973 1596 gabe.
1899 1587 3026 1746 Kunst, Wissenschaft und Leben.
1970 1765 3044 1835 Die Gesellschaft der Freunde des vaterländischen Schul= und
1890 1812 3041 1868 Erziehungswesens hielt am Sonntag vormittag im großen Saale
1895 1866 3040 1918 des Curiohauses eine stark besuchte Hauptversammlung ab, in der
1889 1908 3039 1957 nach scharfer Debatte der Antrag des Vorstandes, vom 1. April an
1895 1935 3045 1993 eine Vereinszeitschrift mit Pflichtbezug herauszugeben, abgelehnt
1900 1978 3033 2030 wurde, obgleich 492 Stimmen dafür, 413 dagegen abgegeben wur¬
1892 2012 3042 2072 den. Die Zweidrittelmehrheit, die in ausgedehnter Geschäfts¬
1893 2056 3043 2107 ordnungsdebatte verlangt war, wurde nicht erreicht. Dem Vor¬
1894 2095 3034 2156 stande wurde gegen ganz vereinzelte Stimmen weiteres Vertrauen
2648 2132 3047 2186 der erste Versuch, die
1890 2143 2649 2188 ausgesprochen. Damit ist — vorläufig —
1892 2171 3045 2229 Lehrerschaft in geschlossener gewerkschaftlicher Arbeit zusammen¬
1894 2212 3040 2266 zuführen, gescheitert. Von rechts hatte man auf die Beine ge¬
1903 2249 3042 2301 bracht, was nur eben zu haben wir. Mit Aufrufen und Flug¬
1894 2295 3038 2340 blättern. Selbst die „Hamburger Nachrichten“ brachten am Sonn¬
1904 2331 3044 2379 ag morgen einen tantenhaften Wahlmacheartikel „Der Hamburger
1902 2373 3046 2431 Schulmeister“, in dem sie selig vereint mit dem „Aufbau“ vor den
1902 2404 3030 2462 „routinierten Vereinsmeiern mit gewissen nie versagenden Knall¬
1900 2444 3046 2498 effekten ihrer robusten Dialektik“, vor den „radikalen Partei¬
1907 2484 3044 2534 bonzen in der Lehrerschaft“ warnen. Beide Redakteure des Auf¬
1903 2535 3037 2583 baus versuchten, nachdem der Sturm der Entrüstung ihnen ge¬
1899 2569 3037 2623 zeigt hatte, daß die Hamburger Lehrerschaft denn doch noch ge¬
1901 2605 3035 2653 nügend Wohlanständigkeit und Dankgefühl für jahrzehntelange
1909 2645 3039 2692 Arbeit eines Ballerstaedt, von Bartel, Niebank, Traeger im Leibe
1899 2685 3052 2738 hat, krampfhaft, aber mit wenig Glück von den „Nachrichten“ ab¬
1905 2713 3041 2781 zurücken und ihren Aufbau zu interpretieren. Nach unserer Mei¬
1910 2764 3047 2810 nung hätte der Vorstand rücksichtsloser sein sollen und diese Dinge
1911 2795 3051 2847 nicht erst nach Schluß der Abstimmung und im Anschluß an seine
1901 2835 3047 2893 Vertrauensfrage zur Sprache bringen sollen, wie es auch nach
1907 2878 3039 2928 unserer Meinung richtiger gewesen wäre, wenn der Gesamtvor¬
1908 2907 3057 2971 stand demissioniert hätte, um den „feinfühligen und innerlichen
1904 2950 3050 3010 Naturen“ des Aufbaus das Feld zu zäumen — zur Arbeit. Diese
1920 3075 2122 3181 dal
3086 2312 3119 2356 1
3090 2417 3126 2489 1
3084 2545 3128 2591 #
