3336 4320
233 96 745 199 11. Reigen
921 104 1326 193 box 18/1
930 815 1071 885 814
975 915 2336 988 hang im Auge behalten, nicht das Ganze überblicken, sondern im Detail
978 976 2330 1036 stecken bleiben, nur sie können Schnitzler wütend jetzt der Porno¬
968 1030 2339 1094 graphie zeihen. Jeder andere wird schon aus der Anlage, der
977 1072 2335 1125 Disposition, der Form des Buches erkennen, daß es Bringer einer
971 1124 2337 1175 Botschaft, Träger einer Idee ist. Ob das jene Idee ist, die meine
973 1167 2336 1226 Wenigkeit hier herauslas, ist eine andere Frage — aber zweifellos
968 1222 1599 1293 eine von sekundärer Bedeutung.
979 1433 1514 1527 Frißz Mauthner (Berlin).
959 1526 2080 1629 Aus dem M#chenbuche der Wahrheit.
965 1625 1312 1724 Auf der Böh'.
1086 1721 2325 1790 Zwei Ziegel, aus gleichem Lehm geformt und in gleichem Feuer
973 1785 2323 1841 gebrannt, lagen im Haufen neben dem Bau. Werkleute bauten das
970 1835 2327 1896 Grab eines Menschen. Der Mensch war ein Pharao gewesen, und
972 1882 2330 1933 darum bauten zwanzigtausend Werkleute zwanzig Jahre lang an
975 1930 1918 1991 seinem Grabe. Man nannte es eine Pyramide.
1083 1974 2329 2030 Tief im Sande der Ebene wurde der erste der beiden Ziegel¬
974 2020 2321 2090 steine mit Mörtel gebunden, zu unterst in das Grundlager der Pyra¬
971 2082 2329 2140 mide. Auf den zweiten Ziegel schichteten dann die Steinträger zwanzig
973 2128 2334 2177 Jahre lang immer neue Losten von Ziegelsteinen für den Bau, bis
973 2175 2330 2228 das Grab des Pharao endlich fast fertig war. Da kam der zweite
969 2227 2338 2288 Ziegel zum Vorschein, und die Werkleute fügten ihn mit Mörtel in
973 2275 1635 2341 die oberste Schicht der Pyramide.
1088 2313 2157 2380 Er horchte. Er rief hinunter, seinem Bruderziegel zu:
1088 2368 2333 2438 „Atsch! Ich bin auf der Höh'! Ich bin oben! Ich habe es
961 2416 1975 2480 um siebzig Klafte## iter gebracht als du! Atsch!“
1101 2472 2338 2531 Der unter##l wollte etwas Kluges antworten; aber er ver¬
973 2508 1528 2587 mochte nicht sic, zu rühren.
1083 2562 2342 2628 Vier graue, müde Jahrtausende saßen auf der Pyramide und
968 2614 2322 2677 schauten blind über das Niltal hin. Sie warteten. Sie besaßen gar
977 2661 1289 2732 nichts als Zeit.
1095 2705 2338 2774 Eines Tages kam ein Reisender zu ihnen hinauf auf den Gipfel
970 2763 2322 2825 der Pyramide. Er stellte sich den Jahrtausenden als ein Kulturmensch
976 2805 2325 2865 vor, als einer vom Ende des neunzehnten Jahrhunderts. Die Jahr¬
973 2861 2334 2924 tausende aber drängten sich als lichtlose Wolken um das Haupt der
1099 2950 2333 3024 Der Reisende war auf einem Dampfschiff nach Agypten ge¬
973 3009 2335 3075 kommen und auf der Eisenbahn bis zum Fuß der Pyramide. Er
983 3050 2330 3113 trug Hosenträger und hatte ein elektrisches Feuerzeug und ein Fern¬
971 3102 2333 3165 rohr. Mit dem Feuerzeug zündete er sich eine Zigarette an, durch
977 3158 2326 3224 das Fernrohr betrachtete er die Aussicht. Der Hosenträger gedachte
973 3208 1228 3267 er gar nicht.
1099 3225 2329 3320 „Atsch!“ rief er zu dem schlafenden Pharao hinab. „Atsch!
978 3299 2329 3360 Du altes Fossil! Du alter Apisknecht! Selber Ochse! Ich bin ein
979 3344 2337 3430 Christ! Ein Staatsbürger unserer herrlichen Zeit! Jetzt ist die
974 3401 1167 3485 Jetztzeit!“
