3484 4224
326 122 822 217 11. Reigen
1012 126 1437 203 box 17/1
1640 1656 1681 1696 n
1642 1692 1684 1733 n
1646 1770 1681 1813 8
1630 1886 1677 1936 ß=
1628 2085 1672 2135 2
1629 2110 1677 2170 hle
1638 2163 1674 2210 so
1629 2241 1683 2292 en
1635 2318 1679 2367 ich
1627 2361 1677 2406 en¬
1624 2397 1677 2448 ge¬
1628 2442 1675 2482 en
1617 2554 1684 2603 und
1617 2592 1689 2639 tten
1620 2633 1678 2678 alin
1608 2672 1676 2723 igen
1620 2711 1676 2757 und
1606 2751 1678 2799 lus¬
1613 2785 1687 2836 und
1608 2828 1679 2878 ber,
1608 2908 1690 2954 hmte
1605 2946 1690 2995 ieder
1599 2986 1680 3035 in es
1613 3023 1685 3072 recht
1597 3064 1683 3111 volle
1600 3193 1628 3230 r.
1599 3316 1688 3393 sserte
1631 3376 1702 3423 des
1599 3418 1699 3468 oma.
1606 3457 1653 3503 5,
1599 3494 1697 3542 1 den
1600 3534 1700 3591 tbuch
2468 302 2516 401 0
2603 441 2687 492 512
1659 445 2119 501 ner, Greif, Schnitzler.
1735 553 2715 615 noch bei Lebzeiten des Autors eine siebente Auflage
1742 600 2715 652 ausgegeben werden kann. Doppelt seltsam, wenn der
1741 638 2714 691 Dichter dem Publikum so wenig entgegenkommt, wie
1744 686 2714 728 Martin Greif es thut. Stürmische Erfolge sind ihm
1739 728 2715 769 deshalb auch nie beschieden gewesen, seine Lyrik hat ja
1741 757 2713 811 auf den ersten Anblick so wenig Bestechendes, fast will
1751 797 2716 855 es manchmal scheinen, als ob er mit Absicht jedem
1751 834 2718 887 lauten Effekt ängstlich aus dem Wege ginge. Ganz all¬
1742 872 2720 927 mählich haben sich die Menschen an ihn gewöhnt und
1750 920 2720 967 ihn liebgewonnen, denn wer sich einmal in diese Ge¬
1751 954 2723 1005 dichte vertiefte, den lassen sie nicht wieder los. Es sind
1742 991 2724 1045 keine Prunkstücke; schlicht wie alte Volksweisen muten sie
1748 1037 2718 1083 manchmal an, voll süßer Schwermut oder schalkhafter
1744 1071 2723 1124 Munterkeit. Seine Naturbilder sind oft nicht mehr als
1743 1108 2724 1163 ein in knappen Umrissen festgehaltenes Motiv, aber wie
1747 1159 2722 1201 weiß er dieses Wenige mit Duft zu füllen! Greif ver¬
1749 1192 2718 1247 steht es meisterhaft, durch ein flüchtiges Andeuten, einen
1751 1230 2718 1281 nur leise angeschlagenen Akkord die Seele des Lesers in
1751 1269 2718 1321 Schwingung zu versetzen, ihn zur dichterischen Mitarbeit
1758 1310 2722 1359 anzuregen. Eine eingehende Würdigung des Buches
1760 1346 2724 1405 soll hier aus Anlaß der neuen Auflage nicht versucht
1751 1383 2726 1437 werden, doch möchte ich es nicht unterlassen, den vom
1749 1430 2729 1490 Verlag sehr würdig ausgestatteten Band dringend zu
2435 1505 2664 1563 Martin Boelitz.
1806 1517 1968 1568 Nürnberg.
2122 1618 2364 1683 Dramatisches.
1759 1674 2737 1744 Reigen. Zehn Dialoge von Arthur Schnitzler. Wien
1806 1721 2724 1776 und Leipzig 1903, Wiener Verlag. 251 S. M. 3,50
1799 1771 1843 1818 (5,
1842 1803 2732 1860 Hetärengespräche. Nur daß sie hier immer von einem
1755 1847 2731 1892 männlichen und einem weiblichen Wesen geführt werden,
1759 1874 2731 1929 während es bei Lucian sehr oft Weiber unter sich sind.
1758 1926 2736 1972 Das Thema ist das gleiche wie bei dem griechischen
1758 1954 2738 2018 Erzähler. Nur daß in den zehn Dialogen Schnitzlers
1757 1996 2737 2046 an einer bestimmten Stelle die Worte schweigen, weil
1769 2040 2735 2090 dann Thaten reden. Nach den Thaten wird der Dialog
1764 2080 2727 2133 zu Ende geführt und zeigt dann jedes Mal den Revers
1766 2118 2731 2171 zu den ersten Gesprächen. Der Mann, der vorher nicht
1762 2153 2737 2208 genug schmeicheln konnte, ist jetzt mürrisch, zugeknöpft,
1759 2189 2736 2240 brutal; und das Weib, das vorher sich sträubte, wird
1758 2237 2730 2283 nun anhänglich, weich, beredt. Darin liegt wohl der
1768 2273 2744 2329 Hauptwitz der Dialoge. Nur weist er so wenige Varianten
1766 2309 2741 2361 auf, daß er mit der Zeit langweilig werden würde, gäbe
1770 2348 2739 2401 es nicht immer wieder überall viel neue, witzige, geist¬
1768 2382 2742 2437 reiche und treffende Einzelheiten in den Dialogen. So
1763 2422 2743 2481 sind denn diese zehn Variationen auf der einen Saite
1766 2464 2739 2517 in der That etwas Besonderes und zeugen vor allem
2683 2504 2740 2548 Die
1767 2504 2667 2558 von der hohen Sprachmeisterschaft Schnitzlers.
1766 2540 2746 2595 Sprache ist das künstlerisch Wertvollste an dem Werk.
1766 2591 2738 2634 Es fällt uns wieder Lucian ein, dessen künstlerischer
1773 2623 2743 2683 Hauptreiz ebenfalls in seinem vortrefflichen Griechisch
1764 2669 1894 2726 besteht.
1852 2688 2741 2751 Man sagte bisher gerne der deutschen Sprache nach,
1774 2743 2739 2794 sie sei zu keusch, um über geschlechtliche Dinge anders
1776 2778 2748 2829 als brutal und ungeschlacht sich äußern zu können. Zum
1778 2819 2743 2867 Vergleich zog man gerne das Französische heran, wo
1772 2852 2747 2910 sich auch bei den unanständigsten Dingen im Wort
1774 2890 2743 2948 durchaus der Anstand wahren läßt. Nun, Schnitzler hat
1765 2940 2739 2987 dasselbe in deutscher Sprache vermocht. Er kann in ihr
1765 2975 2747 3034 das Unanständigste anständig sagen. Das konnte nicht
1777 3014 2747 3070 einmal Lucian mit seiner Sprache. Denn als er wirklich
1780 3060 2739 3109 einmal eine erotische Szene en détail schildern wollte,
1772 3102 2751 3145 nannte er die weibliche Hauptfigur bezeichnender Weise
1776 3137 2745 3186 Palästra und entlieh den nötigen Wortschatz den terminis
1776 3173 2736 3223 technicis des griechischen Ringkampfes. Erst Longus
1778 3217 2748 3261 verstand sein Griechisch wirklich so zu handhaben, daß er
1775 3252 2748 3301 alles sagen konnte, ohne ernstlich Anstoß zu erregen.
1773 3287 2749 3342 Denselben Weg hat das Deutsche unter Schnitzlers Hand
1775 3328 2745 3384 genommen. Die Sprachforscher finden in derlei ein
1780 3377 2746 3416 Symptom des Verfalls einer Sprache. Der Kultur¬
1771 3404 2745 3459 historiker meint, darin offenbare sich die Dekadenz eines
1778 3447 2750 3497 Volkes. Ich glaube, beide sind im Irrtum, denn so wenig
1774 3485 2752 3534 die Zeitgenossen des Longus sein Griechisch sprachen,
1770 3533 2745 3597 so wenig wird sich nun jeder unserer Zeitgenossen der
