3392 4416
277 209 358 302 11
458 210 778 306 Reigen
978 184 1386 294 box 17/6
855 1466 1696 1549 (Die Hüter des „Reigen".) Da wir bekannt¬
739 1542 1705 1595 lich keine Sorgen haben, so schäffen wir uns schlauer¬
742 1584 1706 1639 weise welche an. Es spricht für unsere absolute poli¬
740 1633 1710 1681 tische Harmlosigkeit, daß sich bei uns seit ein paar
743 1672 1699 1735 Tagen alles um den „Reigen“ dreht. Die Entente
738 1720 1710 1777 kann beruhigt sein, von uns kann ihr keinerlei Gefahr
741 1765 1709 1821 drohen. Im Theatercafé Deutschösterreich sind die
738 1806 1704 1863 Gemüter momentan aufs heftigste darüber erregt, wer
745 1855 1706 1917 in der „Reigen“=Frage, die noch verwickelter ist als die
743 1890 1709 1955 weltberuhmte orientalische Frage, recht behalten wird.
736 1936 1706 2001 „Hie Glanz — hie Reumann!“ lautet der Feldruf
735 1988 1706 2035 der beiden gegnerischen Lager. Unentschieden wogt die
744 2031 1705 2084 Schlacht und bietet unterdessen eine Pikanterie, die
751 2077 1704 2119 wohl ein Unikum darstellen würde, wenn sie nicht eben
746 2109 1700 2165 ein echtes Austriacum wäre. Der Bundesminister des
752 2152 1711 2213 Innern Dr. Glanz hat die weiteren Aufführungen des
749 2201 1712 2258 „Reigen“ verboten. Dr. Glanz ist in seiner Eigenschaft
746 2240 1710 2293 als Minister des Innern gleichzeitig der oberste Chef
746 2287 1698 2344 der Wiener Polizei. Diese selbe Polizei aber trägt
751 2329 1705 2379 allabendlich Sorge dafür, daß die von ihrem obersten
747 2380 1714 2424 Chef verboten „Reigen“=Aufführungen ungestört ver¬
747 2412 1704 2470 laufen. Denn zwischen die Polizei und den Minister ist
756 2467 1714 2517 als Zwischenglied der Landeshauptmann Reumann
755 2501 1717 2559 geschoben und der hat die Aufführungen gestattet. Er
753 2553 1710 2604 kehrt sich nicht an den Minister und da auch die
755 2588 1714 2649 Polizei nicht gleichzeitig zweien Herren dienen kann,
752 2639 1708 2689 zieht sie das Näherliegende vor und dient dem kleineren
747 2678 1718 2734 Herrn, der sich bisher als der Stärkere erwiesen hat.
754 2723 1712 2775 Einstweilen aber muß der Minister seiner Polizei
756 2774 1713 2833 dankoar dafür sein, daß es ihrem Pflichtgefühl gelang,
753 2809 1716 2861 zu verhüten, daß dem hochpoluischen „Reigen =Rummel
752 2850 1719 2904 sich Straßenkrawalle vor dem Theater zugesellten. Ihr
753 2896 1721 2953 ist es zuzuschreiben, daß der von Dr. Glanz verbotene
761 2948 1713 2997 „Reigen“ im Interesse der öffentlichen Sicherheit, für
748 2991 1722 3054 die gleichfalls Dr. Glanz veranwortlich ist, unge¬
748 3029 947 3103 stört blied.
1878 867 1936 941 9.
2477 626 2823 756 16 2. 191
2221 710 2749 821 Wiene Meeit Wan
2386 807 2555 901 G
2655 834 2858 906 Mittwoch
2016 845 2359 920 Rf. 742 Sge.
2120 937 2810 1039 „Volkserziehung“.
2225 1018 2710 1092 Von W. A. Hammer,
2027 1083 3015 1140 Der „Reigen“=Rummel in unserer Nationalver¬
1907 1125 3011 1193 sammlung gibt dem um das Wohl und die Zukunft des
1914 1173 3018 1238 deutschen Voltes besorgten Erzieher ernstlich zu denken.
1910 1225 3020 1284 Was nüten da alle Schulreformen, wenn das sittliche
1918 1273 3009 1336 Gefühl unserer Jugend systematisch untergraben wird?
1912 1321 3016 1389 Man mag im Schnitzlerschen „Reigen“ den gesättigten
1910 1374 3009 1433 Niederschlag psychologischer Erkenntnisse erblicken, auch
1909 1434 3006 1490 die Technit der Dialoge bewundern, aber auf die Bühne,
1914 1466 3010 1531 am allerwenigsten aber auf ein deutscher Kunst geweihtes
1915 1524 3013 1586 Theater gehört dieses Werk nicht, und noch viel weniger
1923 1578 3017 1637 in unserer ohnehin versumpften, den rohesten Instinkten
1914 1626 3011 1680 der Menschheit so überaus günstigen Zeit. „Der Mensch¬
1914 1666 3017 1733 heit Würde ist in eure Hand gegeben, bewahret sie! Sie
1926 1716 3019 1777 inkt mit euch! Mit euch wird sie sich heben!“ Noch nie
1913 1773 3018 1827 klangen uns diese Worte Schillers so überzeugenb in
1919 1808 3022 1874 die Ohren. Spätere Täge werden ihr Urteil füllen
1919 1870 3026 1921 über diese dem materialistischen Parteigeist entsprungenen
1914 1920 3016 1971 Machenschaften, wie die Abschaffung des Mutterschafts¬
1926 1961 3022 2024 zwanges, Aufhebung der öffentlichen Häuser und die
1919 2022 3027 2074 Förderung unsittlich wirkender Schauspiele, ob sie nun
1920 2074 3022 2122 in einem wirklichen Theater oder in Kinos, hier sogar
1916 2104 3012 2167 unter der Flagge von „Jugendvorstellungen“ vorge¬
1924 2159 3008 2221 führt werden. Denn hier bekommt man oft Szenen
1925 2201 3011 2269 zu sehen, die eben nur geeignet sind, die tierischen Triebe
1921 2249 3010 2312 wachzurufen. Hier hätte in erster Linie unser Volks¬
1921 2297 3019 2363 bildungsamt einzugreisen, wenn ihm die sittliche Erzie¬
1922 2361 3023 2419 hung und Gesundung unseres Volkes wirklich am Her¬
1920 2397 3026 2461 zen gelegen wäre. Statt dessen wird im Gegenteil jede
1926 2452 3022 2510 Gelegenheit benützt, um den beiden Geschlechtern so früh
1923 2498 3027 2559 als möglich, sei es durch Nacktkultur in unseren Bädern,
1932 2551 3026 2613 durch Anschauungsunterricht über den Schandpfuhl des
1915 2606 3026 2659 Dimenwesens oder durch sonstige Mittel, jedes Fünk¬
1931 2641 3024 2707 che“ von Schamgefühl zu rauben. In keinem Staate
1926 2695 3021 2753 ist daher eine solche Jugendverwahrlosung wie bei uns
1929 2735 3027 2803 in Oesterreich hereingebrochen, aber keineswegs, wie es
1933 2798 3015 2853 immer demagogisch ausgemünzt wird, durch den Krieg,
1930 2836 3020 2911 auch nicht durch die Not unserer Zeit, sondern durch jene
1924 2887 3018 2952 „Volksbeglücker“, die am liebsten schon den Embryo
1929 2932 3024 2994 im Mutterleibe in die Fesseln ihrer materialistischen
1924 2991 3027 3050 Weltanschauung zwingen möchten, um das werdende
1923 3029 3030 3103 Geschöpf ihrer Diktatur unterzuordnen. Ist das Freiheit?
1930 3094 3021 3150 Freiheit des Individuums? Toren, die das glauben
1922 3133 3022 3191 können, werden manche sagen. Aber sie haben unrecht.
1927 3180 3022 3248 Jenen Volksrednern, die eben über ein so außerordent¬
1934 3227 3027 3288 liches Geschick verfügen, denkende Menschen zu willenlos
1941 3280 3035 3339 olgenden Herdentieren zu machen, fehlt eben das sittliche
1936 3330 3038 3387 Bewußtsein, das sich auch vor dem strengsten Richter¬
1927 3383 3038 3439 behaupiet. Das irregeleitete Volk mag ihren blendenden
1923 3427 3034 3490 Phrasen heute noch allenthalben, der vorgetäuschten
1925 3471 3032 3543 Freiheit froh, zustimmen und zujubeln, schließlich wird
1923 3529 3026 3588 doch der Tag, allerdings zu spät, kommen, wo der
1921 3583 2908 3641 große Vollsbetrug allen offenkundig sein wird!
