3444 4320
253 133 370 209 11
442 134 771 226 Reigen
960 132 1365 212 box 17/5
1672 105 1734 168 8
2066 104 3060 162 die Musen stehen eher zu Actur Schnitzler als zu
1836 109 2033 181 werden, —
1845 142 3055 218 jenen, die in ihrem Namen Proteste, Gutachten und Entrüstung
1835 207 2120 270 von sich geben.
1952 239 3061 303 Erst hat man Lärm geschlagen, als die zehn Dialoge des
2937 286 3055 339 fort¬
1849 298 2938 361 „Reigen“ als Buch erschienen; nun hat sich das Spektakel
1848 336 3058 408 gesetzt, weil die Dialoge auf der Bühne vorgeführt werden. Man
1843 389 3051 448 tut, als ob es niemals Hetärengespräche des Luktan gegeben hätte,
1840 445 3054 503 Die sogar den Barchentseelen und Bildungsphilistern als unver¬
1851 471 3054 549 äußerliches literarisches Gut gelten; man tüt, als ob die Kunst
1975 525 3055 595 der Sittlichkeit und nicht die Sittlichkeit meist
1849 547 1927 594 von
1926 540 1980 600 4
1854 561 3053 639 von der Kunst bestimmt wird; man tut, als ob —,
1970 623 3054 687 läßt sich, objektiv betrachtet, gewiß darüber streiten
1845 637 1919 691 Es
1845 658 3062 730 welche Geschmacksgrenzen für das öffentliche Theater zu ziehen
1849 715 3065 791 sind. Aber es ist ebenso gewiß, daß sie sich beständig verwischen;
1851 768 3061 827 ebenso gewiß, daß der künstlerische Freibrief des einen noch nicht
1857 806 3071 876 die offene Order für den Ausflug ins Unsittliche für alle bedeutet.
1857 857 3064 924 Dazu gehört als Legitimation: seelischer Witz, geistige Feinheit.
1850 903 3060 977 Alles andere ist Schweinerei um der Schweinerei willen. Diese
1858 959 3066 1031 zehn Dialoge Schnitzlers sind ein subtiles Kunstwerk. Daß sie im
1851 996 3060 1072 crotischen Leser= und Zuschauersinn „staik“, „pikant" „frivol“,
1861 1051 3072 1125 meinethalben sogar „pornographisch“ sind, ändert nichts daran,
1848 1096 3061 1165 daß man die artistische Fähigkeit Artur Schnitzlers immer neu
1854 1139 3062 1220 bestannt, mit wieviel Witz, Sarkasmus und tieferem Erkennen
1857 1197 3064 1261 er den letzten Schleier vor und nach dem Liebesakt lüstet, wie
1864 1235 3071 1313 sich der Reigen schließt, der mit der Dirne und dem Soldaten
1857 1289 3065 1356 anfängt und bei der Dirne und dem Grafen endet. Nicht nur
1860 1331 3066 1408 vor dem Tode, auch vor dem Liebesgenuß sind alle gleich
1868 1376 3074 1462 Nur die Worte haben andere Färbung. Die erotische Spannung
1867 1426 3074 1500 und Entspannung hat die gleichen Voraussetzungen und Nach¬
1869 1475 3070 1549 wirkungen. Wenn der Soldat und die Dirne, der Soldat und
1854 1524 3068 1597 das Stubenmädchen sich am Donauufer einigen, ist es noch natur¬
1864 1549 3099 1652 haft derb, aber wenn dann der junge Herr und das Stuben¬
1859 1603 3108 1714 mädchen, der junge Herr und die junge Frau, das süße Mädel
2140 1997 2571 2101 Neuer Eriene. Geurkal
1819 2104 3049 2159 und der Dichter, das süße Mädel und der Ehemann, der Graf
1829 2148 3044 2215 und die Schauspielerin zu löblichem Tun sich zusammenfinden,
1823 2163 3074 2252 wird der gewisse, im Dunkeln liegende Vorgang schon zur Neben¬
1821 2237 3045 2298 sache Das Geschlechtliche tritt vor dem Geistigen zurück, der
1816 2283 3050 2357 Liebesgenuß löst sich in eine Komödie der Worte und Gedanken
1825 2337 3042 2401 auf. Hier ist das Entscheidende dieser zehn Dialoge, ihr Mensch¬
1830 2376 3038 2448 liches, ihre künstlerische Wahrheit, ihre Diflanz vom Tierischen,
1820 2430 3044 2504 welches die Moralsatzken in erster Linie zu beherrschen pflegt.
1936 2480 3046 2544 Dieser „Reigen“ gehört in das Gesamtkunstwerk Schnitzler.
1822 2530 3042 2591 Es ist eine Zwischenstufe, die er nach dem „Anatol“ nehmen mußte,
1820 2588 3045 2641 um höher zu klimmen zur Welterkenntnis. Es ist nur ein Stück
1818 2630 3046 2683 seiner literarischen Entwicklung, nicht sein Schöpferwerk. (Und
1820 2675 3048 2742 wenn Maximilian Harden, diese gealterte und stimmlos gewordene
1833 2721 3039 2780 Primadonna, gerade den „Reigen“ zum Anlaß nahm, um frühere
1834 2773 3054 2830 Urteile über Schnitzler zu revidieren, so beweist der heiter gewordene
1829 2815 3047 2879 Sprachverdreher neben seiner spät erwachten Zimperlichkeit nur den
1832 2862 2651 2928 Mangel künstlerischen Einfühlungsvermögens.
1935 2901 3042 2972 Die zehn Dialoge aus dem Buch auf die Bühne zu ver¬
1827 2960 3039 3024 pflanzen, ist eine Regieaufgabe heikelster Art. Es kommt immer
1829 3013 3047 3059 ein Moment des Undarstellbaren, der zur Verdunkelung der Szene
1821 3055 3036 3107 zwingt. Aber das ist nicht die Hauptsache. Es gehört zur Wieder¬
1823 3106 3042 3169 gabe der Situation und des Wortes eine gewisse Kühnheit, die
1822 3158 3050 3220 zwischen Brunst, Ironie und letztem Witz die Linien zu ziehen
1834 3205 3041 3264 versteht. Eine halboffizielle und eine ganzoffizielle Generalprobe,
1828 3242 3042 3303 die eine für geladene, die andere für Tausendkronengäste, gestattet
1822 3291 3045 3360 bereits das Urteil über die Aufführung, die heute abend
1827 3336 3049 3406 „Premiere“, heißen wird. Ich vermisse in der Inszenesetzung
1836 3388 3052 3451 Schulbaurs den Atem und das amüsant Spielerische der
1821 3425 2199 3493 zehn Dialoge;
2197 3432 2717 3494 es fehlt mir der
2715 3440 3052 3504 Stimmungsgehalt
1831 3489 3037 3546 und die Freiheit des Ueber=den=Dingen=Schwebens Es fehlt am
1828 3529 3033 3596 Mut zur witzigen Frechheit. Auch Fehlbesetzungen oder nur Zu¬
1830 3573 3032 3643 länglichkeiten mindern Wirkung und Eindruck. So stechen schließlich
1829 3634 3037 3694 als die charakteristischen Leistungen am stärksten hervor: Fräulein
1821 3669 3029 3728 Keller als süßes Mädel, Frau Carlsen als junge Frau, Fräuleir
1831 3720 3030 3787 Olly als Schauspielerin und Herr Lackner als Graf. Der schlagende
1820 3766 3023 3840 Witz, die verblüffende Beobachtungskunst, die sich im „Reigen
1827 3810 2841 3868 gestend machen, stoßen auf heiterste Empfänglichkeit:
2852 3820 3032 3888 man wir
1826 3860 3034 3923 sich über die Aufführungen entrüsten, aber man wird sich nich
1826 3909 2373 3978 schämen — gelacht zu haben.
2888 3917 2974 3972 98—
2975 3956 3044 4034 ##
