3532 4256
1127 187 1550 284 box 18/3
614 209 951 301 Reigen
567 876 1322 961 Buteau für Zeitungsausschnitte
542 941 1323 1016 Berlin It0 42, Geoigenkischplats 41
931 1079 1214 1196 Zeilung
508 1170 700 1244 Zenung:
1022 1240 1222 1320 Kiel
518 1270 633 1352 on:
534 1386 625 1461 Dafe
1083 1340 1454 1479 5
1725 1529 2835 1596 schaffen. Wir stehen sogar nicht an, zuzugestehen, daß,
734 1530 1563 1617 Theater am Sophienblatt.
1733 1580 2837 1628 wenn es überhaupt notwendig war, das Thema vom Ver¬
754 1601 1500 1667 „Reigen“ von Arthur Schnitzler.
1727 1622 2842 1681 halten der Geschlechter in der Erotik belletristisch zu behan¬
1731 1660 2843 1706 deln, dies kaum in zurückhaltenderer Weise geschehen konnte.
731 1649 1531 1731 (Gastspiel der Hamburger Kammerspiele.)
1733 1697 2843 1751 Könnte es erreicht werden, daß solche Bücher nur in die
600 1711 1688 1779 /Es ist nicht gerade angenehm, in einer Angelegenheit
1729 1737 2262 1789 Hände von Lesern kommen,
2252 1736 2843 1786 die in der Lektüre keinen
573 1745 1683 1824 das Wort zu nehmen in der schon mehr als genug ge¬
1741 1776 2837 1836 Sinnenkitzel suchen, die das Buch nicht wegen des Stoffes,
569 1797 1685 1858 sprochenworden ist. Aus diesem Grunde haben wir es
1729 1813 2836 1859 sondern um der künstlerischen Behandlung wegen lesen, so
576 1838 1669 1889 auch unterlassen, uns an dieser Stelle mit dem „Reigen“
1735 1842 2839 1899 würden wir zu diesem Buche gern Ja sagen; denn es deckt
569 1876 1685 1939 und mit dem Reigen um den „Reigen“ kritisch auseinander¬
1725 1890 2843 1935 Abgründe zwischen Mann und Welb mit einer Offenheit
576 1916 1692 1970 zusetzen. Wir beschränkten uns lediglich darauf, Charakte¬
1725 1924 2838 1978 auf, die reinigend und warnend wirken kann. Es erreicht
565 1952 1678 2008 ristisches zu dem Fall zu berichten Wir hätten gewünscht,
1738 1967 2833 2015 daneben stellenweise, wie z. B. in dem Dialog zwischen dem
572 1991 1682 2052 daß uns keine Veranlassung gegeben würde, diese unser¬
1730 2004 2837 2052 jungen Herrn und der jungen Frau eine solche Kraft, man
565 2030 1680 2082 Stellung zu ändern. Da nün aber — wohl um dem be¬
1727 2040 2831 2095 möchte sagen: sachlicher Komik, die dem Besten in Bo¬
574 2072 1675 2117 rühmten „dringenden Bedürfnis“ abzuhelfen und „viel¬
1725 2080 2834 2131 caccios „Delameron:“ nicht nachsteht, ohne übrigens in Ein¬
573 2104 1418 2167 fachen Wünschen Rechnung zu tragen“ —
1421 2107 1666 2169 der „Reigen“
1733 2125 2835 2174 zelheiten so weit über die Grenzen des Erlaubten zu
574 2143 1681 2201 auch in Kiel seinen Einzug gehalten hat, ausgerechnet auch
1728 2158 2832 2207 schweifen, wie den italienische Novellist es manchmal tut.
570 2185 1686 2238 noch auf einer Bühne, der sonst literarischer Ehrgeiz
1723 2196 2832 2244 Also wer der Schnitzlerschen Publikation auch nicht gerade
574 2222 1684 2277 fernliegt, die vielmeyr in mustergültiger Weise anständige
1720 2233 2835 2281 wohlwollend gegenübersteht, aus der allgemeinen Sorge um
576 2257 1680 2312 heitere Unterhaltung pflegt, müssen wir, der Pflicht der
1727 2273 2839 2317 das sittliche Wohl des Volkes beraus, wird doch nicht zum
570 2296 1686 2363 Presse genügend, uns mit dem vielbeschrieenen Thema
1723 2312 2844 2358 Kampfe gegen das Buch aufrufen; denn es hat immerhin
561 2332 1287 2386 „Reigen“ auch hier auseinandersetzen.
1727 2352 2840 2400 mehr Daseinsberechtigung als Hunderte von Schriften, die
643 2365 1685 2434 Zunächst ist da zu betonen, daß der „Reigen“ im Buch
1728 2388 2838 2428 jedem zugänglich sind und sich eines großen Leserkreises er¬
557 2419 1684 2472 und der „Reigen“ auf der Bühne durchaus zweierlei ist.
1736 2422 2832 2473 freuen dürfen, ohne daß ihr gewagter Stoff durch die Art
572 2456 1679 2506 Es ist reichlich zwanz'g Jahre her, seitdem das Buch „Rei¬
1722 2459 2334 2519 der Behandlung geboben würde.
562 2485 1305 2549 gen, Zehn Dialoge“ erschienen ist.
1289 2503 1681 2557 Damals schon ent¬
1802 2481 2839 2552 Etwas ganz anderes aber ist es um die Wiedergabe des
567 2538 1677 2599 brannte um das Werk ein beftiger Streit. Hunderte von
1729 2527 2844 2589 „Reigens“ auf der Bühne. Zunächst ganz abgesehen
572 2576 1671 2634 Federn setzte das Für und Wider in Bewegung. Aber be¬
1721 2580 2831 2634 vom volkssittlichen Standpunkt, ist es ein ästhetisches
571 2615 1684 2663 reits damals wurde selbst von Kritikern, die dem
1721 2617 2839 2665 Unding. den „Reigen“ auf die Bühne zu schleppen. Ge¬
557 2647 1673 2701 Werke wohlwollend gegenüber standen, die Gefahr einer
1730 2652 2840 2703 rade die Kreise, die sich so schützend vor die „Reigen“=Auf¬
562 2691 1677 2738 verkehrten Einstellung des Publikums nicht
1731 2691 2829 2745 führung stellen, würden wohl vor ästbetischer Entrüstung
572 2727 1673 2778 verkannt. Wir können es uns nicht versagen, ein Zitat aus
1723 2726 2833 2778 überschäumen, wenn es jemandem einfallen sollte, z. B. den
567 2769 1680 2817 jener ersten „Reigen"=Kampfzeit hier anzuführen; denn
1731 2772 2827 2817 „Dekamerone“ oder Lucians „Hetären=Gespräche“ auf die
574 2808 1441 2853 der Andrang zu den „Reigen“=Aufführungen
1728 2803 2832 2857 Bühne zu schleppen. So tief bedauerlich es ist, wenn eine
1484 2808 1546 2856 —
1536 2808 1677 2859 an die
559 2846 1680 2899 nebenbei bemerkt, damals kein Mensch dachte, wovon noch
1730 2848 2839 2900 Dichtung, die ihr ureigenstes Leben nur im Lichte der
570 2882 1685 2924 zu sprechen sein wird — bestätigt die Richtigkeit der Be¬
1731 2887 2835 2929 Rampe leben kann, aus politischen oder moralischen Beden¬
568 2918 1672 2969 fürchtung vollinhaltlich. In einer sehr anerkennenden Kri¬
1730 2922 2828 2973 ken im Buch verkümmern muß. so unsinnig ist es, ein Werk,
558 2956 1674 3006 tik der Münchener Neuesten Nachrichten hieß es vor zwan¬
1726 2960 2827 3011 das nur als d alogisierte Novelle gedacht ist. auf die Bühne
571 2997 1667 3039 zig Jahren: Reigen“ ist ein gewagtes, ein „frivoles“
1726 3001 2825 3047 zu schleppen, nur weil auf den Sinnenkitzel der breiten
558 3026 1679 3095 Buch, und sein Erfolg ist ein Pikanterie=Erfolg. Damit soll
1722 3042 2832 3087 Masse spekuliert wird. Gerade das geistreich Novellistische,
556 3073 1675 3121 beileibe nicht der Dichter getadelt werden, sondern das
1720 3077 2830 3128 die feinen Züge des Werkes vertragen die Umprägung zum
573 3103 1680 3162 Publikum. Die künstlerischen Qualitäten der Gespräche
1729 3113 2828 3171 lauten Theater nicht. Und wenn wir nicht irren, entspricht
558 3144 1679 3198 baben mit dem Aufsehen, das sie erregen, nichts zu jun.
1722 3152 2832 3205 diese ästhetische Auffassung auch der eigenen Schnitzlers;
567 3188 1676 3235 Daß sich hinter den erotischen Ereignissen dieser Szenen
1728 3190 2824 3235 denn der Verfasser hat sich selbst nie um eine Aufführung
561 3220 1683 3276 eine beinabe überfeinerte Psychologie und eine vornehm
1722 3223 2829 3280 bemüht. Allerdings mußte man bisher vergebens darauf
1728 3266 2841 3315 warten, daß Schnitzler entschieden und entscheidend in dem
558 3265 1673 3311 lächelnde Menschenverachtung bergen, merkt die auch in der
1726 3288 2233 3359 „Reigen“=Rummel eingriff.
573 3306 1674 3351 Kunst stets am Stoff klebende Menge nicht.“ Und wie ist
1805 3337 2833 3396 Was das andere, im öffentlichen Interesse weit schwer¬
565 3336 1678 3392 dieser Stoff denn beschaffen? Der Dichter führt uns
567 3370 1676 3429 einen Reigen vor, in dem in zehn Szenen die Dirne und
1720 3368 2833 3427 wiegendere Bedenken anlangt, so geben wir einer anerkann¬
560 3422 1676 3471 der Soldat, der Soldat und das Stubenmädchen, das Stuben¬
1716 3423 2828 3463 ten Führerin der deutschen Frauenbewegung, Anna Pap¬
1718 3450 2822 3505 pritz, das Wort. Sie schreibt in einem Aufsatz, der sich
567 3461 1676 3509 mädchen und der junge Herr, der junge Herr und die junge
1729 3499 2836 3550 für den „Reigen“ einsetzt: „Eine andere Frage ist die, ob
569 3501 1674 3543 Frau, die junge Frau und der Ehegatte, der Ebegatte und
1725 3536 2826 3582 sich der „Reigen“ zur Darstellung auf der Bühne eignet. Es
572 3530 1682 3580 das süße Mädel, das süße Mädel und der Dichter, der
572 3580 1676 3628 Dichter und die Schauspielerin, die Schauspielerin und der
1727 3576 2837 3624 muß leider zugegeben werden, daß das ethische und
1718 3600 2825 3655 künstlerische Empfinden der Mehrzahl der
570 3616 1674 3667 Graf, der Graf und die Dirne Erotik in letzter Konsequenz
1732 3646 2831 3706 Theaterbesucher so wenig entwickelt ist, daß
562 3654 1677 3700 erleben und diskutieren. Wir geben ohne weiteres zu, daß
1731 3680 2838 3745 sie nicht nachdenken wollen, daß ihnen die Fähigkeit abgeht,
559 3676 1680 3741 Schnitzler die Gewagtheiten sicher nicht um ihrer selbst
1720 3725 2830 3785 den tiefen Sinn dieses pessimistischen Werkes zu verstehen.
561 3721 1682 3776 willen vor den Leser stellt. Ein Schriftsteller von Schnitz¬
1721 3766 2828 3831 Sie suchen im Theater Zerstreuung und Sensation, und
573 3766 1677 3815 lers Können und von Schnitzlers Erfolgen hatte es nicht
557 3796 2838 3863 notwendig, sich mit Pornographie eine Lesergemeinde zu 1 das Sexuelle ist ihnen an und für sich das „Unanständige“,
2877 1532 3444 1605 über das man lacht!" Diese
2891 1592 3431 1632 einen Trugschluß, indem sie d
2883 1627 3435 1682 kehrte Einstellung seiner Zuse
2880 1650 3446 1709 sehen will. Wir sind vielmeh
2881 1708 3436 1758 wortlicher Theaterleiter geral
2888 1736 3443 1788 Aufführung bei der ihm doch
2880 1775 3430 1834 kums unbedingt haben muß,
2889 1817 3435 1874 habe. Und hier kommen wi
2877 1857 3452 1907 nächsten liegenden speziellen K
2882 1896 3434 1949 die auch sonst das Schauspiel
2883 1932 3432 1977 führt, so wäre immerhin die
2874 1974 3431 2019 Hand zu weisen gewesen, daß
2880 1998 3432 2056 fühlt hätte, seinem Publikum
2883 2049 3449 2106 viel spricht, nicht vorzuenthal
2883 2090 3435 2142 auf einer Operetten=Bühne,
2876 2124 3439 2167 Willen nichts anderes darin e
2884 2159 3439 2213 auf das — sagen wir es gelin
2874 2200 3435 2240 breiten Masse. Das bedauern
2887 2238 3445 2296 Bestreben in diesem Hause a
2881 2272 3309 2330 sonst nicht üblich war.
2954 2302 3444 2366 Die Hamburger Kat
2884 2329 3444 2406 zweite Besetzung nach Kiel ges
2886 2386 3449 2445 Spielleitung von Paul Marl
2876 2423 3443 2477 Werke soweit gerecht wurde n
2879 2464 3451 2512 zeichneten Umständen möglich
2885 2505 3453 2554 Feinheiten nicht durch erzwun
2880 2545 3449 2593 und hauchte dennoch dem Ganz
2874 2573 3448 2635 freilich meist äußerlich bleiben
2878 2616 3419 2659 zurückfaltender Weise wurde
2875 2653 3444 2700 Entkleidungsszenen Pikanierier
2889 2698 3444 2741 sich die Umrahmung der Szene
2876 2730 3434 2780 oval, hinter dem sich die zehn
2894 2759 3446 2827 schränkung auf die charakterif
2876 2803 3442 2855 quisiten aufbauten. Die Wie
2874 2852 3443 2890 war durchweg vorzüglich, wer
2874 2890 3457 2944 Mühe hatten, sich auf die Ah
2875 2913 3446 2972 mes einzustellen. Georg Pe
2876 2955 3448 3021 mit brutaler, durch keine Erzie
2885 2995 3459 3045 lichkeit. Die Dirne charakte
2876 3040 3451 3097 Uebertreibung und mit leisem
2875 3072 3458 3131 fühlswerte. Als Stubenmädch
2870 3116 3447 3168 wohlgetroffenen Typ ohne Sch
2876 3154 3454 3205 gen Herren mit Resten von
2870 3193 3447 3241 auf erotische Erfolge bot Gi
2880 3219 3452 3279 Das Girrende spielerisch Lüst
2877 3265 3421 3325 Marcella Halicz in Wort
2881 3303 3444 3362 zu machen. Die ebelich: Ue
2890 3348 3444 3393 ständliche Sicherheit des Catte
2883 3377 3460 3439 wenn Paul Marx auf kar'ki
2876 3418 3462 3479 Ein wohlgetroffenes süßes M
2873 3453 3456 3506 Prägung war Friedel Lan
2876 3490 3459 3546 Dichters, die echtes Gefühl er
2871 3537 3448 3592 überzeugend und gerade dadur
2872 3575 3458 3620 die Schausvielerin mit vollsaft
2866 3604 3447 3659 ter Lautheit nicht zurückschreck
2884 3654 3456 3701 Den vertrottelten Grafen, der
2877 3679 3434 3742 hält, bot Wolf Dehnberg
2870 3726 3444 3774 Anzuerkennen ist bei allen Mi
2882 3763 3457 3822 herrschung des Wiener Dialekt
