3436 4320
352 2655 500 2720 itungen
346 2699 489 2766 ades ge¬
334 2754 499 2832 gehören,
332 194 848 290 11. Reigen
1029 196 1432 287 box 18/3
849 560 1510 656 Klose & Seiden
902 659 1488 731 Bureau für Zeitungsausschnitte
838 713 1530 782 Berlin NO 43, Georgenkirchplatz 21
1591 822 1668 908 2
826 869 1330 968 Zeitung: 1
1428 877 1660 1012 oche
825 948 928 1011 Ort:
833 1012 1016 1084 Datum:
1169 1069 1334 1175 RE
1241 1224 1402 1281 Reigen.
869 1247 1796 1326 AArthur Schnitzler, der Dichter der höchst ein¬
830 1305 1791 1362 deutigen erotischen Bühnenbilderserie „Reigen“, so¬
833 1356 1790 1415 wie Arthur Hellmer, der Direktor des blitzblanken
848 1402 1796 1451 „Neuen, Theaters“ in Frankfurt am Main müßten,
834 1444 1797 1491 wenn'Es zum Lokalprozeß käme, beide freigesprochen
829 1480 1787 1527 w#erden, Das Publikum, aber das Publikum hätte
833 1512 1659 1565 her ohne Bedenken die Todesstrafe verdient.
1709 1521 1791 1572 Also
834 1554 1783 1611 ist eine Inszenierung von Schnitzlers Reigen, wenn
831 1592 1777 1649 sie auch noch so künstlerisch gelöst erscheint wie bei
843 1635 1784 1688 vielsweise jetzt in Frankfurt, dennoch eine unsittliche
836 1676 1783 1732 Angelegenheit. Denn auf die Wirkung kommt es
830 1711 1781 1779 im Theater an. Und die Wirkung wäre auch im
835 1754 1712 1816 Neuen Theater an diesem und jenem Abend —
1712 1758 1783 1810 eine
827 1798 1782 1854 teilweise unglückliche Zusammensetzung von Muckern
835 1835 1789 1892 und Sittenschwachen im Zuschauerraum vorausgesetzt
885 1876 1781 1937 skandalös gewesen' wenn nicht die Direktion den
834 1911 1788 1975 äußerlichen Protest oder Beifallsvaroxismus so gut
825 1964 1782 2011 wit ausgeschlossen hätte. Dies geschah durch folgende
835 2010 1774 2061 schon überall in deutschen Landen bekannt gewordene
819 2041 1138 2091 Zettelbemerkung:
948 2057 1775 2134 „Um künstlich inszenierten Störungen dieser
800 2110 1781 2194 Aufführungen vorzubeugen, siebt sich die Direktion
1687 2386 1754 2442 daf
639 2380 1636 2477 Reigen“=Hetze in Frankfurt. Gegen die Aufführung
1681 2434 1748 2493 kla
547 2431 1644 2515 von Schnitzlers „Reigen“ am Neuen Theuer in Frankfurt am
541 2465 1646 2555 Main erläßt die Theatergemeinde des Bühnenvolksbundes enen
1691 2480 1737 2534 ve
536 2498 1636 2593 öffentlichen Protest, worin sie erklärt, daß sie mit einem Theater,
1684 2532 1735 2588 sch
534 2549 1637 2623 das ein solches Stück zur Aufführung bringt, nichts mehr zu tun
1689 2576 1734 2644 sa
549 2597 1631 2674 hoben wolle und künftighin mit der Direktion eines solchen
539 2626 1437 2706 Theaters keine Vorstellungen mehr vereinbaren werde.
1681 2642 1725 2698 ge
635 2682 1643 2765 Edmond Rostands künstlerische Vielseitigkeit. Der
537 2715 1627 2801 Verfasser des „Cyrano de Bergerac“ hätte, wie nur wenigen
530 2768 1635 2856 bekannt sein wird, auch als Schauspieler Ruhm erlangen können,
583 2806 880 2867 un * #k „iA..
1432 2831 1539 2887 „ Lf
1853 215 2796 286 eranlaßt, den Besuch sämtlicher Reigen=Aufführun¬
1852 272 2795 314 zjen von der Unterzeichnung eines Verpflichtungs¬
1857 309 2790 376 cheines ubhängig zu machen, der vor Lösung der
1842 340 2270 397 Karte verabfolgt wird.“
1900 376 2790 449 Mit verbundenem Munde — im Geiste gesprochen
1894 431 2790 483 betritt also der gewöhnliche Sterbliche das Thea¬
1853 466 2791 522 er, den abgebrühten Kritiker läßt man ohne Maul¬
1850 507 2788 565 orb herumlaufen. Dergestalt blieb der äußere
1843 546 2785 598 Skandal verhindert. Haarsträubend anzügliches Ge¬
1849 588 2791 644 ächter von den Rängen herunter beweist aber
1852 629 2796 690 wischendurch doch, daß unternehmungslüsterne
1836 671 2791 718 Zuschauer sich durchaus nicht entblöden, gegen
1830 713 2790 763 alle Regeln der Kunst den Wiener Dichter
1829 748 2788 804 gründlich seiner zugestandenen Würde zu be¬
1837 795 2791 842 rauben und sein an sich unanstößiges Bekennerwerk
1836 826 2084 896 zu entweihen.
1882 861 2787 930 Was nützt es, daß diese zehn Dialoge von feinstem
1828 911 2788 976 osochologischen Gehalte sind? Eben weil der weit¬
1837 959 2781 1019 aus breiteste Raum der menschlichen Phantasie ver¬
1829 997 2788 1055 lottert und verwahrlost ist, gehören Schnitzlers zehn
1834 1038 2791 1096 Dialoge über die verschiedenartig verlaufende Aus¬
1836 1077 2780 1130 lösung geschlechtlichen Begehrens nicht vor ein wahl¬
1827 1120 2786 1175 loses Publikum. Ja, bei der ästhetischen Unzuläng¬
1828 1159 2786 1215 lichkeit einzelner Glieder eines Schausvielkörpers ge¬
1826 1202 2789 1257 hören sie augenblicklich noch nicht einmal auf die
1827 1238 2777 1290 öffentliche Bühne. Sie sind Privatangelegenheiten
1829 1279 2785 1336 dessen, der sich damit befaßt. Sie sind von Mensch
1827 1322 2777 1372 zu Mensch und nicht zu unvermeidlich niedrig gerich¬
1833 1362 2788 1422 eten Animierzwecken geschrieben. Das Buch zu ver¬
1830 1399 2780 1452 bieten, wäre deshalb eine widernatürliche Gewalt¬
1835 1439 2774 1492 ätigkeit an unserem längst befreiten deutschen
1837 1480 2778 1553 Schrifttum. Mehr Worte zu verlieren, hieße, ein
1826 1525 2587 1569 erledigtes Thema von vorne zu beginnen.
1878 1557 2774 1633 Gespielt wurde, wie es sich geziemt, ziemlich ein¬
1827 1615 2775 1667 wandfrei von Mensch zu Mensch. Trotzdem feixten
1819 1649 2773 1703 viele „Neubegierige“ ungebührlich, wenn der mensch¬
1821 1692 2768 1748 lichste Augenblick jedesmal bevorstand. Daß sie sich
1815 1730 2773 1787 damit ein klägliches Armutszeugnis in den Augen
1821 1775 2772 1830 des Dichters und der ihm Verwandten ausstellten,
1824 1813 2772 1872 merkten sie nicht. Das ist nicht nur in Frankfurt so
1820 1850 1959 1902 gewesen.
1869 1893 2770 1949 Georg Lengbach, der Vielbeliebte, gastierte.
1813 1927 2765 1995 Robin Robert hatte die Aufführung mit Takt und
1814 1970 2773 2034 Geschmack geleitet. Sie blieb aber trotzdem ein
1819 2011 2771 2071 Fiasko für den größeren Prozentsatz im Publikum,
1814 2059 2764 2114 ohne daß dieser Umstand ihrer magnetischen Kraft
1809 2088 2275 2158 bei den allabendlichen
2294 2102 2773 2169 Wiederholungen Abbruch
1811 2128 1900 2193 täte.
2548 2259 2954 2352 Sellene
2215 2336 2419 2408 Zeitung:
2560 2324 3105 2474 Penzis (T
2210 2402 2315 2469 Ort:
2219 2472 2776 2548 Datum
2561 2532 2754 2598 DE.
2220 2704 3146 2867 Stadtund Land in Osten
2259 2836 3093 2956 Schnißzlers „Reigen“ in Köslin.
2214 2908 3173 3014 Aus Köslin wird berichtet: Auch unsere Stadt
2169 2938 3173 3057 hatte Alden letzten Wochen ihren „Reigenskandal“. Im
2171 3008 3158 3088 Anschlug an die Ankündigung eines Gastspiels der
2167 3038 3157 3129 Thegsterleitung Walden, die den vielumstritte¬
2178 3085 3162 3181 nen „Feigen“ von Schnitzler in Köslin zur Aufführung
2174 3129 3160 3220 bringen wollte, entbrannte eine heftige Jehde in
2160 3168 3157 3269 den Ottszeitungen, die für und gegen die Aufführung
2165 3210 3147 3307 Stellung nahmen; es wurde von verschiedenen Seiten
2164 3257 3142 3356 sogar ein Verbot der Aufführung gefordert.
2162 3303 3153 3394 Dieses unterblieb, weil die gesetzlichen Unterlagen dazu
2160 3344 3140 3438 fehlten. Die Protestbewegung erreichte jedoch, daß das
2149 3391 3143 3478 Lokal, in dem die Aufführung zuerst stattfinden sollte,
2155 3430 2929 3511 der Direktion Walden entzogen wurde.
2181 3478 3138 3566 Die Auseinandersetzungen, die vielfach stark persön¬
2148 3515 3126 3604 lichen und gehässigen Einschlag zeigten, gingen weiter,
2145 3568 3116 3650 als ein anderer Lokalinhaber seinen Saal für die Auf
2147 3600 3124 3693 führung hergab. Schließlich erließen 14 Kösliner
2134 3645 3131 3736 Frauen- und Jugendvereinigungen eine Erklärung gegen
2136 3688 3123 3778 den Besuch der Vorstellung. Die Aufführung hat in¬
2145 3734 2540 3794 zwischen stattgefunden
2540 3751 2615 3798 —
2612 3752 3120 3820 und war ausverkauft.
2132 3779 3117 3862 (VDielleicht hätte der Theatermann kein so gutes Ge¬
2133 3812 3118 3911 schäft gemacht, wenn die allzu ausführliche Erörterung
2129 3860 3120 3943 in der Oeffentlichkeit unterblieben wäre.) Die erste
2103 3891 3111 3999 Aufführung verlief übrigens trotz der Erregung, die ihr
2104 3936 3107 4041 Svoraufging, ohne Störung von außen. Eine Wieder¬
2109 3984 2979 4078 Solung der Aufführung ist bereits angekündigt.
