<?xml version="1.0" encoding="UTF-8" standalone="yes"?>
<PcGts xmlns="http://schema.primaresearch.org/PAGE/gts/pagecontent/2013-07-15" xmlns:xsi="http://www.w3.org/2001/XMLSchema-instance" xsi:schemaLocation="http://schema.primaresearch.org/PAGE/gts/pagecontent/2013-07-15 http://schema.primaresearch.org/PAGE/gts/pagecontent/2013-07-15/pagecontent.xsd">
    <Metadata>
        <Creator>prov=University of Rostock/Institute of Mathematics/CITlab/Gundram Leifert/gundram.leifert@uni-rostock.de:name=ONB_Newseye_GT_M1+(htr_id=10810)::::v=2.4.3
prov=University of Rostock/Institute of Mathematics/CITlab/Tobias Gruening/tobias.gruening@uni-rostock.de:name=de.uros.citlab.module.baseline2polygon.B2PSeamMultiOriented:v=2.4.3
prov=University of Rostock/Institute of Mathematics/CITlab/Tobias Gruening/tobias.gruening@uni-rostock.de:name=/net_tf/LA73_249_0mod360.pb:de.uros.citlab.segmentation.CITlab_LA_ML:v=2.4.3
Transkribus</Creator>
        <Created>2019-10-07T11:40:09.335+02:00</Created>
        <LastChange>2019-12-04T21:07:54.123+01:00</LastChange>
        <TranskribusMetadata docId="223982" pageId="9504296" pageNr="663" tsid="20413671" status="IN_PROGRESS" userId="40391" imgUrl="https://files.transkribus.eu/Get?id=WCOLKMWGHFYINMERYVXEXLTU&amp;fileType=view" xmlUrl="https://files.transkribus.eu/Get?id=YOAEMQCSAKZPNMWPXQZEQYSU" imageId="6194510"/>
    </Metadata>
    <Page imageFilename="223982_0663.jpeg" imageWidth="3444" imageHeight="4448">
        <ReadingOrder>
            <OrderedGroup id="ro_1711448603338" caption="Regions reading order">
                <RegionRefIndexed index="0" regionRef="r1"/>
                <RegionRefIndexed index="1" regionRef="r2"/>
            </OrderedGroup>
        </ReadingOrder>
        <TextRegion orientation="0.0" id="r1" custom="readingOrder {index:0;}">
            <Coords points="354,84 354,3180 1446,3180 1446,84"/>
            <TextLine id="r1l1" custom="readingOrder {index:0;}">
                <Coords points="1052,134 1079,140 1140,119 1235,146 1295,149 1362,130 1413,140 1453,122 1454,53 1276,59 1234,87 1164,63 1101,82 1079,59 1052,58"/>
                <Baseline points="1059,113 1084,114 1110,114 1136,114 1162,115 1188,116 1213,116 1239,117 1265,117 1291,118 1317,118 1342,118 1368,117 1394,117 1420,115 1446,114"/>
                <TextEquiv>
                    <Unicode>box 18/1</Unicode>
                </TextEquiv>
            </TextLine>
            <TextLine id="r1l2" custom="readingOrder {index:1;}">
                <Coords points="347,115 492,113 621,151 661,134 682,150 794,133 823,149 853,143 856,76 745,63 711,76 686,54 635,73 562,53 511,89 433,54 350,44"/>
                <Baseline points="354,107 379,109 405,111 431,113 457,115 483,117 509,119 535,121 561,122 587,124 612,125 638,127 664,128 690,129 716,130 742,130 768,130 794,130 820,129 846,128"/>
                <TextEquiv>
                    <Unicode>11. Reigen</Unicode>
                </TextEquiv>
            </TextLine>
            <TextLine id="r1l3" custom="readingOrder {index:2;}">
                <Coords points="392,896 817,870 1234,899 1275,886 1275,822 674,801 392,833"/>
                <Baseline points="399,869 442,869 485,869 529,869 572,869 616,868 659,868 702,868 746,868 789,868 833,868 876,868 919,868 963,868 1006,868 1050,868 1093,868 1136,868 1180,868 1223,868 1267,868"/>
                <TextEquiv>
                    <Unicode>Die nächste Berliner Theater¬</Unicode>
                </TextEquiv>
            </TextLine>
            <TextLine id="r1l4" custom="readingOrder {index:3;}">
                <Coords points="696,943 749,957 783,940 862,959 892,945 989,947 987,889 978,887 964,895 923,881 901,892 849,878 831,890 804,877 786,892 773,882 759,890 737,871 695,885"/>
                <Baseline points="703,941 728,938 753,937 778,936 804,935 829,935 854,935 879,935 905,935 930,934 955,934 981,933"/>
                <TextEquiv>
                    <Unicode>sensation.</Unicode>
                </TextEquiv>
            </TextLine>
            <TextLine id="r1l5" custom="readingOrder {index:4;}">
                <Coords points="396,996 899,992 1035,1026 1203,990 1285,1005 1275,935 1245,959 1115,937 1067,965 964,940 630,967 396,930"/>
                <Baseline points="404,996 447,995 491,995 534,994 578,994 622,994 665,994 709,994 753,993 796,993 840,993 884,993 927,993 971,993 1015,993 1058,994 1102,994 1146,994 1189,994 1233,994 1277,994"/>
                <TextEquiv>
                    <Unicode>Aufführung von Schnitzlers „Reigen“ an den</Unicode>
                </TextEquiv>
            </TextLine>
            <TextLine id="r1l6" custom="readingOrder {index:5;}">
                <Coords points="670,1064 691,1068 738,1048 780,1060 813,1047 837,1060 870,1052 886,1064 970,1050 1022,1057 1022,1015 938,1016 899,992 670,1003"/>
                <Baseline points="678,1044 703,1043 729,1042 755,1042 781,1041 807,1041 833,1041 859,1041 885,1041 911,1041 937,1041 963,1041 989,1041 1015,1041"/>
                <TextEquiv>
                    <Unicode>Freinharsk=Bühnen.</Unicode>
                </TextEquiv>
            </TextLine>
            <TextLine id="r1l7" custom="readingOrder {index:6;}">
                <Coords points="493,1127 1286,1128 1286,1043 1195,1073 1056,1045 961,1071 818,1049 688,1074 651,1045 493,1069"/>
                <Baseline points="500,1112 538,1112 577,1112 616,1112 655,1111 694,1111 733,1111 772,1111 811,1111 850,1111 889,1111 927,1110 966,1110 1005,1110 1044,1110 1083,1110 1122,1110 1161,1110 1200,1110 1239,1110 1278,1109"/>
                <TextEquiv>
                    <Unicode>Eine besondere theatralische Delikatesse er¬</Unicode>
                </TextEquiv>
            </TextLine>
            <TextLine id="r1l8" custom="readingOrder {index:7;}">
                <Coords points="416,1172 1288,1173 1288,1127 1239,1114 416,1124"/>
                <Baseline points="423,1161 465,1162 508,1162 551,1162 594,1162 637,1162 680,1161 723,1161 766,1161 809,1161 852,1161 894,1160 937,1160 980,1160 1023,1160 1066,1159 1109,1159 1152,1159 1195,1159 1238,1158 1281,1158"/>
                <TextEquiv>
                    <Unicode>wartet für die nächsten Wochen der Berliner.</Unicode>
                </TextEquiv>
            </TextLine>
            <TextLine id="r1l9" custom="readingOrder {index:8;}">
                <Coords points="405,1225 1294,1228 1294,1173 405,1177"/>
                <Baseline points="413,1210 456,1210 500,1210 543,1210 587,1210 631,1210 674,1210 718,1210 762,1210 805,1210 849,1210 893,1210 936,1209 980,1209 1024,1209 1067,1209 1111,1209 1155,1208 1198,1208 1242,1207 1286,1207"/>
                <TextEquiv>
                    <Unicode>Direktor Hollaender plant die Aufführung von</Unicode>
                </TextEquiv>
            </TextLine>
            <TextLine id="r1l10" custom="readingOrder {index:9;}">
                <Coords points="418,1269 573,1290 665,1261 871,1277 926,1248 1229,1271 1290,1263 1290,1224 417,1219"/>
                <Baseline points="425,1257 467,1258 510,1259 553,1259 596,1260 639,1260 682,1260 724,1259 767,1259 810,1259 853,1258 896,1258 939,1257 982,1257 1024,1256 1067,1256 1110,1256 1153,1256 1196,1256 1239,1256 1282,1257"/>
                <TextEquiv>
                    <Unicode>Schnitzssers „Reigen“ und sein kürzlicher</Unicode>
                </TextEquiv>
            </TextLine>
            <TextLine id="r1l11" custom="readingOrder {index:10;}">
                <Coords points="405,1319 630,1296 711,1323 1294,1320 1271,1259 657,1262 574,1289 405,1263"/>
                <Baseline points="412,1308 455,1308 499,1308 543,1308 587,1308 630,1308 674,1308 718,1308 762,1307 805,1307 849,1307 893,1306 937,1306 980,1306 1024,1305 1068,1305 1112,1304 1155,1304 1199,1304 1243,1303 1287,1303"/>
                <TextEquiv>
                    <Unicode>Wiener Aufenthalt galt hauptsächlich</Unicode>
                </TextEquiv>
            </TextLine>
            <TextLine id="r1l12" custom="readingOrder {index:11;}">
                <Coords points="404,1374 1300,1360 1299,1318 1241,1309 403,1323"/>
                <Baseline points="411,1359 455,1359 499,1358 543,1358 587,1357 631,1357 675,1356 719,1356 763,1355 807,1355 851,1354 895,1354 939,1354 983,1353 1027,1353 1071,1353 1115,1353 1159,1353 1203,1353 1247,1354 1292,1354"/>
                <TextEquiv>
                    <Unicode>dem Zceck. eine Reihe Wiener Darsteller</Unicode>
                </TextEquiv>
            </TextLine>
            <TextLine id="r1l13" custom="readingOrder {index:12;}">
                <Coords points="416,1426 1295,1414 1294,1373 1221,1358 416,1369"/>
                <Baseline points="423,1407 466,1407 509,1407 552,1406 595,1406 639,1405 682,1405 725,1405 768,1404 811,1404 855,1404 898,1404 941,1403 984,1403 1027,1403 1071,1403 1114,1402 1157,1402 1200,1402 1243,1402 1287,1402"/>
                <TextEquiv>
                    <Unicode>als Gäste für diese Aufführung zu verpflichten,</Unicode>
                </TextEquiv>
            </TextLine>
            <TextLine id="r1l14" custom="readingOrder {index:13;}">
                <Coords points="415,1465 1285,1458 1265,1409 415,1425"/>
                <Baseline points="423,1457 465,1457 508,1456 551,1456 593,1456 636,1455 679,1455 721,1454 764,1454 807,1453 850,1453 892,1452 935,1452 978,1451 1020,1451 1063,1451 1106,1450 1148,1450 1191,1450 1234,1450 1277,1450"/>
                <TextEquiv>
                    <Unicode>und zwar für Rollen, die im Reinhardt-Ensemble</Unicode>
                </TextEquiv>
            </TextLine>
            <TextLine id="r1l15" custom="readingOrder {index:14;}">
                <Coords points="407,1513 1286,1506 1285,1468 1163,1458 407,1461"/>
                <Baseline points="415,1505 458,1505 501,1505 544,1504 587,1504 630,1503 673,1503 717,1502 760,1502 803,1501 846,1501 889,1500 932,1500 975,1500 1019,1499 1062,1499 1105,1499 1148,1499 1191,1499 1234,1500 1278,1500"/>
                <TextEquiv>
                    <Unicode>sellst angeblich keine Vertreter finden können.</Unicode>
                </TextEquiv>
            </TextLine>
            <TextLine id="r1l16" custom="readingOrder {index:15;}">
                <Coords points="417,1561 1256,1566 1289,1556 1289,1512 416,1519"/>
                <Baseline points="424,1553 466,1554 509,1554 552,1554 595,1554 638,1553 681,1553 723,1552 766,1551 809,1551 852,1550 895,1550 938,1549 981,1549 1023,1548 1066,1548 1109,1548 1152,1548 1195,1548 1238,1548 1281,1549"/>
                <TextEquiv>
                    <Unicode>Ssoll Herr Aslan vom Burgtheater in dieser</Unicode>
                </TextEquiv>
            </TextLine>
            <TextLine id="r1l17" custom="readingOrder {index:16;}">
                <Coords points="414,1610 1298,1608 1298,1566 1138,1547 827,1581 777,1556 414,1565"/>
                <Baseline points="422,1604 465,1604 508,1604 552,1603 595,1603 639,1603 682,1603 726,1602 769,1602 813,1601 856,1601 899,1600 943,1600 986,1600 1030,1599 1073,1599 1117,1598 1160,1598 1204,1598 1247,1597 1291,1597"/>
                <TextEquiv>
                    <Unicode>Aksführung mitwirken, zu welchem Zwecke Aslan</Unicode>
                </TextEquiv>
            </TextLine>
            <TextLine id="r1l18" custom="readingOrder {index:17;}">
                <Coords points="413,1658 1295,1665 1270,1607 413,1610"/>
                <Baseline points="420,1652 463,1652 506,1652 550,1651 593,1651 636,1651 680,1650 723,1650 766,1650 810,1649 853,1649 896,1649 940,1648 983,1648 1026,1648 1070,1648 1113,1648 1156,1648 1200,1648 1243,1648 1287,1648"/>
                <TextEquiv>
                    <Unicode>em Burgtheater einen Urlaub erhielt, den er</Unicode>
                </TextEquiv>
            </TextLine>
            <TextLine id="r1l19" custom="readingOrder {index:18;}">
                <Coords points="437,1712 1211,1715 1293,1705 1293,1662 437,1675"/>
                <Baseline points="445,1700 487,1700 529,1700 571,1700 613,1700 655,1700 697,1699 739,1699 781,1699 823,1698 865,1698 907,1698 949,1698 991,1697 1033,1697 1075,1697 1117,1696 1159,1696 1201,1696 1243,1696 1285,1695"/>
                <TextEquiv>
                    <Unicode>m die Mitte dieses Monats antritt. Direktor</Unicode>
                </TextEquiv>
            </TextLine>
            <TextLine id="r1l20" custom="readingOrder {index:19;}">
                <Coords points="423,1764 1159,1769 1285,1753 1285,1708 423,1716"/>
                <Baseline points="431,1751 473,1750 515,1750 558,1750 600,1750 642,1749 685,1749 727,1749 769,1748 812,1748 854,1748 896,1747 939,1747 981,1747 1023,1746 1066,1746 1108,1746 1150,1745 1193,1745 1235,1745 1278,1744"/>
                <TextEquiv>
                    <Unicode>Hollaender hat ferner, wie in Theaterkreisen er¬</Unicode>
                </TextEquiv>
            </TextLine>
            <TextLine id="r1l21" custom="readingOrder {index:20;}">
                <Coords points="413,1814 1302,1791 1272,1750 413,1768"/>
                <Baseline points="421,1802 464,1801 508,1800 551,1799 595,1799 639,1798 682,1798 726,1798 770,1797 813,1797 857,1797 901,1797 944,1796 988,1796 1032,1796 1075,1795 1119,1795 1163,1794 1206,1793 1250,1793 1294,1792"/>
                <TextEquiv>
                    <Unicode>zählt wird, mit Fräulein Geßner vom Stadt¬</Unicode>
                </TextEquiv>
            </TextLine>
            <TextLine id="r1l22" custom="readingOrder {index:21;}">
                <Coords points="416,1859 1299,1846 1298,1793 416,1815"/>
                <Baseline points="423,1850 466,1849 509,1849 553,1848 596,1848 640,1847 683,1847 727,1846 770,1846 814,1846 857,1845 900,1845 944,1845 987,1844 1031,1844 1074,1844 1118,1844 1161,1843 1205,1843 1248,1843 1292,1843"/>
                <TextEquiv>
                    <Unicode>theater und Herrn Brausewetter vom</Unicode>
                </TextEquiv>
            </TextLine>
            <TextLine id="r1l23" custom="readingOrder {index:22;}">
                <Coords points="411,1910 1291,1909 1290,1849 1208,1842 411,1861"/>
                <Baseline points="418,1898 461,1897 504,1897 547,1897 591,1896 634,1896 677,1896 720,1895 764,1895 807,1895 850,1894 893,1894 937,1893 980,1893 1023,1893 1066,1892 1110,1892 1153,1892 1196,1891 1239,1891 1283,1891"/>
                <TextEquiv>
                    <Unicode>Deutschen Volkstheater verhandelt. Von Wiener</Unicode>
                </TextEquiv>
            </TextLine>
            <TextLine id="r1l24" custom="readingOrder {index:23;}">
                <Coords points="425,1955 1296,1950 1295,1912 1210,1926 1164,1896 424,1910"/>
                <Baseline points="432,1946 474,1946 517,1946 560,1946 603,1946 646,1946 688,1946 731,1945 774,1945 817,1945 860,1944 902,1944 945,1943 988,1943 1031,1942 1074,1942 1116,1941 1159,1941 1202,1941 1245,1940 1288,1940"/>
                <TextEquiv>
                    <Unicode>Schauspielern, die gegenwärtig in Berlin im</Unicode>
                </TextEquiv>
            </TextLine>
            <TextLine id="r1l25" custom="readingOrder {index:24;}">
                <Coords points="412,1999 1233,2009 1292,2002 1292,1950 412,1962"/>
                <Baseline points="420,1996 463,1996 506,1996 549,1995 592,1995 636,1995 679,1994 722,1994 765,1993 808,1993 852,1992 895,1992 938,1991 981,1991 1024,1991 1068,1990 1111,1990 1154,1990 1197,1990 1240,1990 1284,1990"/>
                <TextEquiv>
                    <Unicode>Engagement stehen, sollen Fräulein Keller und</Unicode>
                </TextEquiv>
            </TextLine>
            <TextLine id="r1l26" custom="readingOrder {index:25;}">
                <Coords points="418,2063 1008,2034 1214,2051 1214,2005 1169,1995 759,2019 418,2000"/>
                <Baseline points="425,2048 464,2047 503,2046 542,2045 581,2044 620,2044 659,2043 698,2043 737,2042 776,2042 816,2041 855,2041 894,2041 933,2041 972,2040 1011,2040 1050,2040 1089,2040 1128,2039 1167,2039 1207,2039"/>
                <TextEquiv>
                    <Unicode>Herr Edthofer im „Reigen“ milwirken.</Unicode>
                </TextEquiv>
            </TextLine>
            <TextLine id="r1l27" custom="readingOrder {index:26;}">
                <Coords points="497,2105 1291,2100 1290,2033 1023,2071 980,2050 497,2054"/>
                <Baseline points="505,2093 543,2093 582,2092 621,2092 660,2091 699,2091 738,2091 777,2091 816,2091 855,2090 894,2090 932,2090 971,2090 1010,2090 1049,2089 1088,2089 1127,2088 1166,2088 1205,2087 1244,2086 1283,2085"/>
                <TextEquiv>
                    <Unicode>Schnitzlers „Reigen“ wurde zum erstenmal</Unicode>
                </TextEquiv>
            </TextLine>
            <TextLine id="r1l28" custom="readingOrder {index:27;}">
                <Coords points="420,2150 1285,2148 1301,2095 419,2101"/>
                <Baseline points="427,2144 470,2143 513,2143 556,2142 600,2141 643,2140 686,2140 730,2140 773,2139 816,2139 860,2139 903,2139 946,2138 989,2138 1033,2138 1076,2138 1119,2137 1163,2137 1206,2136 1249,2136 1293,2135"/>
                <TextEquiv>
                    <Unicode>in Rußland während des Krieges auf die Bühne</Unicode>
                </TextEquiv>
            </TextLine>
            <TextLine id="r1l29" custom="readingOrder {index:28;}">
                <Coords points="416,2211 843,2187 1255,2214 1301,2201 1301,2153 415,2154"/>
                <Baseline points="423,2195 466,2194 510,2192 553,2191 597,2190 640,2190 684,2189 727,2189 771,2188 814,2188 858,2188 902,2188 945,2187 989,2187 1032,2187 1076,2187 1119,2187 1163,2186 1206,2186 1250,2185 1294,2184"/>
                <TextEquiv>
                    <Unicode>gebracht und dort in mehreren füdrussischen</Unicode>
                </TextEquiv>
            </TextLine>
            <TextLine id="r1l30" custom="readingOrder {index:29;}">
                <Coords points="420,2253 1102,2259 1176,2245 1176,2197 420,2204"/>
                <Baseline points="428,2242 465,2241 502,2240 539,2239 576,2239 613,2238 650,2238 687,2237 724,2237 761,2237 798,2237 835,2237 872,2237 909,2237 946,2237 983,2236 1020,2236 1057,2236 1094,2236 1131,2235 1169,2235"/>
                <TextEquiv>
                    <Unicode>Städten mit ungeheurem Erfolg gespielt.</Unicode>
                </TextEquiv>
            </TextLine>
            <TextLine id="r1l31" custom="readingOrder {index:30;}">
                <Coords points="499,2291 1293,2298 1270,2234 1106,2261 499,2251"/>
                <Baseline points="506,2290 547,2289 588,2288 629,2287 670,2287 711,2286 752,2286 793,2285 834,2285 875,2285 916,2284 957,2284 998,2284 1039,2284 1080,2283 1121,2283 1162,2283 1203,2283 1244,2283 1285,2283"/>
                <TextEquiv>
                    <Unicode>Unmittelbar nach dem Umsturz und nach</Unicode>
                </TextEquiv>
            </TextLine>
            <TextLine id="r1l32" custom="readingOrder {index:31;}">
                <Coords points="420,2349 1308,2352 1293,2293 420,2296"/>
                <Baseline points="428,2340 471,2339 515,2339 558,2339 602,2338 646,2338 689,2337 733,2337 776,2336 820,2335 864,2335 907,2334 951,2334 994,2333 1038,2333 1082,2332 1125,2332 1169,2332 1212,2331 1256,2331 1300,2331"/>
                <TextEquiv>
                    <Unicode>Beseitigung der alten strengen Zensurvorschriften</Unicode>
                </TextEquiv>
            </TextLine>
            <TextLine id="r1l33" custom="readingOrder {index:32;}">
                <Coords points="423,2397 754,2398 799,2373 906,2405 1306,2393 1306,2352 1232,2342 423,2349"/>
                <Baseline points="431,2388 474,2388 517,2388 561,2388 604,2388 648,2388 691,2387 734,2387 778,2386 821,2386 865,2385 908,2385 951,2384 995,2383 1038,2383 1082,2382 1125,2382 1168,2381 1212,2381 1255,2381 1299,2381"/>
                <TextEquiv>
                    <Unicode>wandten sich mehrere Wiener</Unicode>
                </TextEquiv>
            </TextLine>
            <TextLine id="r1l34" custom="readingOrder {index:33;}">
                <Coords points="423,2454 934,2423 1169,2460 1313,2432 1313,2395 422,2396"/>
                <Baseline points="430,2439 473,2438 517,2437 561,2436 605,2436 648,2435 692,2434 736,2434 780,2434 823,2433 867,2433 911,2433 955,2433 998,2432 1042,2432 1086,2432 1130,2432 1173,2431 1217,2431 1261,2431 1305,2431"/>
                <TextEquiv>
                    <Unicode>Theaterdirestoren an Arthur</Unicode>
                </TextEquiv>
            </TextLine>
            <TextLine id="r1l35" custom="readingOrder {index:34;}">
                <Coords points="422,2496 1308,2486 1307,2434 1270,2428 1185,2453 422,2450"/>
                <Baseline points="429,2485 472,2485 516,2485 559,2485 603,2484 646,2484 690,2484 733,2483 777,2483 820,2483 864,2482 908,2482 951,2482 995,2481 1038,2481 1082,2481 1125,2480 1169,2480 1212,2479 1256,2479 1300,2479"/>
                <TextEquiv>
                    <Unicode>Schnitzler mit dem Vorschlage, den</Unicode>
                </TextEquiv>
            </TextLine>
            <TextLine id="r1l36" custom="readingOrder {index:35;}">
                <Coords points="411,2544 1280,2541 1302,2486 949,2515 850,2483 410,2500"/>
                <Baseline points="419,2540 462,2538 506,2536 550,2534 594,2533 638,2532 681,2531 725,2531 769,2531 813,2530 857,2530 900,2530 944,2530 988,2530 1032,2530 1076,2530 1119,2529 1163,2529 1207,2528 1251,2528 1295,2526"/>
                <TextEquiv>
                    <Unicode>„Reigen“ in Wien aufzuführen.</Unicode>
                </TextEquiv>
            </TextLine>
            <TextLine id="r1l37" custom="readingOrder {index:36;}">
                <Coords points="420,2596 1212,2591 1304,2582 1304,2546 420,2549"/>
                <Baseline points="428,2584 471,2583 514,2582 558,2582 601,2581 645,2581 688,2580 731,2580 775,2579 818,2579 862,2578 905,2578 948,2578 992,2577 1035,2577 1079,2577 1122,2577 1165,2576 1209,2576 1252,2576 1296,2576"/>
                <TextEquiv>
                    <Unicode>Schnitzler hat denals aus Gründen persönlichen</Unicode>
                </TextEquiv>
            </TextLine>
            <TextLine id="r1l38" custom="readingOrder {index:37;}">
                <Coords points="415,2646 1300,2634 1287,2583 415,2588"/>
                <Baseline points="423,2635 466,2634 509,2632 553,2631 596,2631 640,2630 683,2629 727,2629 770,2628 814,2628 857,2627 900,2627 944,2627 987,2627 1031,2626 1074,2626 1118,2626 1161,2625 1205,2625 1248,2625 1292,2624"/>
                <TextEquiv>
                    <Unicode>Feingefühls abgelehnt, um dem Vorwurf allzu</Unicode>
                </TextEquiv>
            </TextLine>
            <TextLine id="r1l39" custom="readingOrder {index:38;}">
                <Coords points="426,2689 1282,2691 1297,2637 426,2644"/>
                <Baseline points="434,2682 476,2682 519,2681 562,2680 605,2679 648,2679 690,2678 733,2678 776,2677 819,2677 862,2676 904,2676 947,2675 990,2675 1033,2674 1076,2674 1118,2674 1161,2674 1204,2673 1247,2673 1290,2673"/>
                <TextEquiv>
                    <Unicode>hastiger Ausnützung der politischen Konjunktur</Unicode>
                </TextEquiv>
            </TextLine>
            <TextLine id="r1l40" custom="readingOrder {index:39;}">
                <Coords points="428,2744 936,2729 981,2755 1161,2722 1191,2750 1306,2722 1306,2688 1079,2671 687,2683 657,2707 582,2682 484,2715 427,2689"/>
                <Baseline points="435,2733 478,2732 521,2731 564,2730 607,2729 651,2728 694,2727 737,2726 780,2726 823,2725 867,2725 910,2724 953,2724 996,2724 1039,2724 1083,2723 1126,2723 1169,2723 1212,2723 1255,2723 1299,2723"/>
                <TextEquiv>
                    <Unicode>zu entgehen. Sovict wir wissen, hat Schnitzler</Unicode>
                </TextEquiv>
            </TextLine>
            <TextLine id="r1l41" custom="readingOrder {index:40;}">
                <Coords points="421,2794 1260,2791 1309,2774 1309,2720 980,2757 896,2731 420,2742"/>
                <Baseline points="428,2778 471,2778 515,2778 559,2778 602,2778 646,2778 690,2777 733,2777 777,2776 821,2776 865,2775 908,2774 952,2774 996,2773 1039,2773 1083,2772 1127,2771 1170,2771 1214,2770 1258,2770 1302,2770"/>
                <TextEquiv>
                    <Unicode>bis heute sich nicht entüchbeßen</Unicode>
                </TextEquiv>
            </TextLine>
            <TextLine id="r1l42" custom="readingOrder {index:41;}">
                <Coords points="428,2839 1292,2828 1282,2777 428,2789"/>
                <Baseline points="436,2828 478,2827 520,2826 563,2826 605,2825 648,2825 690,2824 732,2824 775,2823 817,2823 860,2823 902,2822 944,2822 987,2822 1029,2821 1072,2821 1114,2821 1156,2820 1199,2820 1241,2820 1284,2820"/>
                <TextEquiv>
                    <Unicode>können, einer bestimmten Bühneghen „Reigen“</Unicode>
                </TextEquiv>
            </TextLine>
            <TextLine id="r1l43" custom="readingOrder {index:42;}">
                <Coords points="426,2894 1206,2869 1307,2890 1284,2826 425,2837"/>
                <Baseline points="433,2879 476,2878 519,2877 562,2876 606,2875 649,2875 692,2874 736,2873 779,2873 822,2872 866,2872 909,2871 952,2871 995,2870 1039,2870 1082,2869 1125,2869 1169,2869 1212,2868 1255,2868 1299,2867"/>
                <TextEquiv>
                    <Unicode>zur Aufführung zu übergeben##sch wird dies</Unicode>
                </TextEquiv>
            </TextLine>
            <TextLine id="r1l44" custom="readingOrder {index:43;}">
                <Coords points="431,2937 713,2944 859,2914 922,2954 983,2922 1052,2953 1156,2923 1258,2939 1299,2927 1299,2886 431,2892"/>
                <Baseline points="439,2926 481,2926 524,2925 566,2925 609,2924 652,2924 694,2923 737,2923 780,2922 822,2922 865,2921 908,2921 950,2920 993,2920 1036,2920 1078,2920 1121,2919 1164,2919 1206,2919 1249,2920 1292,2920"/>
                <TextEquiv>
                    <Unicode>zweiselsohne nach der Bejsiner Premiere ge¬</Unicode>
                </TextEquiv>
            </TextLine>
            <TextLine id="r1l45" custom="readingOrder {index:44;}">
                <Coords points="436,3001 451,2998 461,3007 480,2991 506,2984 513,2977 531,2985 549,2983 553,2978 573,2984 572,2948 540,2935 519,2945 504,2935 493,2932 482,2936 472,2929 452,2938 434,2937"/>
                <Baseline points="442,2978 472,2973 503,2972 534,2972 565,2973"/>
                <TextEquiv>
                    <Unicode>schehen.</Unicode>
                </TextEquiv>
            </TextLine>
            <TextLine id="r1l46" custom="readingOrder {index:45;}">
                <Coords points="504,3028 1308,3030 1307,2970 1261,2952 503,2978"/>
                <Baseline points="511,3018 550,3020 589,3020 629,3021 668,3021 708,3022 747,3021 787,3021 826,3021 866,3020 905,3019 944,3019 984,3018 1023,3017 1063,3017 1102,3016 1142,3015 1181,3015 1221,3015 1260,3014 1300,3014"/>
                <TextEquiv>
                    <Unicode>Schnitzler, W „Schwestern“ in den</Unicode>
                </TextEquiv>
            </TextLine>
            <TextLine id="r1l47" custom="readingOrder {index:46;}">
                <Coords points="425,3077 848,3088 940,3062 1102,3096 1143,3067 1306,3072 1306,3030 973,3041 895,3016 536,3044 485,3011 424,3034"/>
                <Baseline points="432,3072 475,3070 518,3069 562,3069 605,3068 648,3068 692,3068 735,3067 778,3068 822,3068 865,3068 908,3068 952,3068 995,3068 1038,3068 1082,3067 1125,3067 1168,3066 1212,3065 1255,3064 1299,3062"/>
                <TextEquiv>
                    <Unicode>nächsten Wochen Meichfalls, an den, Reinhardt¬</Unicode>
                </TextEquiv>
            </TextLine>
            <TextLine id="r1l48" custom="readingOrder {index:47;}">
                <Coords points="429,3125 1308,3127 1294,3067 429,3077"/>
                <Baseline points="437,3117 480,3118 523,3119 566,3119 609,3119 652,3118 695,3118 739,3117 782,3116 825,3115 868,3114 911,3113 954,3112 997,3112 1041,3111 1084,3111 1127,3111 1170,3112 1213,3113 1256,3114 1300,3116"/>
                <TextEquiv>
                    <Unicode>Bühnen gespielt werden, begis##.sichtzür Auf¬</Unicode>
                </TextEquiv>
            </TextLine>
            <TextLine id="r1l49" custom="readingOrder {index:48;}">
                <Coords points="436,3189 591,3200 719,3169 907,3192 1040,3165 1256,3189 1307,3173 1307,3126 436,3130"/>
                <Baseline points="443,3169 485,3169 528,3168 571,3168 614,3168 657,3167 699,3167 742,3167 785,3167 828,3166 871,3166 913,3166 956,3166 999,3166 1042,3166 1085,3165 1127,3165 1170,3164 1213,3164 1256,3163 1299,3163"/>
                <TextEquiv>
                    <Unicode>führung#des „Reigen“ selbst nach Berlin.</Unicode>
                </TextEquiv>
            </TextLine>
            <TextEquiv>
                <Unicode>box 18/1
11. Reigen
Die nächste Berliner Theater¬
sensation.
Aufführung von Schnitzlers „Reigen“ an den
Freinharsk=Bühnen.
Eine besondere theatralische Delikatesse er¬
wartet für die nächsten Wochen der Berliner.
Direktor Hollaender plant die Aufführung von
Schnitzssers „Reigen“ und sein kürzlicher
Wiener Aufenthalt galt hauptsächlich
dem Zceck. eine Reihe Wiener Darsteller
als Gäste für diese Aufführung zu verpflichten,
und zwar für Rollen, die im Reinhardt-Ensemble
sellst angeblich keine Vertreter finden können.
Ssoll Herr Aslan vom Burgtheater in dieser
Aksführung mitwirken, zu welchem Zwecke Aslan
em Burgtheater einen Urlaub erhielt, den er
m die Mitte dieses Monats antritt. Direktor
Hollaender hat ferner, wie in Theaterkreisen er¬
zählt wird, mit Fräulein Geßner vom Stadt¬
theater und Herrn Brausewetter vom
Deutschen Volkstheater verhandelt. Von Wiener
Schauspielern, die gegenwärtig in Berlin im
Engagement stehen, sollen Fräulein Keller und
Herr Edthofer im „Reigen“ milwirken.
Schnitzlers „Reigen“ wurde zum erstenmal
in Rußland während des Krieges auf die Bühne
gebracht und dort in mehreren füdrussischen
Städten mit ungeheurem Erfolg gespielt.
Unmittelbar nach dem Umsturz und nach
Beseitigung der alten strengen Zensurvorschriften
wandten sich mehrere Wiener
Theaterdirestoren an Arthur
Schnitzler mit dem Vorschlage, den
„Reigen“ in Wien aufzuführen.
Schnitzler hat denals aus Gründen persönlichen
Feingefühls abgelehnt, um dem Vorwurf allzu
hastiger Ausnützung der politischen Konjunktur
zu entgehen. Sovict wir wissen, hat Schnitzler
bis heute sich nicht entüchbeßen
können, einer bestimmten Bühneghen „Reigen“
zur Aufführung zu übergeben##sch wird dies
zweiselsohne nach der Bejsiner Premiere ge¬
schehen.
Schnitzler, W „Schwestern“ in den
nächsten Wochen Meichfalls, an den, Reinhardt¬
Bühnen gespielt werden, begis##.sichtzür Auf¬
führung#des „Reigen“ selbst nach Berlin.</Unicode>
            </TextEquiv>
        </TextRegion>
        <TextRegion orientation="0.0" id="r2" custom="readingOrder {index:1;}">
            <Coords points="1776,270 1776,3961 2968,3961 2968,270"/>
            <TextLine id="r2l1" custom="readingOrder {index:0;}">
                <Coords points="1979,309 2266,333 2432,297 2506,327 2601,298 2781,302 2779,175 2718,199 2577,170 2438,219 2354,191 2233,229 2066,187 1977,198"/>
                <Baseline points="1987,307 2026,306 2065,305 2104,304 2144,303 2183,302 2222,302 2262,301 2301,301 2340,300 2380,299 2419,299 2458,298 2497,298 2537,297 2576,296 2615,295 2655,294 2694,293 2733,292 2773,291"/>
                <TextEquiv>
                    <Unicode>Klose &amp; Seidel</Unicode>
                </TextEquiv>
            </TextLine>
            <TextLine id="r2l2" custom="readingOrder {index:1;}">
                <Coords points="2022,416 2226,389 2340,417 2424,386 2489,410 2721,393 2767,383 2766,322 2441,347 2339,317 2216,348 2170,324 2020,327"/>
                <Baseline points="2029,388 2065,388 2102,387 2138,386 2175,386 2211,385 2248,385 2284,385 2321,384 2357,384 2394,383 2431,383 2467,382 2504,382 2540,381 2577,380 2613,379 2650,378 2686,377 2723,376 2760,374"/>
                <TextEquiv>
                    <Unicode>Bureau für Zeitungsausschnitte</Unicode>
                </TextEquiv>
            </TextLine>
            <TextLine id="r2l3" custom="readingOrder {index:2;}">
                <Coords points="2025,457 2140,480 2255,452 2382,481 2508,450 2650,480 2780,471 2763,381 2641,407 2456,414 2408,389 2341,418 2221,390 2025,416"/>
                <Baseline points="2033,454 2071,454 2110,454 2149,453 2188,453 2227,452 2266,452 2305,451 2344,451 2383,450 2421,450 2460,450 2499,449 2538,449 2577,448 2616,448 2655,448 2694,448 2733,448 2772,448"/>
                <TextEquiv>
                    <Unicode>Berlin MO. 43, Georgenkirchplatz 21</Unicode>
                </TextEquiv>
            </TextLine>
            <TextLine id="r2l4" custom="readingOrder {index:3;}">
                <Coords points="1980,668 2802,687 2801,607 2359,623 2295,597 2248,628 2090,638 1979,617"/>
                <Baseline points="1987,668 2027,668 2067,667 2108,667 2148,666 2188,666 2229,665 2269,664 2309,663 2350,663 2390,662 2430,661 2471,660 2511,660 2551,659 2592,658 2632,658 2672,657 2713,657 2753,656 2794,656"/>
                <TextEquiv>
                    <Unicode>Zeitung: Berlin. Lokal-Anzeiger</Unicode>
                </TextEquiv>
            </TextLine>
            <TextLine id="r2l5" custom="readingOrder {index:4;}">
                <Coords points="2684,775 2691,775 2704,767 2721,767 2723,764 2740,767 2744,762 2752,763 2756,758 2762,758 2759,714 2734,714 2731,717 2705,707 2702,709 2690,701 2685,705 2677,705"/>
                <Baseline points="2690,760 2723,756 2756,754"/>
                <TextEquiv>
                    <Unicode>in</Unicode>
                </TextEquiv>
            </TextLine>
            <TextLine id="r2l6" custom="readingOrder {index:5;}">
                <Coords points="1978,792 1990,790 1995,794 2017,786 2022,789 2037,777 2062,788 2084,784 2081,725 2070,727 2059,721 2055,724 2047,717 2036,721 2032,716 1994,705 1975,712"/>
                <Baseline points="1985,775 2015,770 2045,770 2076,770"/>
                <TextEquiv>
                    <Unicode>Ort:</Unicode>
                </TextEquiv>
            </TextLine>
            <TextLine id="r2l7" custom="readingOrder {index:6;}">
                <Coords points="1986,904 1996,904 2022,880 2031,886 2053,879 2064,888 2077,883 2161,904 2161,845 2122,844 2093,832 2078,838 2062,824 1987,826"/>
                <Baseline points="1994,877 2020,876 2047,875 2074,875 2100,876 2127,877 2154,879"/>
                <TextEquiv>
                    <Unicode>Datum:</Unicode>
                </TextEquiv>
            </TextLine>
            <TextLine id="r2l8" custom="readingOrder {index:7;}">
                <Coords points="2063,1020 2909,1082 2945,1076 2948,1017 2887,1010 2775,924 2687,953 2319,964 2066,939"/>
                <Baseline points="2070,1022 2113,1024 2156,1026 2200,1028 2243,1030 2287,1031 2330,1033 2373,1035 2417,1037 2460,1039 2504,1041 2547,1043 2590,1045 2634,1047 2677,1049 2721,1051 2764,1053 2807,1055 2851,1058 2894,1060 2938,1062"/>
                <TextEquiv>
                    <Unicode> elie eiter in enen san</Unicode>
                </TextEquiv>
            </TextLine>
            <TextLine id="r2l9" custom="readingOrder {index:8;}">
                <Coords points="2020,1075 2947,1120 2949,1075 2890,1065 2023,1010"/>
                <Baseline points="2028,1070 2073,1071 2119,1073 2164,1074 2210,1076 2256,1077 2301,1079 2347,1082 2392,1083 2438,1085 2484,1088 2529,1090 2575,1092 2620,1095 2666,1097 2712,1099 2757,1101 2803,1103 2848,1105 2894,1108 2940,1109"/>
                <TextEquiv>
                    <Unicode>spielhaus verbölen. Nach einer heute vormitteg</Unicode>
                </TextEquiv>
            </TextLine>
            <TextLine id="r2l10" custom="readingOrder {index:9;}">
                <Coords points="2057,1126 2794,1172 2945,1162 2947,1119 2059,1083"/>
                <Baseline points="2064,1117 2107,1119 2151,1121 2194,1123 2238,1125 2282,1127 2325,1128 2369,1130 2413,1132 2456,1133 2500,1135 2544,1137 2587,1139 2631,1141 2675,1143 2718,1145 2762,1147 2806,1150 2849,1152 2893,1154 2937,1157"/>
                <TextEquiv>
                    <Unicode>ergargenen einstweiligen gerichtlichen Verfügung ist</Unicode>
                </TextEquiv>
            </TextLine>
            <TextLine id="r2l11" custom="readingOrder {index:10;}">
                <Coords points="2052,1176 2773,1208 2815,1205 2817,1166 2054,1127"/>
                <Baseline points="2060,1163 2097,1165 2134,1167 2172,1169 2209,1171 2247,1173 2284,1174 2321,1176 2359,1177 2396,1179 2434,1180 2471,1182 2508,1183 2546,1184 2583,1186 2621,1188 2658,1190 2695,1191 2733,1193 2770,1196 2808,1198"/>
                <TextEquiv>
                    <Unicode>die Aufführung von Schnitzlers „Reigen“ —</Unicode>
                </TextEquiv>
            </TextLine>
            <TextLine id="r2l12" custom="readingOrder {index:11;}">
                <Coords points="2056,1219 2933,1266 2946,1213 2058,1172"/>
                <Baseline points="2063,1210 2106,1212 2150,1214 2194,1217 2237,1218 2281,1220 2325,1222 2368,1224 2412,1226 2456,1228 2500,1229 2543,1231 2587,1234 2631,1235 2674,1237 2718,1239 2762,1240 2805,1243 2849,1245 2893,1247 2937,1250"/>
                <TextEquiv>
                    <Unicode>abend sollte im Kleinen Schauspielhaus die Premiere</Unicode>
                </TextEquiv>
            </TextLine>
            <TextLine id="r2l13" custom="readingOrder {index:12;}">
                <Coords points="2050,1281 2253,1269 2311,1288 2379,1277 2412,1300 2514,1281 2622,1308 2667,1299 2669,1261 2053,1218"/>
                <Baseline points="2058,1261 2088,1262 2118,1263 2148,1264 2178,1265 2208,1266 2238,1268 2268,1269 2298,1269 2328,1271 2359,1272 2389,1274 2419,1275 2449,1276 2479,1277 2509,1279 2539,1280 2569,1281 2599,1282 2629,1283 2660,1285"/>
                <TextEquiv>
                    <Unicode>stattfinden — verboten worden.</Unicode>
                </TextEquiv>
            </TextLine>
            <TextLine id="r2l14" custom="readingOrder {index:13;}">
                <Coords points="2076,1317 2930,1352 2913,1286 2775,1308 2738,1274 2623,1308 2078,1275"/>
                <Baseline points="2084,1309 2128,1311 2172,1312 2216,1314 2260,1316 2304,1318 2348,1320 2393,1322 2437,1324 2481,1325 2525,1328 2569,1329 2613,1331 2658,1333 2702,1335 2746,1337 2790,1339 2834,1341 2878,1343 2923,1346"/>
                <TextEquiv>
                    <Unicode>Die Verfügung ist auf Antrag des Direktoriums</Unicode>
                </TextEquiv>
            </TextLine>
            <TextLine id="r2l15" custom="readingOrder {index:14;}">
                <Coords points="2047,1352 2923,1397 2932,1352 2049,1304"/>
                <Baseline points="2055,1347 2098,1349 2141,1351 2185,1352 2228,1354 2272,1356 2315,1358 2359,1359 2402,1361 2446,1363 2489,1364 2532,1366 2576,1368 2619,1370 2663,1372 2706,1373 2750,1375 2793,1378 2837,1380 2880,1381 2924,1383"/>
                <TextEquiv>
                    <Unicode>der Hochschüle für Musik, der Vermieterin des</Unicode>
                </TextEquiv>
            </TextLine>
            <TextLine id="r2l16" custom="readingOrder {index:15;}">
                <Coords points="2041,1391 2932,1430 2914,1386 2043,1354"/>
                <Baseline points="2049,1384 2092,1386 2136,1387 2180,1389 2224,1390 2268,1392 2311,1395 2355,1396 2399,1399 2443,1400 2487,1402 2530,1404 2574,1406 2618,1408 2662,1410 2706,1412 2749,1414 2793,1415 2837,1417 2881,1418 2925,1419"/>
                <TextEquiv>
                    <Unicode>Kleinen Schauspielhauses, erfolgt. Nach dem Miet¬</Unicode>
                </TextEquiv>
            </TextLine>
            <TextLine id="r2l17" custom="readingOrder {index:16;}">
                <Coords points="2044,1432 2922,1464 2922,1425 2046,1391"/>
                <Baseline points="2052,1423 2095,1425 2138,1426 2181,1429 2224,1430 2267,1432 2310,1434 2354,1435 2397,1437 2440,1439 2483,1440 2526,1442 2569,1444 2612,1446 2656,1448 2699,1450 2742,1452 2785,1454 2828,1456 2871,1458 2915,1460"/>
                <TextEquiv>
                    <Unicode>vertrag dürfen Stücke, die in sittlicher und</Unicode>
                </TextEquiv>
            </TextLine>
            <TextLine id="r2l18" custom="readingOrder {index:17;}">
                <Coords points="2039,1471 2498,1477 2579,1512 2629,1484 2913,1508 2927,1469 2041,1427"/>
                <Baseline points="2046,1462 2089,1463 2133,1465 2176,1466 2220,1468 2264,1470 2307,1471 2351,1472 2395,1474 2438,1476 2482,1478 2526,1480 2569,1482 2613,1484 2657,1486 2700,1487 2744,1489 2788,1491 2831,1493 2875,1495 2919,1496"/>
                <TextEquiv>
                    <Unicode>politischer Richtung Anstoß erregen könn¬</Unicode>
                </TextEquiv>
            </TextLine>
            <TextLine id="r2l19" custom="readingOrder {index:18;}">
                <Coords points="2046,1505 2849,1540 2850,1505 2813,1497 2627,1485 2571,1509 2487,1479 2047,1467"/>
                <Baseline points="2053,1501 2092,1502 2131,1504 2171,1505 2210,1507 2250,1508 2289,1510 2328,1511 2368,1512 2407,1514 2447,1515 2486,1517 2525,1519 2565,1520 2604,1521 2644,1523 2683,1525 2722,1527 2762,1528 2801,1530 2841,1532"/>
                <TextEquiv>
                    <Unicode>ten, nicht gegeben werden. Der Vertreter</Unicode>
                </TextEquiv>
            </TextLine>
            <TextLine id="r2l20" custom="readingOrder {index:19;}">
                <Coords points="2855,1530 2863,1530 2883,1540 2892,1537 2899,1545 2932,1541 2933,1507 2911,1506 2905,1500 2894,1503 2884,1498 2879,1501 2875,1499 2869,1505 2855,1504"/>
                <Baseline points="2862,1533 2893,1533 2924,1535"/>
                <TextEquiv>
                    <Unicode>der</Unicode>
                </TextEquiv>
            </TextLine>
            <TextLine id="r2l21" custom="readingOrder {index:20;}">
                <Coords points="2042,1543 2840,1585 2854,1548 2044,1505"/>
                <Baseline points="2050,1536 2089,1538 2129,1541 2169,1543 2209,1545 2249,1546 2288,1548 2328,1550 2368,1551 2408,1552 2448,1553 2487,1555 2527,1556 2567,1557 2607,1559 2647,1561 2686,1563 2726,1566 2766,1568 2806,1571 2846,1575"/>
                <TextEquiv>
                    <Unicode>klägerischen Partei, Rechtsanwalt Dr. Alsberg,</Unicode>
                </TextEquiv>
            </TextLine>
            <TextLine id="r2l22" custom="readingOrder {index:21;}">
                <Coords points="2874,1583 2882,1584 2885,1581 2894,1581 2901,1577 2907,1582 2921,1580 2925,1585 2932,1585 2935,1540 2920,1540 2914,1545 2909,1543 2908,1545 2906,1543 2899,1544 2890,1536 2885,1539 2877,1539"/>
                <Baseline points="2883,1570 2925,1572"/>
                <TextEquiv>
                    <Unicode>hat</Unicode>
                </TextEquiv>
            </TextLine>
            <TextLine id="r2l23" custom="readingOrder {index:22;}">
                <Coords points="2045,1583 2930,1618 2903,1578 2047,1545"/>
                <Baseline points="2052,1577 2095,1579 2139,1581 2182,1582 2226,1584 2269,1585 2313,1587 2356,1589 2400,1591 2443,1592 2487,1595 2531,1596 2574,1598 2618,1600 2661,1601 2705,1603 2748,1605 2792,1606 2835,1608 2879,1609 2923,1611"/>
                <TextEquiv>
                    <Unicode>ein Exemplar des Stückes eingereicht, das bereits</Unicode>
                </TextEquiv>
            </TextLine>
            <TextLine id="r2l24" custom="readingOrder {index:23;}">
                <Coords points="2037,1622 2848,1650 2803,1605 2039,1581"/>
                <Baseline points="2044,1614 2083,1615 2123,1618 2163,1619 2203,1621 2243,1622 2282,1624 2322,1626 2362,1627 2402,1628 2442,1630 2481,1631 2521,1633 2561,1635 2601,1637 2641,1638 2680,1640 2720,1641 2760,1644 2800,1645 2840,1647"/>
                <TextEquiv>
                    <Unicode>früher schon das Landgericht I beschäftigt hatte.</Unicode>
                </TextEquiv>
            </TextLine>
            <TextLine id="r2l25" custom="readingOrder {index:24;}">
                <Coords points="2038,1664 2864,1705 2917,1699 2919,1662 2040,1622"/>
                <Baseline points="2046,1653 2089,1655 2132,1657 2175,1659 2218,1661 2262,1662 2305,1664 2348,1666 2391,1668 2434,1669 2478,1671 2521,1673 2564,1674 2607,1676 2650,1677 2694,1679 2737,1681 2780,1682 2823,1684 2866,1685 2910,1687"/>
                <TextEquiv>
                    <Unicode>diesem Verfahren wurde der „Reigen“ als unzüchtig</Unicode>
                </TextEquiv>
            </TextLine>
            <TextLine id="r2l26" custom="readingOrder {index:25;}">
                <Coords points="2035,1703 2812,1741 2845,1739 2847,1693 2036,1668"/>
                <Baseline points="2042,1694 2081,1695 2121,1697 2161,1698 2201,1699 2241,1700 2280,1702 2320,1703 2360,1705 2400,1706 2440,1707 2479,1709 2519,1711 2559,1712 2599,1714 2639,1715 2678,1717 2718,1718 2758,1719 2798,1721 2838,1723"/>
                <TextEquiv>
                    <Unicode>erklärt. Auf Grund dieses Beweismaterials</Unicode>
                </TextEquiv>
            </TextLine>
            <TextLine id="r2l27" custom="readingOrder {index:26;}">
                <Coords points="2877,1727 2885,1728 2887,1731 2894,1728 2898,1730 2903,1737 2913,1731 2920,1732 2923,1696 2914,1696 2913,1694 2908,1697 2900,1691 2898,1693 2891,1692 2887,1695 2880,1694"/>
                <Baseline points="2886,1721 2914,1723"/>
                <TextEquiv>
                    <Unicode>ist</Unicode>
                </TextEquiv>
            </TextLine>
            <TextLine id="r2l28" custom="readingOrder {index:27;}">
                <Coords points="2030,1738 2914,1777 2915,1740 2875,1725 2032,1701"/>
                <Baseline points="2038,1731 2081,1733 2124,1735 2168,1737 2211,1738 2255,1740 2298,1741 2342,1743 2385,1745 2429,1747 2472,1748 2515,1749 2559,1751 2602,1752 2646,1754 2689,1756 2733,1757 2776,1759 2820,1761 2863,1763 2907,1765"/>
                <TextEquiv>
                    <Unicode>neuerdings das Verbot ausgesprochen worden. Wie</Unicode>
                </TextEquiv>
            </TextLine>
            <TextLine id="r2l29" custom="readingOrder {index:28;}">
                <Coords points="2039,1773 2399,1802 2441,1773 2890,1816 2915,1778 2040,1740"/>
                <Baseline points="2047,1771 2090,1772 2133,1774 2176,1775 2219,1776 2262,1778 2305,1780 2348,1781 2391,1783 2434,1784 2477,1786 2520,1788 2563,1790 2606,1792 2649,1793 2692,1794 2735,1796 2778,1798 2821,1799 2864,1801 2907,1802"/>
                <TextEquiv>
                    <Unicode>vie hören, beabsichtigt die Direktion des Kleinen</Unicode>
                </TextEquiv>
            </TextLine>
            <TextLine id="r2l30" custom="readingOrder {index:29;}">
                <Coords points="2034,1816 2915,1841 2907,1808 2036,1774"/>
                <Baseline points="2042,1807 2085,1809 2128,1811 2171,1813 2215,1814 2258,1816 2301,1818 2344,1819 2388,1821 2431,1823 2474,1824 2517,1826 2561,1828 2604,1829 2647,1831 2690,1832 2734,1834 2777,1835 2820,1837 2863,1839 2907,1840"/>
                <TextEquiv>
                    <Unicode>Schauspielhauses die Feststellungsklage anzustren¬</Unicode>
                </TextEquiv>
            </TextLine>
            <TextLine id="r2l31" custom="readingOrder {index:30;}">
                <Coords points="2036,1860 2834,1893 2920,1884 2921,1847 2037,1820"/>
                <Baseline points="2043,1851 2086,1851 2130,1852 2173,1853 2217,1854 2260,1855 2304,1856 2347,1858 2391,1860 2434,1861 2478,1863 2521,1864 2565,1867 2608,1869 2652,1870 2695,1872 2739,1873 2782,1875 2826,1876 2869,1877 2913,1878"/>
                <TextEquiv>
                    <Unicode>gen. — Wie uns die Direktion des Kleinen Schau¬</Unicode>
                </TextEquiv>
            </TextLine>
            <TextLine id="r2l32" custom="readingOrder {index:31;}">
                <Coords points="2028,1891 2938,1911 2936,1878 2030,1852"/>
                <Baseline points="2036,1884 2080,1886 2125,1888 2170,1890 2214,1892 2259,1894 2304,1896 2348,1898 2393,1899 2438,1902 2483,1903 2527,1905 2572,1906 2617,1908 2661,1909 2706,1911 2751,1912 2795,1913 2840,1914 2885,1916 2930,1917"/>
                <TextEquiv>
                    <Unicode>spielhauses mitkeilt, ist sie bis zur Stunde noch nicht</Unicode>
                </TextEquiv>
            </TextLine>
            <TextLine id="r2l33" custom="readingOrder {index:32;}">
                <Coords points="2028,1929 2925,1957 2917,1916 2029,1902"/>
                <Baseline points="2036,1923 2080,1925 2124,1927 2168,1929 2212,1931 2256,1933 2300,1935 2344,1936 2388,1937 2432,1939 2477,1940 2521,1941 2565,1943 2609,1945 2653,1947 2697,1948 2741,1949 2785,1952 2829,1954 2873,1956 2918,1958"/>
                <TextEquiv>
                    <Unicode>in Besitz der vorerwähnten einstweiligen Vergung.</Unicode>
                </TextEquiv>
            </TextLine>
            <TextLine id="r2l34" custom="readingOrder {index:33;}">
                <Coords points="2022,1968 2481,1986 2528,2012 2605,1983 2849,1995 2906,2027 2921,1941 2877,1968 2023,1929"/>
                <Baseline points="2030,1961 2074,1963 2118,1966 2162,1968 2206,1970 2250,1972 2294,1974 2338,1976 2382,1977 2426,1978 2471,1980 2515,1982 2559,1983 2603,1984 2647,1986 2691,1987 2735,1989 2779,1991 2823,1992 2867,1994 2912,1996"/>
                <TextEquiv>
                    <Unicode>Die Aufführung findet auf jeden Fall heu aben)</Unicode>
                </TextEquiv>
            </TextLine>
            <TextLine id="r2l35" custom="readingOrder {index:34;}">
                <Coords points="1988,2029 2021,2028 2036,2035 2055,2028 2072,2039 2096,2032 2108,2034 2107,1966 2096,1970 2090,1965 2058,1976 2047,1968 2031,1966 2019,1977 2010,1971 1996,1987 1987,1988"/>
                <Baseline points="1995,2011 2021,2003 2048,2002 2074,2003 2101,2005"/>
                <TextEquiv>
                    <Unicode>statt.</Unicode>
                </TextEquiv>
            </TextLine>
            <TextLine id="r2l36" custom="readingOrder {index:35;}">
                <Coords points="1857,2188 2965,2206 2950,2150 1858,2117"/>
                <Baseline points="1865,2184 1919,2184 1974,2184 2028,2184 2083,2185 2138,2185 2192,2186 2247,2187 2302,2187 2356,2188 2411,2189 2466,2190 2520,2191 2575,2192 2630,2193 2684,2193 2739,2194 2794,2194 2848,2194 2903,2193 2958,2193"/>
                <TextEquiv>
                    <Unicode>Das Verbot vonSchiienDie für heute abend</Unicode>
                </TextEquiv>
            </TextLine>
            <TextLine id="r2l37" custom="readingOrder {index:36;}">
                <Coords points="1771,2226 2651,2236 2651,2205 2547,2196 2493,2217 1772,2179"/>
                <Baseline points="1779,2223 1822,2223 1865,2224 1908,2224 1952,2225 1995,2225 2038,2226 2081,2226 2125,2226 2168,2227 2211,2227 2254,2227 2298,2228 2341,2228 2384,2228 2427,2228 2471,2229 2514,2229 2557,2229 2600,2229 2644,2229"/>
                <TextEquiv>
                    <Unicode>angesetzte Aufführung von Schnitzlers „Reigen</Unicode>
                </TextEquiv>
            </TextLine>
            <TextLine id="r2l38" custom="readingOrder {index:37;}">
                <Coords points="2652,2237 2690,2227 2721,2242 2821,2244 2877,2229 2894,2243 2936,2231 2976,2243 2976,2194 2913,2206 2863,2192 2809,2205 2653,2192"/>
                <Baseline points="2660,2231 2685,2230 2711,2230 2737,2230 2762,2231 2788,2231 2814,2231 2839,2231 2865,2232 2891,2232 2916,2232 2942,2231 2968,2231"/>
                <TextEquiv>
                    <Unicode>im Kleinen</Unicode>
                </TextEquiv>
            </TextLine>
            <TextLine id="r2l39" custom="readingOrder {index:38;}">
                <Coords points="1773,2273 2963,2278 2936,2231 1773,2226"/>
                <Baseline points="1780,2261 1838,2262 1897,2263 1956,2264 2015,2264 2073,2265 2132,2266 2191,2266 2250,2266 2308,2267 2367,2267 2426,2267 2485,2268 2543,2268 2602,2268 2661,2268 2720,2269 2778,2269 2837,2269 2896,2270 2955,2270"/>
                <TextEquiv>
                    <Unicode>Schauspielhause ist durch einstweilig#Werfügung des Land¬</Unicode>
                </TextEquiv>
            </TextLine>
            <TextLine id="r2l40" custom="readingOrder {index:39;}">
                <Coords points="1773,2311 2970,2320 2949,2273 1773,2272"/>
                <Baseline points="1780,2301 1839,2301 1898,2302 1957,2302 2016,2302 2075,2302 2134,2303 2193,2303 2252,2304 2311,2304 2371,2305 2430,2306 2489,2306 2548,2307 2607,2307 2666,2308 2725,2308 2784,2309 2843,2309 2902,2309 2962,2309"/>
                <TextEquiv>
                    <Unicode>gerichts III bei Androhung von Haftstrafe#yerboten worden. Diese</Unicode>
                </TextEquiv>
            </TextLine>
            <TextLine id="r2l41" custom="readingOrder {index:40;}">
                <Coords points="1770,2341 2956,2353 2956,2319 2861,2308 1771,2310"/>
                <Baseline points="1778,2338 1836,2339 1895,2340 1953,2341 2012,2342 2070,2343 2129,2343 2187,2344 2246,2344 2304,2344 2363,2345 2422,2345 2480,2345 2539,2346 2597,2346 2656,2346 2714,2347 2773,2347 2831,2347 2890,2348 2949,2348"/>
                <TextEquiv>
                    <Unicode>Verfügung ist von der Hochschule für Musik#ter Eigentümerin des</Unicode>
                </TextEquiv>
            </TextLine>
            <TextLine id="r2l42" custom="readingOrder {index:41;}">
                <Coords points="1768,2380 2954,2394 2954,2352 1769,2345"/>
                <Baseline points="1776,2379 1834,2380 1893,2380 1951,2380 2010,2381 2068,2381 2127,2381 2185,2382 2244,2382 2302,2382 2361,2383 2420,2383 2478,2383 2537,2384 2595,2384 2654,2384 2712,2385 2771,2385 2829,2385 2888,2386 2947,2386"/>
                <TextEquiv>
                    <Unicode>Hauses, erwirkt worden, die im Einverständ## mih dem Kultus</Unicode>
                </TextEquiv>
            </TextLine>
            <TextLine id="r2l43" custom="readingOrder {index:42;}">
                <Coords points="1774,2424 2855,2444 2958,2431 2959,2400 1775,2387"/>
                <Baseline points="1782,2417 1840,2418 1898,2418 1957,2418 2015,2419 2074,2419 2132,2420 2191,2420 2249,2421 2308,2421 2366,2422 2424,2423 2483,2423 2541,2424 2600,2424 2658,2424 2717,2425 2775,2425 2834,2425 2892,2426 2951,2426"/>
                <TextEquiv>
                    <Unicode>minisierium in ihrem Mietvertrag die Aufführung unstttlicher oder</Unicode>
                </TextEquiv>
            </TextLine>
            <TextLine id="r2l44" custom="readingOrder {index:43;}">
                <Coords points="1774,2468 2958,2473 2933,2431 1774,2424"/>
                <Baseline points="1782,2458 1840,2457 1898,2458 1957,2458 2015,2458 2074,2458 2132,2459 2191,2459 2249,2460 2308,2460 2366,2461 2424,2461 2483,2462 2541,2462 2600,2463 2658,2463 2717,2463 2775,2464 2834,2464 2892,2464 2951,2464"/>
                <TextEquiv>
                    <Unicode>politisch bedenklicher Stücke untersagt. Da der P.Reigen7 Ehm Land¬</Unicode>
                </TextEquiv>
            </TextLine>
            <TextLine id="r2l45" custom="readingOrder {index:44;}">
                <Coords points="1770,2502 2972,2526 2923,2468 1770,2469"/>
                <Baseline points="1778,2494 1837,2495 1896,2496 1955,2496 2015,2497 2074,2497 2133,2498 2193,2498 2252,2499 2311,2499 2371,2500 2430,2500 2489,2501 2548,2501 2608,2502 2667,2502 2726,2503 2786,2504 2845,2504 2904,2505 2964,2506"/>
                <TextEquiv>
                    <Unicode>gericht I bereits früher für unzüchtig erklärt purde, liegt nach An¬</Unicode>
                </TextEquiv>
            </TextLine>
            <TextLine id="r2l46" custom="readingOrder {index:45;}">
                <Coords points="1775,2545 2594,2559 2570,2502 1776,2502"/>
                <Baseline points="1783,2534 1823,2534 1863,2534 1903,2535 1943,2535 1984,2535 2024,2536 2064,2536 2104,2537 2144,2537 2185,2537 2225,2537 2265,2537 2305,2538 2345,2538 2386,2538 2426,2538 2466,2538 2506,2538 2546,2538 2587,2537"/>
                <TextEquiv>
                    <Unicode>sicht der Musikschule hier ein solcher Fall vor</Unicode>
                </TextEquiv>
            </TextLine>
            <TextLine id="r2l47" custom="readingOrder {index:46;}">
                <Coords points="1854,2577 2974,2590 2974,2547 2657,2522 2580,2554 1854,2537"/>
                <Baseline points="1862,2570 1917,2572 1972,2573 2027,2574 2082,2575 2138,2575 2193,2576 2248,2576 2303,2577 2358,2577 2414,2577 2469,2577 2524,2578 2579,2578 2634,2578 2690,2578 2745,2579 2800,2579 2855,2580 2910,2580 2966,2581"/>
                <TextEquiv>
                    <Unicode>Schnitzlers „Reigen“, der aus dem Jahre?1900 stammt, gibt in</Unicode>
                </TextEquiv>
            </TextLine>
            <TextLine id="r2l48" custom="readingOrder {index:47;}">
                <Coords points="1772,2615 2963,2628 2923,2580 1772,2570"/>
                <Baseline points="1779,2610 1837,2610 1896,2611 1955,2611 2014,2612 2073,2612 2131,2613 2190,2613 2249,2613 2308,2614 2367,2614 2425,2615 2484,2615 2543,2616 2602,2616 2661,2617 2719,2617 2778,2618 2837,2619 2896,2620 2955,2621"/>
                <TextEquiv>
                    <Unicode>Dialegform kleine Szenen aus dem Geschlechtsleben aller Schichten.</Unicode>
                </TextEquiv>
            </TextLine>
            <TextLine id="r2l49" custom="readingOrder {index:48;}">
                <Coords points="1776,2657 2972,2662 2942,2623 2791,2616 1776,2615"/>
                <Baseline points="1783,2649 1842,2650 1901,2650 1960,2650 2019,2651 2078,2651 2137,2651 2196,2651 2255,2652 2314,2652 2373,2652 2432,2652 2491,2652 2550,2653 2609,2653 2668,2654 2727,2654 2786,2655 2845,2656 2904,2658 2964,2659"/>
                <TextEquiv>
                    <Unicode>Der Reigen steigt von der Gosse bis ins vornehme Ebebett und fällt</Unicode>
                </TextEquiv>
            </TextLine>
            <TextLine id="r2l50" custom="readingOrder {index:49;}">
                <Coords points="1771,2695 2971,2705 2971,2662 1771,2655"/>
                <Baseline points="1779,2688 1838,2689 1897,2689 1956,2690 2016,2690 2075,2691 2134,2691 2193,2691 2253,2691 2312,2692 2371,2692 2430,2692 2490,2693 2549,2693 2608,2693 2667,2694 2727,2695 2786,2695 2845,2696 2904,2697 2964,2698"/>
                <TextEquiv>
                    <Unicode>wieder hinab. Das Weib ist die Mittlerin der Klassen. Versuche,</Unicode>
                </TextEquiv>
            </TextLine>
            <TextLine id="r2l51" custom="readingOrder {index:50;}">
                <Coords points="1769,2735 2975,2749 2976,2706 1769,2695"/>
                <Baseline points="1776,2725 1835,2726 1895,2728 1954,2728 2014,2729 2074,2730 2133,2730 2193,2731 2252,2731 2312,2731 2372,2731 2431,2732 2491,2732 2550,2732 2610,2733 2670,2733 2729,2734 2789,2735 2848,2736 2908,2737 2968,2739"/>
                <TextEquiv>
                    <Unicode>diese Nachtstücke aus dem Sexualleben auf die Bühne zu bringen.</Unicode>
                </TextEquiv>
            </TextLine>
            <TextLine id="r2l52" custom="readingOrder {index:51;}">
                <Coords points="1773,2774 2960,2781 2938,2739 1773,2732"/>
                <Baseline points="1781,2765 1839,2766 1898,2766 1956,2767 2015,2767 2073,2768 2132,2768 2190,2769 2249,2769 2307,2770 2366,2770 2425,2770 2483,2771 2542,2771 2600,2772 2659,2772 2717,2772 2776,2773 2834,2773 2893,2774 2952,2775"/>
                <TextEquiv>
                    <Unicode>sind früher steis am Einspruch der Zensur gescheitert. Die Absicht</Unicode>
                </TextEquiv>
            </TextLine>
            <TextLine id="r2l53" custom="readingOrder {index:52;}">
                <Coords points="1775,2808 2960,2829 2976,2780 1775,2774"/>
                <Baseline points="1783,2800 1842,2802 1901,2803 1960,2805 2020,2806 2079,2807 2138,2807 2197,2808 2257,2808 2316,2809 2375,2809 2434,2810 2494,2810 2553,2810 2612,2811 2671,2811 2731,2812 2790,2812 2849,2813 2908,2814 2968,2815"/>
                <TextEquiv>
                    <Unicode>Schnitzlers geht bestimmt nicht auf Unsittliches, aber die zum Teil</Unicode>
                </TextEquiv>
            </TextLine>
            <TextLine id="r2l54" custom="readingOrder {index:53;}">
                <Coords points="1776,2846 2963,2864 2963,2827 2861,2814 1777,2809"/>
                <Baseline points="1783,2844 1841,2844 1900,2844 1958,2844 2017,2844 2076,2844 2134,2845 2193,2845 2252,2846 2310,2846 2369,2847 2428,2847 2486,2848 2545,2849 2604,2849 2662,2850 2721,2851 2780,2851 2838,2852 2897,2853 2956,2854"/>
                <TextEquiv>
                    <Unicode>krassen Szenen sind ebenso bestimmt nicht Paradestücke der Bühne.</Unicode>
                </TextEquiv>
            </TextLine>
            <TextLine id="r2l55" custom="readingOrder {index:54;}">
                <Coords points="1774,2905 1793,2907 1808,2902 1816,2908 1828,2902 1832,2906 1843,2900 1853,2900 1855,2851 1843,2852 1832,2859 1807,2845 1800,2849 1776,2847"/>
                <Baseline points="1782,2881 1814,2881 1846,2883"/>
                <TextEquiv>
                    <Unicode>Man</Unicode>
                </TextEquiv>
            </TextLine>
            <TextLine id="r2l56" custom="readingOrder {index:55;}">
                <Coords points="1882,2900 2571,2904 2556,2853 1882,2850"/>
                <Baseline points="1889,2882 1922,2882 1956,2882 1990,2883 2024,2883 2057,2883 2091,2884 2125,2884 2159,2884 2192,2885 2226,2885 2260,2885 2294,2885 2327,2886 2361,2886 2395,2887 2429,2887 2462,2887 2496,2887 2530,2888 2564,2888"/>
                <TextEquiv>
                    <Unicode>führt auch Aretinos Dialoge nicht auf.</Unicode>
                </TextEquiv>
            </TextLine>
            <TextLine id="r2l57" custom="readingOrder {index:56;}">
                <Coords points="1920,2987 2788,2991 2788,2946 2621,2925 2587,2948 1921,2930"/>
                <Baseline points="1928,2969 1970,2971 2013,2972 2055,2974 2098,2974 2141,2975 2183,2975 2226,2975 2269,2975 2311,2975 2354,2975 2397,2974 2439,2974 2482,2974 2525,2974 2567,2974 2610,2975 2653,2975 2695,2976 2738,2978 2781,2980"/>
                <TextEquiv>
                    <Unicode>+ Schuitlers „Reigen“ im Kleinen Schau¬</Unicode>
                </TextEquiv>
            </TextLine>
            <TextLine id="r2l58" custom="readingOrder {index:57;}">
                <Coords points="1895,3034 2784,3040 2765,2985 2374,2978 2295,3007 1895,2977"/>
                <Baseline points="1902,3018 1945,3018 1989,3018 2033,3018 2076,3018 2120,3019 2164,3019 2207,3019 2251,3020 2295,3020 2339,3021 2382,3021 2426,3022 2470,3022 2513,3023 2557,3024 2601,3024 2644,3025 2688,3025 2732,3026 2776,3026"/>
                <TextEquiv>
                    <Unicode>spielhaus verboten. Nach einer heute vormittag</Unicode>
                </TextEquiv>
            </TextLine>
            <TextLine id="r2l59" custom="readingOrder {index:58;}">
                <Coords points="1902,3073 2795,3079 2795,3043 2754,3032 1902,3036"/>
                <Baseline points="1910,3064 1953,3065 1997,3066 2041,3067 2085,3067 2129,3068 2173,3068 2217,3068 2261,3068 2305,3069 2349,3069 2392,3069 2436,3069 2480,3069 2524,3070 2568,3070 2612,3070 2656,3071 2700,3072 2744,3072 2788,3073"/>
                <TextEquiv>
                    <Unicode>ergangenen einstweiligen gerichtlichen Verfügung ist</Unicode>
                </TextEquiv>
            </TextLine>
            <TextLine id="r2l60" custom="readingOrder {index:59;}">
                <Coords points="1899,3120 2685,3129 2685,3095 2605,3077 1899,3073"/>
                <Baseline points="1906,3111 1944,3111 1983,3112 2021,3113 2060,3114 2099,3114 2137,3115 2176,3115 2214,3116 2253,3116 2292,3116 2330,3117 2369,3117 2407,3117 2446,3117 2485,3117 2523,3117 2562,3118 2600,3118 2639,3118 2678,3118"/>
                <TextEquiv>
                    <Unicode>die Aufführung von Schnitzlers „Reigen“ —</Unicode>
                </TextEquiv>
            </TextLine>
            <TextLine id="r2l61" custom="readingOrder {index:60;}">
                <Coords points="2685,3132 2704,3136 2723,3126 2758,3128 2765,3133 2776,3129 2789,3132 2788,3084 2756,3085 2747,3081 2728,3093 2698,3080 2683,3081"/>
                <Baseline points="2691,3119 2721,3120 2751,3118 2781,3117"/>
                <TextEquiv>
                    <Unicode>heute</Unicode>
                </TextEquiv>
            </TextLine>
            <TextLine id="r2l62" custom="readingOrder {index:61;}">
                <Coords points="1898,3172 2445,3168 2599,3194 2787,3173 2760,3125 1898,3121"/>
                <Baseline points="1906,3159 1949,3160 1993,3161 2036,3161 2080,3161 2124,3162 2167,3162 2211,3162 2255,3163 2298,3163 2342,3163 2386,3163 2429,3163 2473,3164 2517,3164 2560,3164 2604,3164 2648,3165 2691,3165 2735,3165 2779,3166"/>
                <TextEquiv>
                    <Unicode>abend sollte im Kleinen Schauspielhaus die Premiere</Unicode>
                </TextEquiv>
            </TextLine>
            <TextLine id="r2l63" custom="readingOrder {index:62;}">
                <Coords points="1901,3220 2511,3220 2511,3184 2449,3168 2402,3185 2171,3169 2116,3188 1901,3172"/>
                <Baseline points="1908,3207 1937,3208 1967,3208 1997,3208 2027,3209 2056,3209 2086,3209 2116,3210 2146,3210 2175,3210 2205,3210 2235,3210 2265,3211 2294,3211 2324,3211 2354,3211 2384,3211 2413,3211 2443,3211 2473,3212 2503,3212"/>
                <TextEquiv>
                    <Unicode>stattfinden — verboten worden.</Unicode>
                </TextEquiv>
            </TextLine>
            <TextLine id="r2l64" custom="readingOrder {index:63;}">
                <Coords points="1923,3267 2551,3256 2815,3290 2816,3202 2783,3195 2542,3235 1924,3216"/>
                <Baseline points="1931,3256 1974,3257 2018,3257 2062,3258 2106,3258 2150,3258 2194,3259 2237,3259 2281,3259 2325,3259 2369,3259 2413,3259 2457,3259 2501,3259 2544,3259 2588,3260 2632,3260 2676,3261 2720,3262 2764,3263 2808,3264"/>
                <TextEquiv>
                    <Unicode>Die Verfügung ist auf Antrag des Direktorium</Unicode>
                </TextEquiv>
            </TextLine>
            <TextLine id="r2l65" custom="readingOrder {index:64;}">
                <Coords points="1903,3298 2780,3308 2780,3266 1903,3259"/>
                <Baseline points="1910,3297 1953,3297 1996,3297 2039,3297 2082,3297 2125,3297 2168,3297 2211,3297 2254,3297 2297,3297 2341,3297 2384,3297 2427,3298 2470,3298 2513,3298 2556,3298 2599,3298 2642,3299 2685,3299 2728,3299 2772,3299"/>
                <TextEquiv>
                    <Unicode>der Hochschule für Musik, der Vermieterin des</Unicode>
                </TextEquiv>
            </TextLine>
            <TextLine id="r2l66" custom="readingOrder {index:65;}">
                <Coords points="1891,3341 2765,3344 2765,3305 2717,3296 2488,3324 2392,3298 1891,3305"/>
                <Baseline points="1898,3332 1941,3332 1984,3333 2027,3333 2070,3333 2113,3334 2156,3334 2199,3335 2242,3335 2285,3336 2328,3336 2371,3336 2414,3337 2457,3337 2500,3337 2543,3337 2586,3337 2629,3338 2672,3338 2715,3337 2758,3337"/>
                <TextEquiv>
                    <Unicode>Kleinen Schauspielhauses, erfolgt. Nach dem Miet</Unicode>
                </TextEquiv>
            </TextLine>
            <TextLine id="r2l67" custom="readingOrder {index:66;}">
                <Coords points="1896,3380 2460,3368 2693,3391 2683,3338 1897,3340"/>
                <Baseline points="1904,3371 1943,3372 1982,3373 2021,3373 2060,3373 2099,3373 2138,3374 2177,3374 2216,3374 2255,3373 2295,3373 2334,3373 2373,3373 2412,3374 2451,3374 2490,3374 2529,3374 2568,3375 2607,3376 2646,3376 2686,3378"/>
                <TextEquiv>
                    <Unicode>vertrag dürfen Stucke, die in sittlicher</Unicode>
                </TextEquiv>
            </TextLine>
            <TextLine id="r2l68" custom="readingOrder {index:67;}">
                <Coords points="2854,3411 2881,3410 2885,3405 2892,3408 2896,3405 2901,3409 2902,3407 2911,3407 2908,3359 2898,3360 2894,3363 2874,3361 2868,3364 2852,3364"/>
                <Baseline points="2861,3395 2903,3393"/>
                <TextEquiv>
                    <Unicode>□</Unicode>
                </TextEquiv>
            </TextLine>
            <TextLine id="r2l69" custom="readingOrder {index:68;}">
                <Coords points="1905,3417 2678,3420 2678,3385 2448,3371 2339,3396 1905,3383"/>
                <Baseline points="1912,3411 1949,3411 1987,3411 2025,3411 2063,3411 2101,3411 2139,3411 2177,3411 2215,3411 2253,3411 2291,3411 2328,3412 2366,3412 2404,3412 2442,3412 2480,3412 2518,3412 2556,3412 2594,3413 2632,3413 2670,3413"/>
                <TextEquiv>
                    <Unicode>politischer Richtung Anstoß erregen</Unicode>
                </TextEquiv>
            </TextLine>
            <TextLine id="r2l70" custom="readingOrder {index:69;}">
                <Coords points="2683,3422 2701,3419 2710,3423 2716,3419 2727,3423 2734,3416 2747,3418 2744,3345 2735,3345 2729,3350 2719,3349 2709,3360 2701,3357 2690,3370 2681,3370"/>
                <Baseline points="2690,3414 2715,3413 2740,3412"/>
                <TextEquiv>
                    <Unicode>rein</Unicode>
                </TextEquiv>
            </TextLine>
            <TextLine id="r2l71" custom="readingOrder {index:70;}">
                <Coords points="1902,3452 2702,3460 2702,3426 2645,3416 2411,3437 2345,3413 1902,3417"/>
                <Baseline points="1910,3448 1949,3449 1988,3449 2027,3450 2066,3450 2106,3450 2145,3450 2184,3450 2223,3450 2262,3450 2302,3450 2341,3450 2380,3450 2419,3450 2458,3450 2498,3451 2537,3451 2576,3451 2615,3452 2654,3452 2694,3453"/>
                <TextEquiv>
                    <Unicode>ten, nicht gegeben werden. Der Vertreter</Unicode>
                </TextEquiv>
            </TextLine>
            <TextLine id="r2l72" custom="readingOrder {index:71;}">
                <Coords points="1894,3492 2706,3500 2706,3461 2531,3447 1895,3453"/>
                <Baseline points="1902,3485 1941,3487 1981,3487 2021,3488 2061,3489 2101,3489 2140,3489 2180,3489 2220,3488 2260,3488 2300,3488 2339,3488 2379,3487 2419,3487 2459,3487 2499,3487 2538,3488 2578,3489 2618,3490 2658,3491 2698,3493"/>
                <TextEquiv>
                    <Unicode>klägerischen Partei, Rechtsanwalt Dr. Alsberg,</Unicode>
                </TextEquiv>
            </TextLine>
            <TextLine id="r2l73" custom="readingOrder {index:72;}">
                <Coords points="2864,3496 2871,3498 2873,3496 2875,3500 2886,3507 2894,3519 2903,3520 2915,3464 2901,3460 2896,3454 2880,3458 2872,3457"/>
                <Baseline points="2873,3486 2901,3492"/>
                <TextEquiv>
                    <Unicode>5</Unicode>
                </TextEquiv>
            </TextLine>
            <TextLine id="r2l74" custom="readingOrder {index:73;}">
                <Coords points="2720,3502 2727,3502 2730,3498 2733,3501 2743,3497 2748,3499 2751,3495 2757,3496 2758,3498 2766,3497 2763,3460 2755,3461 2754,3459 2751,3460 2743,3456 2736,3456 2734,3458 2728,3454 2716,3456"/>
                <Baseline points="2727,3491 2757,3489"/>
                <TextEquiv>
                    <Unicode>ha</Unicode>
                </TextEquiv>
            </TextLine>
            <TextLine id="r2l75" custom="readingOrder {index:74;}">
                <Coords points="1895,3530 2730,3547 2717,3496 1895,3494"/>
                <Baseline points="1902,3523 1943,3524 1984,3525 2025,3526 2066,3526 2107,3526 2148,3526 2189,3526 2230,3526 2271,3526 2312,3526 2353,3526 2394,3525 2435,3526 2476,3526 2517,3526 2558,3526 2599,3527 2640,3528 2681,3529 2723,3530"/>
                <TextEquiv>
                    <Unicode>ein Exemplar des Stückes eingereicht, das ber¬</Unicode>
                </TextEquiv>
            </TextLine>
            <TextLine id="r2l76" custom="readingOrder {index:75;}">
                <Coords points="1910,3569 2768,3572 2738,3530 1911,3532"/>
                <Baseline points="1918,3561 1960,3562 2002,3563 2044,3564 2086,3564 2128,3564 2170,3565 2212,3565 2254,3565 2296,3565 2339,3565 2381,3564 2423,3564 2465,3564 2507,3564 2549,3564 2591,3565 2633,3565 2675,3566 2717,3566 2760,3567"/>
                <TextEquiv>
                    <Unicode>rüher schon das Landgericht I beschäftigt hatte. In</Unicode>
                </TextEquiv>
            </TextLine>
            <TextLine id="r2l77" custom="readingOrder {index:76;}">
                <Coords points="2852,3586 2865,3584 2873,3592 2885,3590 2894,3583 2903,3588 2912,3587 2910,3549 2892,3546 2878,3554 2866,3550 2861,3555 2851,3557"/>
                <Baseline points="2859,3578 2904,3577"/>
                <TextEquiv>
                    <Unicode>10</Unicode>
                </TextEquiv>
            </TextLine>
            <TextLine id="r2l78" custom="readingOrder {index:77;}">
                <Coords points="1901,3608 2645,3617 2645,3578 2592,3567 1901,3572"/>
                <Baseline points="1909,3602 1945,3602 1981,3602 2018,3602 2054,3602 2091,3603 2127,3603 2164,3603 2200,3603 2237,3603 2273,3603 2309,3603 2346,3603 2382,3603 2419,3603 2455,3602 2492,3602 2528,3602 2565,3602 2601,3602 2638,3601"/>
                <TextEquiv>
                    <Unicode>diesem Verfahren wurde der „Reigen“ als 1</Unicode>
                </TextEquiv>
            </TextLine>
            <TextLine id="r2l79" custom="readingOrder {index:78;}">
                <Coords points="2671,3615 2685,3620 2697,3609 2705,3608 2710,3614 2718,3613 2726,3618 2752,3606 2763,3606 2765,3571 2756,3570 2746,3577 2735,3574 2729,3567 2721,3569 2713,3562 2708,3565 2705,3562 2684,3576 2673,3574"/>
                <Baseline points="2680,3599 2705,3603 2730,3604 2756,3603"/>
                <TextEquiv>
                    <Unicode>rücht</Unicode>
                </TextEquiv>
            </TextLine>
            <TextLine id="r2l80" custom="readingOrder {index:79;}">
                <Coords points="1894,3647 2297,3654 2407,3629 2443,3653 2719,3666 2718,3615 2617,3600 1894,3615"/>
                <Baseline points="1902,3643 1942,3643 1982,3643 2023,3642 2063,3642 2104,3642 2144,3642 2185,3641 2225,3641 2266,3641 2306,3641 2346,3640 2387,3640 2427,3640 2468,3640 2508,3640 2549,3640 2589,3640 2630,3641 2670,3641 2711,3642"/>
                <TextEquiv>
                    <Unicode>erklärt. Auf Grund dieses Beweismater 3</Unicode>
                </TextEquiv>
            </TextLine>
            <TextLine id="r2l81" custom="readingOrder {index:80;}">
                <Coords points="1899,3687 2608,3687 2585,3646 1899,3647"/>
                <Baseline points="1907,3680 1941,3679 1976,3679 2010,3679 2045,3679 2080,3679 2114,3679 2149,3679 2184,3679 2218,3679 2253,3679 2288,3679 2322,3679 2357,3679 2392,3679 2426,3679 2461,3679 2496,3679 2530,3679 2565,3679 2600,3679"/>
                <TextEquiv>
                    <Unicode>neuerdings das Verbot ausgesprochen mor</Unicode>
                </TextEquiv>
            </TextLine>
            <TextLine id="r2l82" custom="readingOrder {index:81;}">
                <Coords points="2704,3683 2716,3684 2730,3693 2739,3689 2742,3692 2747,3689 2774,3690 2780,3684 2793,3683 2794,3646 2766,3654 2757,3646 2751,3648 2742,3641 2729,3645 2717,3639 2705,3639"/>
                <Baseline points="2712,3679 2749,3680 2786,3681"/>
                <TextEquiv>
                    <Unicode>Wie</Unicode>
                </TextEquiv>
            </TextLine>
            <TextLine id="r2l83" custom="readingOrder {index:82;}">
                <Coords points="1900,3721 2785,3723 2785,3690 2682,3662 2561,3693 1900,3688"/>
                <Baseline points="1908,3719 1951,3718 1995,3718 2038,3718 2082,3718 2125,3718 2169,3717 2212,3717 2256,3717 2299,3717 2343,3717 2386,3717 2430,3717 2473,3717 2517,3717 2560,3716 2604,3716 2647,3715 2691,3715 2734,3714 2778,3713"/>
                <TextEquiv>
                    <Unicode>wie hören, beabsichtigt die Direktion des Kleinen</Unicode>
                </TextEquiv>
            </TextLine>
            <TextLine id="r2l84" custom="readingOrder {index:83;}">
                <Coords points="1895,3760 2782,3764 2768,3722 1895,3724"/>
                <Baseline points="1902,3756 1945,3756 1989,3756 2032,3756 2076,3756 2120,3756 2163,3756 2207,3756 2250,3756 2294,3756 2338,3755 2381,3755 2425,3755 2468,3755 2512,3755 2556,3755 2599,3755 2643,3755 2686,3755 2730,3754 2774,3754"/>
                <TextEquiv>
                    <Unicode>Schauspielhauses die Feststellungsklage anzustren¬</Unicode>
                </TextEquiv>
            </TextLine>
            <TextLine id="r2l85" custom="readingOrder {index:84;}">
                <Coords points="1894,3810 2713,3807 2781,3798 2781,3762 1894,3770"/>
                <Baseline points="1902,3797 1945,3796 1989,3796 2032,3795 2076,3795 2120,3795 2163,3794 2207,3794 2250,3794 2294,3794 2338,3794 2381,3794 2425,3794 2468,3794 2512,3794 2556,3794 2599,3794 2643,3794 2686,3793 2730,3793 2774,3792"/>
                <TextEquiv>
                    <Unicode>gen. — Wie uns die Direktion des Kleinen Schau¬</Unicode>
                </TextEquiv>
            </TextLine>
            <TextLine id="r2l86" custom="readingOrder {index:85;}">
                <Coords points="1900,3850 2756,3847 2783,3799 1900,3804"/>
                <Baseline points="1907,3833 1950,3833 1993,3834 2037,3834 2080,3834 2124,3834 2167,3834 2211,3834 2254,3834 2298,3834 2341,3833 2384,3833 2428,3833 2471,3833 2515,3833 2558,3833 2602,3832 2645,3832 2689,3832 2732,3832 2776,3832"/>
                <TextEquiv>
                    <Unicode>spielhauses mitteilt, ist sie bis zur Stunde noch nicht</Unicode>
                </TextEquiv>
            </TextLine>
            <TextLine id="r2l87" custom="readingOrder {index:86;}">
                <Coords points="1900,3876 2672,3886 2775,3876 2775,3844 1899,3849"/>
                <Baseline points="1907,3871 1950,3872 1993,3872 2036,3872 2079,3872 2122,3872 2165,3872 2208,3872 2251,3871 2294,3871 2337,3871 2380,3871 2423,3870 2466,3870 2509,3870 2552,3870 2595,3870 2638,3870 2681,3870 2724,3870 2767,3871"/>
                <TextEquiv>
                    <Unicode>in Besitz der vorerwähnten einstweiligen Verfügung.</Unicode>
                </TextEquiv>
            </TextLine>
            <TextLine id="r2l88" custom="readingOrder {index:87;}">
                <Coords points="1896,3914 2147,3913 2190,3938 2540,3912 2582,3935 2679,3907 2779,3933 2779,3877 1896,3876"/>
                <Baseline points="1904,3908 1947,3909 1990,3909 2034,3910 2077,3910 2120,3910 2164,3910 2207,3910 2250,3910 2294,3910 2337,3910 2380,3910 2424,3910 2467,3910 2510,3909 2554,3909 2597,3909 2640,3908 2684,3908 2727,3907 2771,3907"/>
                <TextEquiv>
                    <Unicode>Die Aufführung findet auf jeden Fall heute abend</Unicode>
                </TextEquiv>
            </TextLine>
            <TextLine id="r2l89" custom="readingOrder {index:88;}">
                <Coords points="1892,3964 1913,3960 1928,3964 1947,3953 1976,3966 1987,3963 1986,3903 1969,3902 1956,3916 1943,3912 1913,3916 1890,3912"/>
                <Baseline points="1899,3951 1925,3949 1952,3948 1979,3949"/>
                <TextEquiv>
                    <Unicode>statt.</Unicode>
                </TextEquiv>
            </TextLine>
            <TextEquiv>
                <Unicode>Klose &amp; Seidel
Bureau für Zeitungsausschnitte
Berlin MO. 43, Georgenkirchplatz 21
Zeitung: Berlin. Lokal-Anzeiger
in
Ort:
Datum:
 elie eiter in enen san
spielhaus verbölen. Nach einer heute vormitteg
ergargenen einstweiligen gerichtlichen Verfügung ist
die Aufführung von Schnitzlers „Reigen“ —
abend sollte im Kleinen Schauspielhaus die Premiere
stattfinden — verboten worden.
Die Verfügung ist auf Antrag des Direktoriums
der Hochschüle für Musik, der Vermieterin des
Kleinen Schauspielhauses, erfolgt. Nach dem Miet¬
vertrag dürfen Stücke, die in sittlicher und
politischer Richtung Anstoß erregen könn¬
ten, nicht gegeben werden. Der Vertreter
der
klägerischen Partei, Rechtsanwalt Dr. Alsberg,
hat
ein Exemplar des Stückes eingereicht, das bereits
früher schon das Landgericht I beschäftigt hatte.
diesem Verfahren wurde der „Reigen“ als unzüchtig
erklärt. Auf Grund dieses Beweismaterials
ist
neuerdings das Verbot ausgesprochen worden. Wie
vie hören, beabsichtigt die Direktion des Kleinen
Schauspielhauses die Feststellungsklage anzustren¬
gen. — Wie uns die Direktion des Kleinen Schau¬
spielhauses mitkeilt, ist sie bis zur Stunde noch nicht
in Besitz der vorerwähnten einstweiligen Vergung.
Die Aufführung findet auf jeden Fall heu aben)
statt.
Das Verbot vonSchiienDie für heute abend
angesetzte Aufführung von Schnitzlers „Reigen
im Kleinen
Schauspielhause ist durch einstweilig#Werfügung des Land¬
gerichts III bei Androhung von Haftstrafe#yerboten worden. Diese
Verfügung ist von der Hochschule für Musik#ter Eigentümerin des
Hauses, erwirkt worden, die im Einverständ## mih dem Kultus
minisierium in ihrem Mietvertrag die Aufführung unstttlicher oder
politisch bedenklicher Stücke untersagt. Da der P.Reigen7 Ehm Land¬
gericht I bereits früher für unzüchtig erklärt purde, liegt nach An¬
sicht der Musikschule hier ein solcher Fall vor
Schnitzlers „Reigen“, der aus dem Jahre?1900 stammt, gibt in
Dialegform kleine Szenen aus dem Geschlechtsleben aller Schichten.
Der Reigen steigt von der Gosse bis ins vornehme Ebebett und fällt
wieder hinab. Das Weib ist die Mittlerin der Klassen. Versuche,
diese Nachtstücke aus dem Sexualleben auf die Bühne zu bringen.
sind früher steis am Einspruch der Zensur gescheitert. Die Absicht
Schnitzlers geht bestimmt nicht auf Unsittliches, aber die zum Teil
krassen Szenen sind ebenso bestimmt nicht Paradestücke der Bühne.
Man
führt auch Aretinos Dialoge nicht auf.
+ Schuitlers „Reigen“ im Kleinen Schau¬
spielhaus verboten. Nach einer heute vormittag
ergangenen einstweiligen gerichtlichen Verfügung ist
die Aufführung von Schnitzlers „Reigen“ —
heute
abend sollte im Kleinen Schauspielhaus die Premiere
stattfinden — verboten worden.
Die Verfügung ist auf Antrag des Direktorium
der Hochschule für Musik, der Vermieterin des
Kleinen Schauspielhauses, erfolgt. Nach dem Miet
vertrag dürfen Stucke, die in sittlicher
□
politischer Richtung Anstoß erregen
rein
ten, nicht gegeben werden. Der Vertreter
klägerischen Partei, Rechtsanwalt Dr. Alsberg,
5
ha
ein Exemplar des Stückes eingereicht, das ber¬
rüher schon das Landgericht I beschäftigt hatte. In
10
diesem Verfahren wurde der „Reigen“ als 1
rücht
erklärt. Auf Grund dieses Beweismater 3
neuerdings das Verbot ausgesprochen mor
Wie
wie hören, beabsichtigt die Direktion des Kleinen
Schauspielhauses die Feststellungsklage anzustren¬
gen. — Wie uns die Direktion des Kleinen Schau¬
spielhauses mitteilt, ist sie bis zur Stunde noch nicht
in Besitz der vorerwähnten einstweiligen Verfügung.
Die Aufführung findet auf jeden Fall heute abend
statt.</Unicode>
            </TextEquiv>
        </TextRegion>
    </Page>
</PcGts>
