3444 4320
1010 130 1430 228 box 17/5
315 134 822 243 11. Reigen
649 579 1606 729 Aruater Zeitung, Wien, Abendblahr
1042 786 1351 900 FEBRULRIN
827 857 1286 950 Arbeiter-Zeitung
638 976 1602 1094 Eine gestörte Vorstellung des
951 1070 1238 1172 „Reigen“
703 1144 1551 1225 Die Früchte der „Reichspost“=Hetze.
683 1200 1672 1276 Es vergeht fast kein Tag, seit die Kammerspiele Schnitz¬
557 1255 1676 1326 lers „Reigen“ aufführen, an dem die „Reichspost“ nicht mir
557 1305 1674 1376 roher Beharrlichkeit zu Störungen der Vorstellung hetzte. Vom
557 1348 1666 1433 ersten Tag an drohte sie, „den Herrschaften das Vergnägen
561 1392 1667 1478 bald zu verleiden“, sie wußte auch die katholische Jungmann¬
553 1438 1664 1524 schaft aufzuwiegeln, die, wie die „Reichspost“ am Sonntag
549 1495 1671 1574 mit Genuginung verzeichnete, in einer Vollversammlung den
555 1542 1652 1631 Beschluß faßte, gegen die Aufführung von Schnitzlers „Reigen“
542 1594 1657 1670 energisch Siellung zu nehmen und wei¬
544 1640 1655 1713 tere Schritte in dieser Sache zu unter¬
547 1688 1666 1766 nehmen“. Nun haben einige verhetzte junge Leute
543 1738 1658 1818 tatsächlich die ersten „Schritte in dieser Sache“ gemacht.
555 1783 1653 1856 Die Polizeikorrespondenz teilt mit, doch gestern abend
551 1827 1649 1908 der Versach unternon#gen wurde, die Aufführung des „Reigen“
545 1886 1655 1962 zu störer. 15 bis 20 junge Zeute drangen durch das
552 1925 1661 2005 Foyer in den Zuschauereaum und machten dort einen heillosen
555 1977 1664 2055 Lärm, Diese ihre „energische Stellungnahme“, zu dor sie von der
555 2027 1657 2104 „Reichspost“ Tag für Tag aufgesordert worden waren, ist ihnen
549 2084 1661 2143 allerdings übel bekommen. Die Störenfriede wurden rasch
543 2118 1652 2201 aus dem Sauleentfernt, sechs von ihnen wurden
549 2176 1646 2254 verhaftet. Nach Feststellung ihrer Versönsichkeit ließ men sie
545 2224 1653 2310 wieder laufen. Die Vorstellung wurde nach einer larzen Unter¬
541 2263 1008 2341 brechung zu Ende geführt.
652 2299 1653 2393 Man kann nur im Intereste der von der „Rrichspost“
540 2341 1580 2437 verhetten jungen Leate wünschen, daß es bei diesene
536 2410 1494 2487 Versuch der Ausübung kieritalen Teirors in einer
533 2466 1455 2529 vorstellung, die den schwarzen Muckern und He#
538 2508 1392 2586 behagt, sein Bewenden hat. Denn ein zweiter 8
530 2562 1193 2629 ihnen noch weit übler bekommen.
565 2612 1107 2721 che 5—
1921 298 2802 441 der gestörte „Reigen“.
2104 405 2620 498 Was Direktor Vernau sagt.
1971 477 2804 547 Herr Direktor, Beryau hatte die Freunb¬
1917 528 2796 601 lichkeit, einen ünserer Mitarbeiter heute
1919 571 2370 638 morgens zu empfangen.
2000 613 2792 694 „Während hert gestrigen Vorstellung
1917 656 2806 746 sammelten sich zwänzig junge Burschen in dem
1921 722 2807 803 kleinen Gäßchen, das zur Stcyrernühl führt.
1916 771 2796 842 Sie warteten don Augenhlick ab, in dem der
1919 819 2798 885 Wachmann um die Ecke gegangen warf stürmten
1910 863 2786 936 ins Foyer, drängten zwoi Billettkontrollore zur
1913 918 2799 992 Seite, drangen in die Logen ein und riesen
1918 966 2799 1030 „Kulturschande, Schieber, Juden,
1909 1008 2793 1077 aufhören!“ ins Theater. Sie wurden von
1916 1057 2790 1125 Aufsichtsbeamten sofort hinausgedrängt,
1917 1102 2802 1179 Das Spiel, es war im neunten Bild,
1915 1154 2800 1229 wurde ungefähr für drei Minuten
1920 1207 2806 1276 unterbroche; und dann bei demselben Wort
1907 1248 2789 1319 fortgesetzt, bei dem es aufgehört hatte,
1914 1297 2803 1367 Das Publikum antwortete mit
1904 1344 2803 1439 demonstrativem Beifall für den
1917 1396 2515 1459 Autor und für das Stück.“
1989 1432 2796 1517 „Ich halte die ganze Sache für
1909 1492 2794 1558 bestellt. Sechs von den jungen Burschen
1915 1539 2793 1609 sind ja verhaftet worden und ihre Einver¬
1910 1589 2783 1654 nahme wird ja zeigen, ob ich recht habe. Ich
1909 1638 2784 1711 werde mich keinesfalls von der
1913 1688 2794 1760 Gasse her bestimmen lossen, den
1913 1738 2793 1808 „Reigen“ abzusetzen. Solche Kindereien
1909 1787 2790 1854 werden dasselbe Fako erleben wie sie es in
1915 1832 2785 1903 Berlin erlebt haben. Wien hat doch sicher nicht
1915 1883 2785 1955 den Ehrgeiz, dort hinten nochzuziehen, wo Mün¬
1905 1932 2784 1998 chen vorneweg marschiert. Dinge wie sie im
1910 1977 2781 2046 „Reigen“ zur Sprache kommen, werden seit
1913 2026 2788 2099 fünfundzwanzig Jahren auf der Bühne gesagt
1908 2085 2790 2145 und nur verbohrte Menschen und Leute mit
1901 2124 2773 2196 einer schwärzen Brille nehmen an ihnen An¬
1899 2177 2784 2241 stoß. Der „Reigen“ ist kein Stück für Kinder
1905 2231 2774 2305 und wem er nicht gefällt, der braucht nicht ins
1902 2265 2241 2335 Thegter zu gehen.“
1861 2847 2813 2963 Der versuchte „Reigen“=Skandal in den
2138 2917 2510 3006 Kammerspielen.
1954 2989 2813 3065 Wie wir im heutigen Morgenblatte mitteilten,
1845 3035 2808 3105 wurde gestern abends versucht, die Aufführung ven
1851 3074 2812 3155 Schnitzlers „Reigen in den Kammerspielen zu
1832 3126 2803 3191 stören. Die Logen, in die die 15 bis 20 jungen Leute
1839 3167 2797 3244 während des vorletzten Bildes eindrangen, waren
1840 3204 2678 3274 besetzt und als die Demonstranten
2742 3230 2809 3283 ihr
1847 3257 2710 3324 „Pfui!“ in den Saal riefen, wurden
2713 3267 2806 3327 sie
1834 3294 2800 3369 ihrerseits vom Publikum, das sich über die Störung
1832 3344 2821 3399 entrüstete, mit Pfuirufen empfangen. Die Eindringlinge#
1839 3385 2873 3474 wurden schließlich aus dem Zuschauerraume gedrängt.
1831 3431 2573 3494 und die Vorstellung nahm ihren Fortgang.
1942 3458 2836 3561 Sechs Peisonen wurden arretiert und m#
1826 3508 2787 3594 Stadtkommissatiat gebracht. Es sind drei Privatbeamt
1831 3560 2798 3632 ein Postbeamter, ein Optiker und — ein Schlosser¬
1825 3604 2802 3662 gehilfe. Nach Feststellung ihrer Personaldaten wurden
1833 3637 2741 3726 ie entlassen. Die Strafamtshandlung ist eingeleilet.
2837 863 2910 935 00
2853 957 2923 1008 —
2874 1089 2929 1142 7#
2933 725 3017 813 5
