3336 4416
968 245 1405 342 box 17/6
266 250 796 360 11. Reigen
2743 938 3184 1031 Preis 1 Krone
2753 1013 3158 1097 im Trasikverkauf
1047 900 1810 1129 Wiene!
1749 1426 1896 1521 *
1981 1416 2607 1521 Leten
757 1447 833 1517 *
873 1365 989 1532 4
341 1432 570 1538 *
2786 1628 3257 1726 71. Jahrgang.
961 1640 1857 1737 Samstag, 12. Februar 1921
686 1725 3227 1816 Wbenenen ier die Perelinge Penelich 1. 1en n Perertient 1. Sehnieltenr ie. Telenen ieie in den Serelene, Tenen inie ier din setanen ertene
131 1739 587 1834 e enten, Anenen 1 20
236 1791 2648 1847 Administration, Exredition und Ankündigungsburcan: I. Schulerstraße 14, Televhon 3668. — Truckerei: I. Schulerstraße 14. 12 Uhr=Blat der „We Allg. Zeitung“
1292 1895 1412 2033 44
1931 2058 2123 2158 De
2914 2064 2993 2147 6
2387 2053 2584 2159 W
579 2060 1324 2163 Der zeleigen
643 2137 3172 2265 Die Regierung bringt beim Verfassungsgerichlshof die Klage gegen
1317 2252 3174 2353 Foridauer der Vorstellungen. — Keine Zurück¬
635 2258 1226 2382 Reumann ein.
1029 2340 2797 2470 ziehung des „Reigen“ durch Arthur Schnitzler.
2478 2430 3270 2531 Nach all dem kann ruhig gesagt werden:
1464 2448 2356 2525 schleßlich Landeshauptmann Reumana be¬
637 2449 1439 2529 Die „Reigen“=Affäre entwickelt
2396 2505 3285 2564 Der „Reigen“ wird weiter gespielt. Selbst
1478 2508 2364 2591 lasten. Sein Vorgehen ist Verfassungs¬
559 2519 1438 2578 sich weiter als Poltikum. Die gestrigen
2391 2545 3273 2606 die gestrige Vorstellung, die unteugbar unter
1477 2556 1661 2637 bruch.“
548 2573 1437 2641 Skandalszenen im Nationalrate und die
2388 2600 3277 2681 dem Zeichen großer öffentlicher Nervosität
1567 2583 2368 2673 Diesen Ausführungen zufolge wird die
563 2617 1436 2674 Debatt m Landtage haben die Regierung
2386 2647 2647 2729 stattfand, ist
1471 2653 2367 2717 Regierung nun den Weg betreten, den sie als
560 2665 1439 2720 nicht vermocht, von ihrem Standpunkt abzu¬
1467 2704 2362 2767 der Verfassung entsprechend er¬
2453 2676 3225 2767 völlig ungestört verlaufen,
567 2714 1441 2769 gehen. Die „Reichspost“, das Orzan der
1476 2751 1788 2823 achtet, nämlich
553 2756 1442 2820 chi stlichsozialen Partei, melbet heute über die
2391 2761 3280 2818 da das seit Tagen ausverkaufte Haus von
1470 2776 2366 2872 die Klage gegen Landeshaupt¬
2397 2804 3283 2866 einem normalen, sozusagen unpolitischen
563 2812 862 2888 Angelegenheit:
662 2830 1447 2920 „Die Artikel 10 bis 13 und 15 des
1694 2853 2159 2923 mann Reumann
2395 2858 3271 2919 Theaterpublikum gefüllt war. Damit wird
552 2908 1438 2958 Bundesverfassungsgesetzes, welche für später
2395 2910 3284 2970 immer wieder der Beweis erbracht, daß die
1472 2909 2364 2976 beim Verfassungsgerichtshof einbringen.
558 2948 1444 3008 die Kompetenzen regeln, stehen noch nicht in
2395 2952 3281 3031 wirkliche Wiener Oefsentlichkeit gegen die
1473 2940 2369 3023 Ueber den Termin dieser Verhandlung vor
564 2993 1441 3078 Kraft, so daß nach § 42 des Uebergangs¬
2391 2995 2890 3081 „Reigen“=Aufführungen
1474 3005 2366 3085 dem Verfassungsgerichtshof kann naturlich
549 3052 718 3136 gesetzes
1478 3054 2364 3115 noch nichts verlauten, doch pflegt dieser
2445 3028 3221 3125 garnichts einzuwenden hat
611 3073 1409 3149 die bisherige Kompetenzauf¬
1484 3115 2370 3166 Rechisweg ziemlich langwierig zu
2401 3105 3293 3186 und es sich bei der Opposition gegen den
593 3142 1401 3223 teilung inzwischen aufrecht
1480 3153 2363 3223 sein. Von einem gewaltsamen Eingreifen
2392 3157 3284 3222 „Reigen“ ausschließlich um organisierte
910 3191 1109 3251 bleibt
1484 3200 2091 3284 sieht die Regierung völlig ab.
2394 3211 3289 3271 Kundgebungen handelt. Nach den gestrigen
567 3228 1453 3303 und die Angelegenheiten der Theaterpolizei
1576 3243 2365 3318 Daraus geht hervor, daß die „Reigen“¬
2404 3258 3283 3321 Zwischenrufen im Nationalrate scheinen
557 3287 1440 3347 und damit auch der Theaterzensur Bundes¬
1485 3290 2362 3378 Aufführungen in den Kammerspielen vor¬
2398 3305 3277 3377 die Christlichsozialen ja äußerst besorgt, daß
564 3336 1440 3405 sache sind; sie werden derzeit von den Landes¬
1477 3355 1619 3426 läusig
2404 3351 3280 3413 die Besucher der „Reigen“=Vorstellungen,
570 3377 1440 3446 hauptmännern als mittelbare Bundesver¬
2396 3400 3279 3459 die sie selbst insgesamt als Juden (kom¬
1470 3382 2366 3486 ihr en ungestörten Fortgang
571 3424 1444 3486 waltung durchgeführt. Nach dem Bundesver¬
2399 3447 3272 3514 perativ: Saujuden) bezeichnet haben, sittlich
1477 3441 2366 3527 nehmen. Der „Reigen“ ist für die ganze
573 3471 1450 3536 assungsgesetze (Arlikel 104) ist auf desem
2398 3497 3287 3562 verdorben werden könnten. Diese Besorg¬
1479 3507 2365 3574 nächste Woche auf den Spielplan der Kam¬
572 3530 1455 3585 Gebiete der Landeshauptmann an die Wei¬
2399 3542 3281 3608 nis dürfte überflüssig sein. Wenigstens gibt
1478 3554 1830 3637 merspiele gesetzt.
569 3573 1455 3635 sungen der Bundesregierung sowie der
2404 3594 3280 3653 es, was die ethische und ästhetische Wirkung
1576 3577 2371 3669 Die gestern in Theaterkreifen ver¬
569 3618 1455 3681 Bundesministerien gebunden. Befolgt er eine
2405 3641 3282 3696 des „Reigen“ auf der Bühne anbelangt,
1484 3642 2373 3711 breiteten Gerüchte, daß Arthur Schnitz¬
581 3666 1446 3728 olche Anordnung ncht, so kann er von der
2407 3680 3284 3744 kompetentere Faktoren, und alle diese haben
1481 3696 2370 3766 ler dem „Reigen“=Konflikt durch Zurück¬
564 3712 1453 3773 Bundesregierung beim Verfassungsgerichts¬
2404 3740 3268 3809 sich für und nicht gegen dis
1487 3731 2374 3814 ziehung seines Stückes von der Bühne ein
563 3765 1449 3831 hofe belangt werden. Die Regierung hat in
2390 3786 3216 3851 „Reigen“=Aufführung ausgesprochen.
1477 3788 2367 3859 Ende bereiten werde, entsprechen nicht den
564 3812 1450 3879 diesem Falle keinen anderen rechtmäßigen
2520 3814 3296 3899 Aber, wie gesagt: Bis der Ver¬
1477 3845 2366 3905 Tatsachen. Von einer dem Dichter nahe¬
568 3860 1455 3927 Weg, aber sie wird nicht zögern können, hn
2399 3865 3282 3940 fassungsgerichtshof, ein nicht gerate beweg¬
1488 3883 2374 3954 stehenden Seite wird uns mitgeteilt, daß
564 3910 1450 3981 gegen Landeshauptmann Reu¬
2405 3919 3294 3992 liches Instrument, mobil gemacht haben
1489 3927 2376 4001 Arthur Schnitzler keinesfalls die Ab¬
568 3963 1454 4026 mann zu beschreiten. Die moralische Ver¬
2402 3960 3301 4034 wird, werden die Aufführungen in
1479 3979 2375 4055 sicht habe, unter dem Druck einer öffent¬
567 4010 1456 4071 antwortung für die trotz des Verbotes der Re¬
2411 4017 3284 4083 der Rotenturmstraße, wenn auch
1480 4029 2385 4111 lichen Hetze seine „Reigen“=Dialoge von
571 4051 1464 4132 gierung erfolgte Fortsetzung der in der Be¬
2403 4065 3292 4153 vielleicht unter Polizeiassistenz, statt¬
1480 4079 2030 4173 der Bühne zurückzuziehen.
575 4098 1458 4167 völkerung mit so großem Unwillen aufge¬
2402 4125 2625 4185 finden.
560 4145 1465 4212 nommenen Theateraufführung wird aus¬
