3336 4416
266 268 416 352 11.
973 260 1385 350 box 17/6
465 279 773 368 Reigen
352 945 1473 1007 srten, scheil. ubg. Teakhner zum Reonerpult und
351 990 1484 1059 stellte die Anfrage „ob der Bundesminister für Inneres
343 1041 1483 1097 den verfassungswidrigen Erlaß über das Verbot
335 1087 1479 1143 der Aufführung des „Reigen“ sofort zurück¬
339 1129 1472 1198 ziehen wolle. Abg. Leuthner ist nicht ganz gesund und
343 1183 1480 1242 die gebotene Rücksicht auf seinen bedauernswerten
348 1229 1481 1302 Zustand verbietet es dem Taktgefühl, auf die Art,
345 1273 1478 1338 wie er seine Anfrage begründete, charakterisierend
350 1326 1484 1388 einzugehen. Erwähut sei nur, daß er auf den Bänken
349 1375 1410 1452 der Mehrheit des Hauses mitleidiges Lächeln erntete.
437 1416 1473 1481 Bundesminister Dr. Glanz erteilte unverweil
341 1468 1478 1523 die Antwort. Sachlich, bündig, ruhig und kühl, wie es
343 1519 1478 1585 seine bekannte Art ist. Sein Auftreten im Nationalrat
356 1576 1476 1627 zeigt ihn immer wieder als einen Mann von Kenntnissen,
341 1610 1473 1668 Verantwortungsgefühl, geradlieniger Tatkraft und Kalt¬
350 1658 1479 1723 blütigkeit. Gerade seine Beherrschtheit scheint die Sozial¬
345 1705 1478 1775 demokraten am meisten zu reizen. Sie, die sich angeblich
339 1758 1485 1828 zur Verteidigung der Verfassung erhoben hatten,
352 1818 1477 1859 verloren auch diesmal wieder während der Aus¬
358 1850 1477 1918 führungen des Bundesministers völlig ihre Fassung
501 1898 1383 1968 kamen außer Rand und Band
350 1911 502 1971 und
343 1930 1479 2010 kaum je in den Maienzeiten der Opposition.
348 2006 1480 2066 Für ihre Auffassung von parlamentarischem Benehmen
352 2043 1476 2103 ein beschämendes, für den Zuschauer beinahe ein ergötze
354 2099 1480 2152 liches Bild. Männer waren zu sehen, die im vorgeblichen
353 2145 1481 2198 Kampf für die Kultur ihre ganze Kultur ablegten. Be¬
358 2181 1482 2258 sonders bemerkenswert tat sich zu Beginn der Minister¬
344 2234 1492 2293 rede der Abg. Seitz hervor. Er, das Musierbild
343 2282 1482 2344 würdevoll getragener oder — wenn man sich an die Zeit,
351 2335 1444 2395 wo er selbst auf dem Präsidentenstuhl saß, erinnert
361 2385 1492 2436 oft auch schläfriger Ruhe, stand eifrig tätig mitten unter
345 2423 1491 2485 den Krawallmachern als einer der lautesten. Ein Zwischenruf
350 2469 1494 2537 des christlichsozialen Abg. Mataja erst brachte ihn
352 2531 1488 2582 wieder etwas zur Besinnung und den weiteren Lärm
346 2571 1483 2626 mußten lleinere Gölter besorgen. Sie taten es mit
968 2612 1485 2689 la daß Rundeckminester
336 2617 911 2694 Ausbaus und Ferrigkeit
1640 911 2640 968 „rulschin Rautsdeine, die den Auskrikt des
1513 961 2641 1022 Bundesministers Dr. Glanz aus dem Sitzungssaal ab¬
1517 1001 2644 1058 warten wollten, mögen es ihnen danken, daß sie von
1523 1057 2644 1128 hrem vielleicht folgenschweren Vorhaben abgehalten
1521 1105 1682 1162 wurden.
1602 1149 2645 1217 Nachstehend der Bericht im Anschluß an die „Wiener
1519 1202 1735 1264 Stimmen“:
1587 1229 2633 1316 Die Abgeordneten Leuthner (sozdem.) u. Gen. bringen
1518 1294 2252 1350 folgende dringliche Anfrage ein:
1596 1328 2636 1377 Die Bundesregierung hat die Aufführung des bekannten
1524 1364 2647 1415 Theaterstückes „Reigen in Wien verboten. Dieses Verbot stellt
1525 1412 2635 1454 einen verfassungswidrigen Eingriff der Bundesregierung in die
1520 1451 2641 1490 Rechte des Landes Wien dar, da zur Ausübung der Theater¬
1520 1484 2647 1543 zensur in Wien ausschließlich der Landeshauptmann von Wien
1526 1513 2649 1571 befugt ist. Das Verbot beweist, daß der Regierung das Diktat
1516 1557 2643 1605 der Klerikalen höher steht als die Bestimmungen der Ver¬
1527 1593 2648 1641 fassung. Es wird die Frage gestellt, ob der Bundesminister für
1527 1641 2640 1686 Inneres den verfassungswibrigen Erlaß über das Verbot der
1526 1674 2640 1733 Aufführung des „Reigen“ sofort zurückziehen wolle?
1606 1711 2638 1762 Schon bei der Verlesung der Anfrage zeigte sich im Saale
1528 1746 2641 1796 lebhafte Unruhe. Die Abgeordneten sammelten sich in dem
1521 1791 2641 1854 Halbrund um die Ministerbank, als die Sozialdemokraten ihren
1522 1834 2645 1873 Sturmbock, Abg. Leuthner, für die Einleitung erregter
1523 1865 2643 1911 Szenen vorschickten. Aus der Begründung der Dringlichkeit der
1522 1910 2643 1955 Anfrage durch Abg. Leuthner ist sachlich nur wieder das eine
1535 1950 2652 1999 estzustellen, daß es eine brutale Rücksichtslosigkeit ist, einen
1523 1972 2646 2030 bedauernswerten, schonungsbedürftigen Kranken in bewußter
1529 2016 2643 2072 Absicht in eine Angelegenheit zu hetzen, der er nicht gewachsen
1534 2054 2643 2111 st und die ihn zudem noch Aufregungszuständen aussetzt, vor
1530 2094 2646 2149 denen ihn ein wohlmeinender Arzt sicher nur eindringlich
1527 2138 1806 2192 warnen würde.
1605 2153 2655 2236 Bundesminister Dr. Glanz: Schon vor Zulassung der Auf¬
1528 2211 2648 2271 führung des „Reigen“, die durch den Magistrat in seiner
1529 2263 2658 2306 Eigenschaft als politische Landesstelle erfolgt ist, hat der Herr
1530 2293 2647 2344 Polizeiprasident beim Herrn Bürgermeister von Wien auf die
1531 2333 2652 2389 schweren Bedenken gegen die Aufführung dieses Bühnenwerkes
1533 2375 2656 2422 aufmerksam gemacht. Er verwies hiebei auch auf die geteilte
1533 2405 2649 2460 Beurteilung, die vor längerer Zeit schon die bloße Vorlesung
1528 2444 2647 2498 der zehn Dialoge in der Publizistik gefunden habe. Dei
1526 2484 2653 2542 Magistrat als politische Landesbehörde hat jedoch dessen¬
1536 2525 2654 2576 ungeachtet nach Anhörung des Zensurbesrates mit dem Bescheide
1530 2555 2653 2611 vom 12. Jänner d. J. die Aufführung zugelassen.
1534 2604 1792 2670 (Zu#schenrufe.)
1605 2636 2667 2698 Die Aufführung des Stückes gab alsbald zu lebhaften
1531 2688 2303 2735 Erörterungen in der Oeffentlichkeit Anlaß.
1605 2705 2656 2771 Abe. Pick (sozdem.): In der „Rrichspost“! (Zwischenrufe
1525 2759 2663 2809 bei den Sozialdemokraten; Gegenrufe bei den Christlich¬
1537 2802 1855 2865 sozialen. Lärm.)
1614 2839 2658 2907 Bundesminister Dr. Glanz: Hiebei sprach sich die weit
1538 2884 2669 2936 überwiegende Mehrzahl der öffentlichen
1530 2929 1833 2993 Stimmen.
1603 2959 2656 3037 Abg. Seitz (sozdem.): Wo haben Sie das gezählif Woisen
1538 3003 2022 3074 Sie uns das nach! (Lärm.)
1600 3029 2658 3116 Bundesminister Dr. Glanz: ... dahin aus, daß die Auf¬
1535 3093 2247 3161 führung ihrem gesamten Eindruck nach
1678 3144 2534 3203 eine arge Verletzung der öffentlichen Sittlichkeis
1529 3171 2661 3238 bedeute. Kundgebungen aus der Bevölkerung und zahlreiche
2398 3227 2666 3281 ich betone das
1535 3236 2284 3286 Artikel der Presse verschiedener Richtung
1542 3267 2663 3313 noch einmal — ließen erkennen, daß diese Vorführungen mit
1533 3303 2660 3357 dem sittlichen Empfinden weiter Kreise der
1526 3339 2667 3405 Miener Beyölkernna in scharfem Geoenlas
3067 851 3284 942 —.—. Wn
2742 899 2846 980 Was
3067 940 3286 1007 die formelle
2676 984 3277 1046 betrifft, handelt es sich um folgen
2685 1028 3235 1091 strates den Verhältnissen, wie
2679 1071 3286 1132 „Reigen“ gestaltet haben, nicht Re
2685 1105 3277 1160 es nach den geltenden Kom
2677 1149 3285 1207 welche die Theaierangel
2687 1184 3291 1244 ort des Bundesministen
2684 1222 3284 1276 weisen, mein Recht und meine
2692 1257 3290 1320 ührungen zu untersagen. Wenn #
2694 1305 3280 1355 ragenden Abgeordneten das Re¬
2682 1331 3280 1392 Gänze bestritten wird, so möchte
2688 1372 3289 1432 darauf verweisen, daß dieses Re¬
3254 1414 3286 1456 1
2686 1411 3252 1468 allem eine Pflicht erblicke, schon
2686 1454 3263 1504 tracht kommenden Behörden an
2692 1488 3274 1545 Wissenschaft und Praxis niemals
2685 1523 3292 1581 unseren obersten Gerichtshöfen ste
2683 1561 3288 1625 daß es auch in unsere neue Ve¬
2691 1601 3296 1663 oie die Art. 103 und 142 ausdrü
2685 1643 3260 1702 der Aufsicht entspricht
2688 1666 3275 1736 pflichtung zur Durchfüh
2687 1721 3261 1779 Anordnungen. Auch diese
2699 1758 3286 1814 trittene gewesen und kommt aus
2683 1793 3295 1860 zum Ausdruck. Die Regierung wi
2691 1835 3282 1894 genau so handeln, mögen sie wel
2696 1875 3283 1925 Fortgesetze lärmende Zwischenn
2699 1915 3284 1972 Präsident ruft ihn zur Ordnung.
2761 1950 3271 2005 Bundesminister Dr. Glanz:
2696 1991 3274 2042 Abg. Leuthner erwähnten F#
2688 2028 3246 2083 hehe Haus Gelegenheit haben,
2693 2065 3278 2121 die Regierung auch diese Frage
2686 2102 3258 2179 und pflichtgemäßen Weise lösen
2767 2138 3290 2203 Auf die gegen mich persön
2696 2180 3247 2247 will ich nicht naher eingehen.
2698 2216 3272 2272 über mein Wirken get
2687 2254 3291 2313 denkenden Menschen ab
2708 2293 3291 2359 Stürmischer Beifall und Hände
2700 2337 3294 2397 sozialen. — Fortgesetzte lärmende
2695 2365 3297 2432 demokraten.) Ich kann nur beron
2695 2406 3301 2473 griffe, mögen sie von wo immer
2687 2452 3289 2500 weit von dem, was ich als P#l
2701 2488 3281 2540 mstande find. (Lebhafter Beifall
2691 2522 3299 2583 Christlichsozialen, stürmischer Wil
2695 2564 3276 2645 rufe bei den Sozialdemokraten.)
3083 2602 3282 2673 Ein Hand
2767 2641 3293 2730 6# (Ogaldemokratischen Ab
2699 2697 3290 2776 t####g und Widholz drän
2705 2748 3280 2825 und schlagen #olwütig ## den
2696 2793 3293 2871 Bundesminister Dr. Glan Mit
2693 2846 3295 2914 diese Herren nun behaupten, a
2702 2890 3297 2970 Argumente vorgebracht zu haber
2700 2939 3264 3018 Ehrgeiz anderer Genossen. Auch
2702 2991 3299 3067 zeigen, da sich endlich wieder ein
2706 3032 3298 3107 zu bieten scheint, nach Herzenslu
2711 3084 3290 3153 können. Sie balgen sich beinabe
2704 3134 3293 3204 sterbank heranzukommen. Beschi
2697 3183 3290 3251 johle gegen Bundesminister Dr.
2704 3230 3288 3299 und ähnliches, wie eben der entf
2706 3279 3281 3341 soweit er nicht seinen ständigen
2710 3324 3200 3406 hart. Es hat den Anschein.
