3436 4224
304 54 436 146 11
1018 65 1403 148 box 17/1
501 76 825 155 ken
511 1352 844 1428 Teisphon 12801.
688 1419 1260 1561 „OBSERVE
488 1531 1575 1610 I. österr. behördl. konz. Unternehmen für Zeilungs-Ausschnilte
684 1598 1385 1684 Wien, I., Concordiaplatz 4.
909 1662 1185 1726 Vertretungen
499 1702 1581 1766 in Berlin, Budapest, Chicago, Christiania, Genf, Kopenhagen,
510 1749 1573 1806 London, Madrid. Mailand, Minneapolis, New-Vork. Paris, Rom,
676 1794 1412 1846 San Francisco, Stockholm, St. Petersburg.
857 1836 1237 1893 (Quellenangabe ohne Gewähr.)
497 1913 1612 1992 Ausschnitt aus: Secodian nentn
507 2019 656 2082 vom:
516 2180 1670 2288 Beschlagnahmt wurden auf Antrag der Staatsanwaltschaft hier
418 2241 1670 2328 folgende Druckschriften des Wiener Verlags: Henri Lavedan, „Das
418 2280 1671 2368 Bett“ Artur Schnitzler, „Neigen“ wegen unzüchtigen Inhalts auf
1515 2313 1686 2387 Schicksal
417 2329 1519 2400 Grund § 184 des Str.=G.=B. — Schnitzlers Reigen ist dem
408 2369 1422 2461 der Beschlagnahme schon wiederholt verfallen gewesen.
1763 1435 3033 1510 seinem 30. Geburtstag ernannte ihn die universtat Hewelbeig gum
2675 1482 3035 1541 ist er als der Letzte
2391 1491 2642 1545 Unvermählt
1772 1500 2386 1545 Ehrendoktor der Philosophie.
2664 1519 3046 1589 Am 6. August 1903
1775 1527 2629 1590 seines Geschlechtes am 9. März 1902 gestorben
2719 1559 2986 1624 — Dr. L. St.
1764 1569 2655 1639 wurde ihm in Rechtenflath ein Denkmal eprichter
1808 1615 3046 1677 Die Buchausgabe des „Reigens“ beschlagnahmt Vor einigen Tagen
1770 1650 3042 1711 wurde auf Veranlassung der Staaßonaltschaft die Buchausgabe des
2676 1688 2964 1744 (Es vormärzelt
1762 1701 2634 1748 Arlhur Schnitzlerschen Agennahmt.
1763 1714 3035 1801 Der Zensur-Reigen um dei Reigen wird immer koller. Die Schriftl.
1869 1765 3039 1827 Ehrung“ durch eine „Doktorfabrik“. Vor kurzem wurderberichtek,
1777 1809 3041 1872 daß Dr. Ernst Reclam, der Chef des bekannten Verlagshauses, von einer
1779 1843 3049 1904 amerikanischen Unkversität in Anerkennung der großen Kulturverdienste
1776 1881 3043 1943 des Unternehmens den Ehrendoktor erhalten habe. Diese Auszeichnung
1779 1920 3045 1981 die als ein Zeichen der Anerkennung deutschen Geisteslebens in frühen
1781 1958 3029 2027 feindlichen Ländern gebucht werden konnte, hat sich aber nun als ein ech
1778 2005 2976 2075 amerikanischer Bluff erwiesen. Wie sich herausgestellt hat, ist
1792 2025 3032 2103 „Orlental University“ in Washingion, von der die Verleihung des Ehren
1782 2071 3053 2135 doktors ausging, eines jener Schwindelunkernehmen, die akademische
1786 2115 3046 2175 Grade in absentia und gegen Bezahlung bekrächtlicher Gebühren ver¬
1787 2147 3057 2218 aeben. Sie ist zwar berechtigt, akademische Grade zu verleihen, genießt
1789 2189 3045 2249 aber kein Ansehen unker den Hochshulen der Vereinigten Staalen. on
1781 2221 3052 2288 Deutsch and wird daher die Genehmigung, den Doktorgrad dieser Uni¬
1787 2262 3046 2326 versität bei uns zu führen, steks versagt. Die Verleihung des Ehren¬
1794 2299 3053 2364 doktors kann daher nur als ein Reklamekrick aufgefaßt werden, und
1796 2342 3054 2402 Dr. Ernst Reclam hat daraufhin dem Präsidenten der Universität,
1795 2389 3054 2448 Bischof Dr. Holler, das Ehrendiplom unker kurzer Darlegung der Gründe,
1781 2428 2511 2501 die ihn dazu veranlassen, zurückgeschickt.
1871 2442 3054 2519 Hochschulnachrichten. Der Täbinger Professor für Mathematik,
1789 2497 3060 2556 Hesserberg, hak einen Ruf als Orbinarius an die Universität
1777 2530 3069 2587 Leipzig erhalten. — Die Professur für deutsche Sprache und Literatur
1788 2578 3064 2635 an der Universtät Tübingen wurde Professor Hermann Schneider
1780 2627 2009 2689 übertragen.
3087 2332 3135 2370 —
3080 2360 3127 2393 —
3063 2446 3115 2520 2
