3484 4352
59 2857 94 2896 ne
45 2888 105 2935 cher
57 3061 103 3100 en
524 158 849 245 Reigen
1032 145 1446 228 box 18/3
1244 1003 2431 1066 W'a. Schnitzlers „Reigen“ in der Schauburg. Unter ungünstigen
1162 1063 2434 1109 Umständen, an schwer zugänglichem Orte und in unzulänglicher, wenn
1160 1102 2448 1146 auch ernsten und ehrlichen künstlerischen Willen nicht verleu mender Dar¬
1164 1138 2442 1190 stellung konnten die Breslauer im Herbste vorigen Jahres Schnitzlers viel¬
1165 1174 2434 1222 umstrittene erotische Dialoge auf der Bühne, für die sie ursprünglich
1172 1215 2448 1264 nicht bestimmt waren, und die ihnen in ihren feinsten und stärksten
1169 1250 2446 1303 Reizen nicht gerecht werden kann, genießen. Soviel erwies auch die
1166 1288 2446 1336 mit unzureichenden Mitteln arbeitende Aufführung in Krietern, daß
1170 1324 2445 1374 der von besorgten und anmaßlichen zu Hütern der Volksmoral sich berufen
1172 1370 2441 1415 fühlenden Seelenhygienikern entfesselte Kampf gegen den „Reigen“ der
1170 1405 2452 1457 Ausfluß großer Verständnislosigkeit und Befangenheit war, einer geistigen
1168 1442 2439 1494 Rückständigkeit, deren Herrschaft schließlich das Theater zur Kinderstube
1166 1480 2448 1532 machen und jeden kulturellen Fortschritt unmöglich machen würde. Ein
1169 1516 2443 1562 Werk wie dieses, in dem so viel künstlerische und menschliche Ueber¬
1166 1557 2440 1609 legenheit, so viel erkennende und erhaltende Kraft des Geistes, so viel
1175 1594 2450 1650 formende Fähigkeit einer feinen Bildnerhand sich offenbart, als
1182 1642 2453 1682 unsittlich“ zu brandmarken, dazu gehört eine geistige und moralische
1183 1676 2442 1722 Plumpheit, die den mit ihr Behafteten jeden Anspruch auf ein Richter¬
1185 1711 2436 1763 amt in künstlerischen Dingen nimmt. Eine Aufführung des „Reigen“
1182 1747 2445 1798 kann anstößig wirken, und wird es, wenn ein unreiner Sinn sich
1168 1777 2445 1840 der Schöpfung des Dichter bemächtigt. Gegenüber einer ernsten, seine
1179 1822 2447 1868 wahre Absicht nicht verfälschenden Versinnlichung des Werkes kann
1181 1862 2451 1931 nur der, teils mit ehrlicher Beschränktheit, teils aber auch mit unlauterer
1157 1929 2455 1977 Böswilligkeit geführte, selbst vor Stinkbomben nicht zurückschreckende
1197 1968 2447 2022 Kampf gegen Schnitzler und seine Dichtung als anstößig und unsittlich
1191 2009 2459 2046 erscheinen. Und wer nach der jetzt in der „Schauburg gebotenen vor¬
1188 2047 2460 2091 trefflichen Aufführung des „Reigen“, die die Bühnenwirkung wenigstens
1190 2081 2446 2126 der besten der zehn Szenen schlagend erwies, seiner Neigung oder seiner
1195 2121 2460 2166 Pflicht, Anstoß zu nehmen, nicht vergessen konnte, den kann man nur
1192 2158 2448 2202 bedauern. Direktor Hubert Reusch hat der Buchdichtung mit feinem
1197 2196 2454 2247 Gefühl für das im Licht der Rampe Mögliche und Wirksame sinnlich
1190 2234 2460 2281 lebendige Gestalt gegeben und in einem entsprechenden und bestechenden
1199 2274 2461 2320 szenischen Rahmen die Vorgänge in den einzelnen Szenen und die sie
1194 2308 2461 2350 durchleuchtende Ironie des seeienenthüllenden Dichters in feinen Ab¬
1204 2350 2451 2393 tufungen, die den verschiedenen Lebenssphären gerecht wurden, zu
1200 2388 2451 2438 schöner Geltung gebracht. Auch die wienerische Atmosphäre fehlte diesen
1185 2425 2460 2474 Bildern nicht. Ganz besonders echt war die Wiener Note in den prächtig
1185 2467 2463 2519 lebensvollen „süßen Mädel“ Poldi Müllers und in dem überaus
1204 2501 2461 2543 ein gezeichneten Grafen Gustav Heppners. Die junge Frau in
1185 2541 2463 2581 ihrer unbekümmerten Verlogenheit und spielerisch dreisten Erotik
1183 2578 2458 2620 wurde von Sybill Smolawa mit kecker Grazie, die Schauspielerin
1190 2618 2444 2666 in ihrer hochtönenden Gespreiztheit und herrisch=launischen Sprung¬
1181 2656 2460 2703 haftigkeit von Jutta Versen sehr überzeugend und ergötzlich ver¬
1187 2695 2462 2735 körpert. Trude Norgard als Stubenmädchen und Olga Fuchs als
1184 2731 2459 2774 Dirne vervollständigten die weibliche Stufenleiter nach unten. Von den
1192 2769 2460 2807 Herren ist nach dem bereits gewürdigten Darsteller des Grafen zunächst
1179 2808 2458 2856 Walter Tautz zu nennen, der den Ehemann in seiner Doppelrolle
1179 2846 2453 2889 als ernster Moralprediger und seitensprungbedürftiger Lebemann — die
2396 2886 2428 2920 —
1181 2882 2398 2941 eine Rolle nicht nur nach, sondern auch in der andern zeigend
1195 2917 2462 2969 treffend, im Lichte der Schnitzlerschen Ironie, charakterisierte; ihm
1179 2957 2454 3007 reihte sich würdig der in seinem geschlechtlichen Egoismus und in seinem
1179 3003 2448 3052 militärischen Gehaben kräftig yingestellte Soldat Fritz Horns an.
1183 3041 2447 3088 Mit dem Dichter fand sich Kurt Mikulski, ohne freilich ganz die
1190 3077 2457 3124 dankbare Aufgabe zu erschöpfen, mit dem „jungen Herrn“ Hans Tillo
1192 3108 2446 3156 befriedigend ab. Die einförmig=elegische Musik von Forster¬
1179 3154 2451 3198 Larrinaga trug zu der Wirkung des Reigen nicht gerade bei. Allen,
1180 3186 2453 3230 mit Ausnahme derjenigen, die durchaus Anstoß nehmen wollen und
1185 3223 2444 3272 denen eine Enttäuschung ziemlich gewiß ist, kann der Besuch der
1184 3267 2459 3328 „Reigen“=Aufführung in der „Schauburg“ empfohlen werden. Sie
1187 3307 1649 3354 werden ihn nicht bereuen.
