3532 4256
484 1759 568 1817 iner
481 1806 565 1866 war
482 1849 558 1911 #a
487 1890 575 1959 ge
472 1971 567 2038 nicht
468 2061 546 2146 d
1064 203 1477 304 box 18/2
469 212 878 318 Reigen
1225 1624 1769 1705 „Eentsahn=Kattotidoche mit ieh,
731 1656 1763 1752 Interesse angehört wurde, und zum Schluß starken Beifall fa.)
679 1730 1780 1792 26.—. Im „Reigen“=Prozeß, über den wir gestern kurz berichteten.
604 1774 1775 1836 #wurde heute folgender Vergleich geschlossen: Der Privatbeklagte, Tr.
630 1806 1782 1863 Wilhelm Stapel, Herausgeber der völkischen Zeitschrift „Deutsches
618 1842 1789 1895 Volkstum“ erklärt, „die in den Artikeln in den März=, April= und Mai¬
623 1874 1780 1930 heften des Jahres 1922 enthaltenen Beleidigungen der Privaikläger
628 1912 1787 1982 Direktor = Sladek und Gertrud Eysoldt nehme ich mit dem
629 1948 1231 2010 Ausdruck der Entschuldigung zurück“.
670 1978 1786 2057 & Georg Kaisers Drama „Gats“ wird im Hamburger Schauspiel¬
1384 2028 1788 2084 Wie wir erfahren, soll
631 2038 1381 2084 haus seine reichsdeutsche Uraufführung erleben
628 2063 1489 2141 ## Tichter die Absicht haben, selbst Regie zu führen.
904 2172 1207 2332 2/
1058 2314 1488 2476 Gu I
1833 1899 1869 1967 9
2173 779 2806 884 Ueot Prriner 12 Uhr-Ra.
2552 881 2886 982 13 Mal 1921
2041 962 2970 1107 „Ein neuer Reigenprozeß.
2086 1086 2980 1173 Direktor Sladek und Gertrud Eysoldt
2081 1147 2976 1230 gegen die Zeitschrift. Deutsches Volkstum“.
2141 1211 2973 1305 Morgen kommt eine Kiage zur Hauptverband¬
2085 1275 2980 1343 lung, die von Maximilian Sladek und
2092 1323 2971 1394 Gertrud Eykoldt gegen Dr. Wilheim
2085 1376 2974 1452 Stapel, den Herausgeber des Deutschen Voks¬
2096 1415 2975 1490 tums, erhoben worden ist und bereits seit drei
2093 1479 2368 1557 Jahren „läuft“
2156 1526 2982 1613 Dr. Stapel hatte im März 1922 einen Aussatz
2087 1592 2973 1653 veröffentlicht, in dem er behauptete, im „Reigen“¬
2098 1626 2979 1705 Prozeß sei das Thema verschoben worden. Man
2095 1683 2993 1769 hätte nicht über das Thema „Kunst und S'trlich¬
2112 1729 2985 1811 keit“ sondern über das Thema „Kunst und Ge¬
2103 1788 2579 1879 schäft“ verhandeln müssen.
2158 1844 2987 1921 Slodek und Frau Eysoldt fühlten sich, obwohl
2101 1898 2993 1980 sie in jenem Aufsatz nicht genannt waren, durch
2113 1942 2999 2024 den Verdacht beleidigt, daß sie den „Reigen“ um
2113 1992 2999 2071 des Geschäfts willen aufgeführt haben sollten. Ihr
2112 2056 2999 2111 Beweggrund sei tauterer Eiser für die deutsche
2118 2090 2997 2160 Kunst gewesen. Dr. Stapel wird von Rechts¬
2117 2138 2961 2231 anwalt Engelhardt=Salzwedel verteidig:.
2166 2197 2998 2274 Die Klage stützt sich auf zwei bis drei von Be¬
2114 2273 2995 2331 leidigungen gegen Maximilian Sladek und Ger¬
2110 2304 3002 2386 trud Eysoldt strotzende Artikel, die in der Zeit¬
2117 2356 3011 2431 schrift „Deutsches Volkstum“ vor mehr als drei
2110 2411 3011 2482 Jahren erschienen sind. Der Herausgeber der
2127 2456 3006 2529 Zeitschrift, der deutsch=völkische Schriftsteller Dr.
2107 2501 3011 2576 Wilhelm Stapel, hat in seinen Angriffen den
2121 2562 3001 2625 beiden Klägern Geschäftspornographie und Un¬
2129 2609 3012 2675 sittlichkeit vorgeworfen. Er wies immer wieder
2126 2640 3012 2718 darauf hin, daß die Richter im Reigen=Prozeß das
2120 2693 3017 2776 Thema verschoben hätten, indem sie über die
2131 2745 3014 2821 Frage Kunst und Sittlichkeit, statt, wie es seiner
2127 2800 3012 2862 Meinung nach richtiger gewesen wäre, über das
2127 2851 2887 2934 Thema Kunst und Geschäft verhandelten.
2202 2915 3024 2985 Der Prozeß sollte bereits vor drei Jahren zur
2140 2960 3012 3023 Verhandlung kommen, aber Dr. Stapel verstand
2142 3009 3013 3087 es, den Termin immer wieder hinauszuschseben,
2148 3056 3029 3132 indem er sich wiederholt wegen Krankheit, Reisen
2142 3104 3021 3185 und konstiger Gründe entschuldigen ließ. Er be¬
2143 3157 3028 3223 antragte, daß auch Arthur Schnitzler in der
2142 3196 3033 3272 Angelegenheit vernommen—werdeEme #che
2156 3260 3028 3327 Vernehmung hat auch vor einiger Zeit in Wien
2141 3305 3034 3377 stattgefunden. Schnitzler sagte aber das Gegenteil
2150 3348 3031 3416 von dem, was Dr. Stapel erhofft hatte, vor den
2143 3417 2399 3487 Richtern aus.
2200 3462 3034 3542 In der Verhandlung, die morgen vor dem
2164 3515 3030 3588 Schössengericht des Amtsgerichts Berlin=Mitte
2158 3576 3031 3652 stattfindet, wird unter Umständen auch das ganze
2164 3615 3030 3690 „Reigen“=Probiem, das seinerzeit im „Reigen“¬
2154 3665 3035 3733 Prozeß zur Debatte stand, noch einmal aufgerollt
2153 3712 3036 3787 werden. Von der Vorladung von Zeugen und
2149 3769 2975 3846 Sachverständigen hat man zunächst abgesehen
