3336 4352
244 122 371 213 11.
430 131 760 228 Reigen
941 111 1361 202 box 17/6
1153 862 1342 949 Seite 9
1675 879 2060 966 Wien, Samstag
1095 983 2210 1064 Oesterreich nie erlebt worden, daß ein Minister
1101 1045 2200 1095 über den Kopf des Statthalters etwas angeordnet
1103 1089 2193 1151 hätte, was das Gesetz dem Statthalter vorbehält, und
1107 1141 2207 1191 Herr Glanz erfrecht sich der Anordnung über den
1098 1190 2197 1257 Kopf des Landeshauptmannes hinweg, der nicht, wie ein
1113 1235 2202 1299 Statthalter, ein ernannter Beamter, viel¬
1107 1287 2204 1343 mehr die von dem selbständigen Lande gewählte
1096 1332 2210 1401 Landsregierung ist! Einfach lächerlich ist
1107 1376 2192 1447 die Berufung auf die Paragraphen der neuen Ver¬
1102 1430 2200 1492 fassung, die in Wahrheit nur bestimmen, daß der
1103 1477 2197 1544 Landeshauptmann „in den Angelegenheiten der un¬
1097 1531 2195 1588 mittelbaren Bundesverwaltung an die Weisungen der
1092 1563 2207 1634 Bundesregierung gebunden ist“; zu der unmittelbaren
1104 1617 2211 1685 Bundesverwaltung gehört aber das Theaterwesen nicht
1103 1667 2199 1732 der Minister hat da also zu „Weisungen“ kein Recht,
1103 1714 2197 1780 Und selbst nach diesen Paragraphen kann der Minister
1094 1765 2190 1829 nur dem Landeshauptmann Weisungen geben, nicht
1103 1810 2194 1866 aber, diese Weisungen selbst wirksam machen. Des¬
1092 1855 2199 1910 halb hat Reumann den zudringlichen Minister an
1096 1903 2197 1964 die Grenzen seiner Befugnisse mit Recht erinnert
1103 1955 2175 2009 und mit Nachdruck erklärt, daß seine „Untersagung
1102 2009 2183 2067 ungesetzlich sei, weshalb der Magistrat beauf¬
1096 2051 2203 2123 tragt wird, mit der Durchführung des Glanzschen
1101 2095 2202 2156 Erlasses innezuhalten... Wenn ein Minister etwas
1103 2151 2201 2220 anordnet, wozu er kein Recht hat, ist der Landes¬
1093 2196 2194 2252 hauptmann nicht verpflichtet, die Anordnung zu be¬
1099 2247 2196 2320 achten. Der Landeshauptmann von Wien wird sie
1099 2285 1500 2360 auch nicht beachten.
1202 2323 2191 2416 Das ist die Rechtslage, und daraus geht hervor,
1097 2365 2201 2444 daß der Minister des Innern eine Gesetzverletzung
1090 2436 2181 2502 begangen hat, die einem bewußten Bruch der Bundes
1094 2496 2191 2558 verfassung gleichkommt. Die Sozialdemokraten sind über
1090 2541 2192 2611 fest entschlossen, die Rechte der Stadt Wien nicht an¬
1097 2584 1429 2660 tasten zu lassen.
1080 2697 1701 2804 Die Prodolation
1898 2688 1970 2809 hr
1287 2795 2005 2863 Die Debatte im Nationalrat.
1201 2840 2198 2927 Der Minister des Innern hat das klerikale Diktat
1080 2924 2190 2977 zu Ende gebracht und mit einem Erlaß an den Wiener
1087 2963 2175 3029 Magistrat die Zulassung der Aufführung des „Reigen“
1085 3017 2188 3071 von Arthur Schnitzler außer Kraft gesetzt und die
1089 3053 2186 3116 weitere Aufführung verboten. Dieser Vorstoß der
1091 3107 2188 3171 christlichsozialen Regierung gegen die Landesaukonomie
1082 3151 2184 3218 Wiens hat im Nationalrat seinen Widerhall in
1085 3207 2189 3269 einer Debatte gesunden, die durch die dring¬
1090 3243 2173 3315 liche Anfrage der Abgeordneten Leuthner und
1089 3299 2179 3360 Genossen hervorgerufen wurde und die von beftigen
1091 3340 2182 3393 Sturmszenen begleitet war. Aber diese Sturm¬
1093 3386 2179 3445 szenen, die sich bis zu Tätlichkeiten steigerten, haben—
1093 3439 2183 3498 und das muß ausdrücklich beiont werden — ihre
1080 3483 2179 3552 Wildheit nicht empfangen aus der Stimmung des
1079 3530 2188 3589 Hauses, sondern aus dem im höchsten Grade würdelosen
1089 3580 2184 3637 und zuchtlosen, ja geradezu ungezogenen Benehmen des
1081 3623 2185 3683 Ministers Glanz der mit dem rechten Uebereiser
1086 3671 2177 3745 des Bedienten der Christlichsozialen die Dreistigkeit
1095 3721 2185 3797 seines Erlasses durch die bewußte Dreistigkeit seiner
1088 3766 2186 3841 Rede noch überbot. Als der Abgeordnete Leuthner
1087 3815 2175 3885 die dringliche Anfrage begründete, ging die Bewegung
1088 3863 2171 3937 des Hauses nirgends über die natürlichen Aeußerungen
1089 3919 2175 3974 erregter Teilnahme und erregten Widerspruches hinaus.
1095 3957 2168 4021 Und Leuthner hat wahrlich in der Schärse des Aus¬
1086 4003 2170 4070 drucks, mit dem er das Charakterbild des Ministers
1086 4062 2170 4119 umriß, und in der drastischer. Entschiedenheit der Worte,
1091 4110 2140 4154 mit beien ir dhe Wa der Kbrilchigle
2256 3697 3267 3772 ün Wher UUhr u Inr Prirnemungen¬
2256 3765 3273 3806 Verfassung. Gs wird die Frage gestellt, ob der Minister 19
2253 3796 3248 3861 Znneres den verfassungswidrigen Erlaß über das Ver
2247 3842 3214 3904 der Aufführung des „Reigen“ sofort zurückziehen wolle.
2321 3878 3139 3960 Die Anfrage gelangte sofort zur Verhandlung.
2578 3933 3060 4004 Leutöner (Soz.)
2214 3968 3267 4048 führt aus, er wolls sich durchaus nicht in eine Diskufsten ###
2222 4039 3282 4092 sthetische oder eihische Fragen einlassen und ger nicht fragen
2219 4080 2364 4121 was der
2380 4079 3272 4129 „Reigen“ künstlezisch und rihisch bebeute. Wollte ma
2220 4111 2846 4182 -
