3532 4224
410 85 927 187 11. Reigen
1096 81 1527 179 box 18/2
1217 573 3012 759 Der „Reigen“ vor dem Strafrichier.
2127 747 3295 844 künstlerischen Wert erkannte. Nur aus den gewöhnlichen Grün¬
1146 760 1919 850 Der Reigen der „Reigen“-Prozesse.
2126 817 3294 874 den, wie sie sich aus dem Beteiebe eines gcohen Theaters er¬
1004 809 2105 902 Vor der 6. Strafkammer des Landgerichts III begann heute
2137 869 3303 928 geben, wurde der „Reigen“ von Reinhirdt nicht aufgeführt. Nach
939 879 2112 942 unter dem Vorsitz des Landgerichosdirektors Rennhausen der viel¬
2134 912 3299 971 der Uebernahme des Kleinen Schespielhauses erinnerte ich mich
939 924 2116 983 erörterte Kampf um Schnitzlers Reigen. Nach den vielfachen
2127 949 3295 1014 dessen und ich sagte mir: „Hier ist ein Werk das Erfolg ver¬
939 962 2107 1036 Skandalszenen im Kleinen Schauspielhause und den häufigen
2140 984 3300 1057 speicht, wil es eine Neuaufführung ist und Gelegenhelt bietet,
933 1002 2109 1064 Protesten seitens zahlreicher Kreise der Bevölkerung, die in zahl¬
2127 1037 3297 1095 den Vorwurf der Unzüchtigkeit, des dem auch nach moiner
941 1051 2111 1118 losen Eingaben behaupteten, an den Aufführungen des Reigene
2134 1076 3293 1144 Kenntnis verbotenen Buche „Der Reigen“ gemacht wurde,
933 1090 2104 1164 Aergernis genommen zu haben, hatten diese bekanntlich zur Folge,
2137 1124 3299 1188 niederzuschlagen. Ich habe der „Salome“ und dem
930 1131 2107 1204 daß gegen die Direktoren des Kleinen Schauspielhauses, Frau
2125 1164 3293 1231 „Erdgeist“ zum Siege verholfen, und zwar durch die Dezenz
925 1182 2113 1253 Gertrud Eysoldt und Maximilian Slad k, ferner gegen den
2134 1209 3296 1272 der Darstellung. Ich besitze also wohr ein Urteil und
936 1219 2107 1277 Spielleiter Josef Reusch und die mitwirkenden Schau¬
2132 1251 3300 1338 den Takt, über und für ein Werk, dis für mich voll und ganz
930 1260 2101 1332 spieler und Schauspielerinnen Anklage seitens der Staatsanwalt¬
2134 1293 2982 1369 ein vollendet künstterides Wers ist
939 1308 2107 1367 schaft erhoben wurde. Diese Anklage gelangte nunmehr heute zur
923 1350 2097 1421 Verhandlung und so gab das gesamte Ensemble, das bei den
2540 1353 2881 1443 eine sittliche Tat,
926 1392 2105 1461 Aufführungen des Reigen seinerzeit mitgewirkt hatte, ein un¬
924 1435 2109 1493 freiwilliges Gastspiel in dem Schwurgerichtssaale des Land¬
2119 1408 3293 1502 eine Erlösung“. Bezüglich der als überzählig und anstößig emp¬
926 1484 2105 1542 gerichts II im Moabiter Kriminalgericht. Als Verteidiger stan¬
2129 1484 3297 1547 fohlenen Musik erklärte Frau Eysoldt, daß sie bei den Pausen
2115 1528 3300 1610 nur etwas ablenken und zu der nächsten Szene überleiten sollte.
935 1528 2100 1594 den ihm die Rechtsanwälte Wolfgang Heine, Justizrat Dr.
2125 1571 2944 1639 Ueber ihren Wert könne sie nichts aussagen.
924 1568 2107 1643 Rosenberger und Neumond zur Seite, während eine große Reihe
2191 1602 3292 1682 Der Angeklagte Sladek erwähnte zunächst, daß er mit einem
923 1613 2094 1683 von bekannten Schriftstellern, Kritikern, Theaterdirektoren usw.,
2122 1644 3295 1729 Lächeln der Entrustung die Anklageschrift anfangs gelesen habe,
924 1656 2098 1725 darunter Gerhart Hauptmann, Dr. Ludwig Fulda, Alfred Kerr
2116 1700 3287 1762 da er in ihr auf eine Stufe mit Veranftaltern on Nackt¬
931 1707 2101 1779 u. a. als Sachverständige über die Frage unzüchtig oder nicht,
2126 1751 3291 1812 tänzern gestellt würde. Seine Erregung habe sich jevoch ge¬
930 1745 2098 1822 ihr Gutachten abgeben tollen. Was zu erwarten war, geschah.
2110 1787 3286 1849 legt, als er erkannte, daß der Staatsanwalt das Werkzeug und
922 1789 2102 1869 Auf Anregung des Rechtsanwalts Wolfgang Heine beschloß das
2119 1832 3284 1912 das Sprachrohr irregeleiteter Menschen gewesen sei. Er habe
920 1830 2088 1911 Gericht, das den Reigen als Aufführung noch nicht kannte, am
2126 1873 3291 1930 niemals irgend jemand zu einer unzüchtigen Hand¬
926 1881 2088 1957 morgigen Sonntag, mittags 12 Uhr, eine nichtöffentliche Separat¬
2116 1918 3284 1981 lung verleitet. Es handle sich um ein Kunstwerk
913 1918 2093 1997 Vorstellung zu veranstalten. An ihr sollen Gericht, Zeugen und
2117 1963 3290 2021 von höchster Bedeutung bei dem Reigen, dem in zahlveichen Arti¬
915 1965 2080 2037 Sachverständige teilnehmen. Auch der Presse wurde die An¬
915 2012 1269 2074 wesenheit gestattet.
2116 2007 3281 2064 keln das höchste Lob erteilt worden sei. Selbst das Landgericht III
2107 2051 3287 2116 habe es in einem idealen Aufschwung als eine „sittliche Tat“
997 2036 2089 2129 Der Eröffnungsbeschluß legt den angeklagten Schau¬
2108 2096 3284 2153 bezeichnet. Der „Reigen“ sei ohne Beanstandung eine ganze
901 2076 2084 2167 spielern und Schauspielerinnen fortgesetze Er¬
2106 2135 3279 2207 Zeit lang aufgeführt worden, bis die antisemitischen Krawalle
915 2140 2080 2212 regung öffentlichen Aergernisses durch Vornahme
2108 2184 3293 2242 einsetzten. Als die Tumulte, von denen er benachrichtig wurde,
913 2182 2078 2260 unüchtiger Handlungen, der Direktion des Kleinen Schauspiel¬
2102 2223 3278 2279 nicht gelangen, sei der Kübel von Haß über ihn aus¬
907 2222 2086 2307 hauses, Frau Gertrud Eysoldt und Maximilian Sladek,
2099 2261 2466 2320 gegossen worden.
2457 2270 3161 2329 Die Willensäußerung bezüglich
910 2266 2078 2349 Anstiftung zu diesen unzüchtigen Handlungen durch Ge¬
3199 2279 3285 2333 des
2111 2308 3279 2377 Nehmens des Aergernisses seien nur Schimpfworte
906 2310 2088 2392 währung von Vorteilen, Mißbrauch von Gewalt und sonstige
2106 2348 3277 2419 gewesen. Nach seiner Behauptung hat er mit größter
912 2353 2078 2432 Mittel, schließlich dem Spielleiter Schauspieler Josef Reusch
2102 2398 3278 2470 Schärfe auf den Proben dahin gesehen, daß niemals irgend¬
916 2402 2081 2468 wissentliche Beihilfe ur Last. Nach der Anklage sind sie be¬
2107 2445 3283 2504 eine Anstoß erregende Bewegung ausgeführt würde. Der An¬
902 2448 2082 2511 gangen durch die fortgesetzte Aufführung des „Reigen“ von
2109 2483 3280 2554 geklagte Slade“ legte dann im einzelnen dar, wie er die an¬
907 2487 2075 2580 Arthur Schnitzler, der im Deember 1920 aufgenommen und
2111 2526 2393 2590 fänglichen Bed
905 2529 1628 2590 bis zum 30. September d. J. stattfand.
2423 2538 3280 2592 #bezüglich der Aufführung zerstörte und
2105 2573 3278 2638 erörierte an #um des Buches die Streichungen, die von ihm
989 2576 2088 2650 Nach seiner Vorlesung beantragte Staatsanwaltschaftsrat
2105 2622 3275 2678 vorgenommen wurden, um die bedenklichsten kleinen Sätze aus¬
906 2614 2086 2694 v. Bradke den Ausschluß der Oeffentlichkeit, da erotische
2100 2661 2945 2730 zumerzen. So sei es dem Zuschauer später
907 2659 2084 2730 Dinge zur Aufklärung des Sachverhakts eingehend in einer Weise
907 2703 2078 2773 besprochen werden müssen, die eine Gefährdung der Sittlichkeit
2097 2710 3269 2798 nicht möglich gewesen, sich etwas Unsittliches dabei zu denken,
906 2744 2077 2822 bedeutete. Einem generellen Ausschuß widersprach Rechtsanwalt
908 2787 2085 2867 Wolfgang Heine in Uebereinstimmung mit den übrigen Verteidi¬
2098 2780 2506 2869 wenn er nicht wollte.
905 2837 2079 2911 gern, da alle wohl die nötige Gewandtheit besäßen, auch das
2174 2834 3269 2912 Ueber den materiellen Erfolg seitens des Staatsanwaltes
907 2881 2072 2943 erotische Gebot mit der erforderlichen Dezenz zu behandeln. Ins¬
2097 2888 3265 2950 befragt, erklärte Sladek daß er dank der unbezahr¬
905 2921 2071 2991 besondere trat Direktor Sladek dem Antrag auf Ausschluß ent¬
2100 2936 3274 2996 baren Reklame seitens des Staatsanwaltes
894 2968 2006 3034 gegen, da alle Angeklagte das dringende Bedürfnis hatten,
2098 2979 3277 3066 und des Kultusministeriums ausgezeichnete
1996 2988 2068 3037 alle
897 3010 2083 3080 Fragen öffentlich zu behandeln, um zu zeigen, daß sie nicht getan
2089 3021 2701 3076 Kassenerfolge erzielt habe.
901 3051 1996 3123 hätten, was das Licht der Oeffentlichkeit zu scheuen habe.
2167 3048 3271 3137 Gleich der Direktion erklärte sodann der wegen Beihilfe
1997 3071 2080 3125 Der
892 3093 2069 3176 Antrag wurde auch vom Gericht abgelehnt, da eine Gefähr¬
2091 3106 3268 3177 angeklagte Regisseur Reusch, daß das Stück der Reigen nicht als
895 3135 1716 3202 dung der Sittlichkeit nicht zu erwarten sei.
2084 3155 3261 3232 Sensationsangelegenheit, sondern als feinsinniges und durch¬
982 3175 2075 3249 Wie der Vorsitzende feststellt, hat wegen des gleichen Vergehens
2088 3196 2932 3248 geistigtes Kunstwerk dargestellt werden muß.
888 3218 2071 3295 bereits ein Verfahren gegen die Hauptangeklagten geschevebt. Es
2167 3226 3260 3309 Diesen drei Hauptangeklagten schlossen sich die Mitangeklag¬
890 3270 2064 3339 wurde jedoch von der 6. Straskammer des Landgerichts III aus
2087 3281 3267 3358 ten Darsteller und Darstellerinnen an, die es alle entschieden
894 3314 2074 3384 subjektiven Gründen eingestellt, da angenommen wurde, sie
2090 3331 3269 3397 zurückwiesen, daß sie sich bei der Art ihrer Darstellung einer
892 3358 2063 3431 seien sich im Anschluß an das Urteil des Zivilgerichts über den
2094 3380 3259 3439 unzüchtigen Handlung schuldig gemacht hätten. Bezüglich der
900 3404 1780 3467 =Reigen“ einer Anstiftung nicht bewußt gewesen.
2092 3413 3265 3478 Musik bemerkte der Angeklagte Forster=Larrinaga, daß er sie
984 3439 2076 3515 Bei ihrer Vernehmung lehnte Frau Eysoldt den Vornunf der
2089 3461 3263 3524 schon im Jahre 1907 komponiert habe, ohne den Schnitzlerschen
893 3468 2073 3576 Anstiftung zu einer unzüchtigen Handlung auf das entschiedenste
2079 3504 3247 3582 Reigen zu kennen. Er habe sie als tragischen Walzer komponiert.
892 3536 1836 3614 ab und legte in längeren geistvollen Ausführungen
2151 3543 2527 3617 Nunmehr wurde in
1209 3592 1772 3672 die rein künstlerischen Motive
2454 3596 2891 3691 die Zeugenvernehmung
891 3633 2059 3732 dar, von denen sie sich bei der Annahme und Aufftührung des
2091 3657 3259 3740 eingetreten und zunächst Geheimer Regierungsrat Professor
893 3706 2070 3777 Schnätzlerschen „Reigen“ habe leiten lassen. „Ich glaube,“ so be¬
2082 3722 3264 3789 Faßbender vernommen, der ausführte, daß er infolge der
893 3747 2067 3822 gann Frau Eysoldt einleitend, auf Grund meiner bisherigen
2088 3767 3252 3840 „intimen Verhältnisse", die sich auf der Bühne zeigten, Aerger¬
890 3797 2067 3866 künstlerischen Tätigkeit in der Lage zu sein, zu entscheiden,
2076 3812 3247 3880 nis genommen habe. — Nach ihm wurde noch Frau v. Braun¬
889 3838 2065 3903 was anzunehmen und wie etwas aufzuführen ist. Der
2075 3855 3245 3919 schweig als Zeugin gehört, die jedoch nicht das Stück gesehen,
886 3888 3244 3972 Schnitzlersche „Reigen“ war bereits von Max Reinhardt sondern nur als Vorsitzende von Frauenvereinen von Mitgliedern
888 3925 2699 4013 angenommen und sogar schon eingerichtet, da er dessen darüber unterrichtet worden war.
