3532 4096
366 114 440 200 11
1044 126 1466 225 box 18/2
530 136 860 219 —igen
519 640 1720 727 Titel „Liebesreigen“ behielt, der dem Sachverständigen zu
515 704 601 751 weit
647 704 737 767 ging,
616 710 655 745 300
1269 704 1379 756 darin
736 702 1248 757 da von Liebe nicht
1413 709 1619 757 die Rede
1618 710 1713 761 ist.
528 737 1086 797 In dem „Reigen“ liege eine
1154 738 1703 805 schwermütige Stimmung, und
523 770 1213 836 der Dichter sage nicht „das ist
1212 783 1708 837 schön", sondern „da habt
517 814 1701 875 Ihr die Bescherung, so geht es“. In den sexuellen Vorgängen
516 857 1699 912 erblickt Dr. Kerr keine Unzüchtigkeit, wenn auch von einer
529 897 1704 947 „Heiligkeit“ bei ihnen nichts zu spüren sei. Es sei heutzutage der
525 931 1702 983 Erwachsenen unwürdig und eine Heuchelei, so etwas als unzüchtig
517 969 1701 1021 anzusehen, wenn die Heiligkeit fortsiele. Dr. Kerr sucht dies des
516 1008 1705 1053 näheren darzulegen, weist nochmals auf das Melancholische im
519 1045 1705 1095 „Reigen“ hin, bestreitet den Anreiz zu unzüchtigen Handlungen
531 1073 1699 1133 und entkräftet den Vorwurf der unzulässigen Wiederholung der
520 1112 1692 1158 intimen Vorgänge durch die Erklärung, der Dichter habe seine Ab¬
529 1151 1698 1202 sicht, stets die gleiche Enttäuschung zu zeigen, gar nicht anders
520 1190 1693 1233 verwirklichen können. Angesichts unserer hohe Kulturleistungen
514 1224 1691 1281 hätten wir uns den Quark um das Ausland zu kümmern, zumal
516 1266 563 1309 3.
566 1261 1700 1311 B. ein Franzose, wie Voltair, den „Reigen“ eigentlich schon
530 1301 1691 1355 früher geschrieben habe. Im übrigen sei das Reich der Kunst
513 1338 1702 1388 keine Kinderstube. Es gilt unsere Kinder zu erziehen und zu
518 1376 1689 1421 ertüchtigen, daß sie durch solche Werke nicht verdorben warden
516 1409 646 1459 können.
578 1447 1687 1503 Die weiteren Sachverständigen Ludwig Sternaux, der den
512 1475 1690 1546 Reigen kulturhistorisch bewertet, in ihm ein Welt= und Zeitbild, eine
519 1512 1687 1578 Zeitsatire für spälere Geschlechter sieht, Dr. Herbert Ihering,
524 1557 1685 1603 Hachdorf, Hupfeld und Oberverwaltungsgerichtsrat Dr. Lin¬
524 1603 1687 1650 denau schließen sich im wesentlichen den Ausführungen Dr. Ludwig
515 1636 1684 1681 Juldas an. Dr. Lindenau wies noch darauf hin, daß er bei dem
525 1671 1693 1721 Publikum nichts von einer schwülen Erotik gespürt habe. Die
514 1707 1685 1757 Frage, wieso Schnitzler gerade so etwas geschrieben habe, beant¬
526 1752 1692 1796 worte sich vielleicht am besten dadurch, daß der Dichter Schnitzler
516 1782 1684 1833 Arzt sei, den das Beginnen und das Aufhören des Lebens natur¬
511 1815 918 1868 gemäß sehr interessiere.
561 1843 1683 1927 Die Verhandlung wurde darauf auf Sonnabend, 9 Uhr vor¬
508 1888 874 1955 mittags, vertagt.
564 1972 1634 2047 Das Altimatum der städtischen Arbeiter.
787 2038 1410 2124 Aufschiebung der Entscheidung.
562 2110 1677 2171 Die schwierige Situation, die durch den Beschluß der städtischen
507 2153 1681 2205 Funktionäre und Betriebsräte, dem Magistrat Berlin ein Ulti¬
509 2205 1686 2248 matum über die Auszahlung der Kinderbeihilfe zu stellen, ent¬
506 2240 1678 2293 standen war, hat jetzt eine Entspannung erfahren. Wie be¬
510 2288 1675 2340 reits gemeldet, traten die städtischen Funktionäre gestern mittag
514 2327 1674 2371 wieder im Gewerkschaftshaus zusammen, um einen endgültigen Be¬
498 2370 1673 2417 schluß zu fassen. Man entschloß sich jedoch im letzten Augenblick
515 2406 1674 2457 dazu, eine Entscheidung, die über die Köpfe der Gewerkschaften hin¬
500 2449 1679 2503 weg hätte gefaßt werden müssen, zu vermeiden. Vielmehr wurde
509 2491 1677 2533 das Lohnkartell beauftragt, mit dem Magistrat erneut Füh¬
499 2533 1677 2579 lung zu nehmen, um sobald als möglich dem Stadtparlament die
505 2571 1663 2627 erforderlichen Unterlagen über die neuen Forderungen der Arbeit
516 2610 1678 2662 nehmer überreichen zu können. Damit ist zunächst der brohende
501 2661 1672 2711 Konflikt beseitigt. Im übrigen hat sich das Lohnkartell
510 2700 1675 2747 bereits gestern nachmittag mit dem Magistrat in Verbindung ge¬
514 2740 1674 2789 setzt und eine Vorbesprechung abgehalten, an die sich in den
508 2786 1511 2832 nächsten Tagen weitere Konferenzen anschließen werden.
559 2850 1671 2929 Streik bei der Reichsversicherungsanstalt für Angestellte.
501 2909 1669 2966 Die etwa 3000 Personen umfassenden Beamten und Angestellten
507 2955 1539 3006 der Reichsversicherungsanstalt in Wilmersdo
1604 2962 1678 3010 sind
498 3004 1666 3055 gestern, wie uns der Verband dieser Beamten mitteilt, in den Aus¬
505 3040 1668 3096 stand getreten. Der Grund dieses Vorgehens soll in der noch nicht
501 3078 1669 3128 erfolgten Eingruppierung der Beamtenschaft in die Reichsboamten¬
502 3124 1674 3175 ordnung vom 30. April liegen. Bei der Abstimmung wurden von
505 3171 1674 3218 2963 Stimmen 2744 für die Niederlegung der Arbeit abgegeben.
498 3205 1669 3257 Auf eine Anfrage beim Tirektorium dieser Anstalt wird uns
498 3252 1662 3299 zur Sachlage mitgeteilt, daß vom Ministerium auf Grund des
499 3296 1674 3334 Sperrgesetzes gegen die Auszahlung der erhöhten
505 3331 1583 3394 Bezüge an die lebenslänglich angestellten Deamsen Ein####
500 3375 1666 3421 hoben worden ist, dagegen ist die Auszahlung der Beträge andie
502 3415 1667 3466 mit Kündigung angestellten Beamten bereits in die Wege geleitet.
497 3458 1663 3521 Ziffernmäßig betrifft die Bewegung etwa 900 lebenslänglich Ange¬
504 3504 1152 3561 stellte und etwa 2000 andere Beamte.
548 3531 1673 3599 Sittlichkeitsverbrechen an einem Schulmädchen. Das
490 3588 1667 3643 zwölfjährige Schulmädchen Erika Wolff, das gestern vom Schul¬
499 3642 1670 3688 besuch nicht zurückkehrte, wurde in einem Keller des Hauses
491 3681 1670 3730 Wagnerstraße 41 zu Lichtenberg gesesselt und geknebelt auf¬
491 3722 1666 3776 gefunden. Ein junger Mann, dessen Name noch nicht festgestellt
491 3762 1662 3809 werden konnte, befand sich bei dem Mädchen. Er wurde ver¬
484 3801 1671 3852 haftet, da der dringende Verdacht eines Sittlichkeits¬
497 3846 1666 3898 verbrechens gegen ihn besieht. Die Beamten des Polizeiamts
491 3888 1565 3943 Lichtenberg sind noch mit der Aufklärung des Falles beschäftigt.
1797 656 2869 778 Einführung der Stadtverordneken.
1799 757 2867 851 Die ersie Sitzung des neuen Berliner Stadtparlamenks.
1799 832 2918 893 In dem durch Stadtbaurat Ludwig Hoffmann erweiterten großen
1747 867 2910 944 Sitzungssaal der Berliner Stadtverordnetenversammlung fanden sich
1747 918 2920 986 gestern die Abgeordneten der Viermillionengemeinde zusammen, um
1744 966 2907 1033 durch den Oberbürgermeister in ihr zum Teil neues, zum Teil alt¬
1749 1010 2414 1074 gewohntes Amt eingeführt zu werden.
2039 1065 2621 1152 Oberbürgermeister Boeß
1738 1137 2563 1203 eröffnete die Sitzung mit folgender Ansprache:
1827 1169 2906 1234 Hochgeehrte Damen und Herren! Die ersten Wahlen zur
1778 1204 2916 1274 Stadtverordnetenversammlung des neuen Berlin haben am 30. Juni
1772 1256 2098 1307 1920 stattgefunden.
2150 1264 2913 1315 Sie wurden infolge Einspruchs durch Ent¬
1779 1296 2901 1353 scheidung des Oberverwaltungsgerichts vom 16 Juni 1921, alse
1770 1338 2903 1392 ungefähr ein Jahr später, für ungültig erklärt. Die Wahlen
1772 1375 2904 1424 vom 16. Oktober haben Sie, meine Damen und Herren,
1776 1409 2741 1456 durch das Vertrauen der Bürgerschaft in diesen
2782 1417 2910 1466 schönen,
2746 1415 2778 1449 □5
1766 1441 2901 1498 durch die geschickte Hand unseres Ludwig Hoffmann erweiterten Saal
1764 1486 2904 1539 geführt. Ermächtigt durch die Landesregierung und den Minister
1775 1526 2897 1574 des Innern, ist es meine Aufgabe, Sie in Ihr verentwortungs¬
1762 1559 2725 1609 und arbeitsvolles Amt einzuführen und zu verpflichten.
1822 1590 1907 1646 Es
1912 1597 2899 1646 wird der Verwaltung des neuen Berlin
1771 1632 2905 1687 nicht leicht gemacht, die ihm durch das Eingemeindungs¬
1760 1676 2901 1719 gesetz vom 27. April vorigen Jahres zugewiesenen Aufgaben
1770 1711 2907 1756 zu erfüllen, und wer den Wahlkampf verfolgt hat, möchte
1765 1748 2893 1799 glauben, daß es bei uns drunter und drüber geht. Und doch
1763 1787 2906 1841 meine Damen und Herren, wenn wir politisch unbefangenen Auges
1762 1819 2893 1872 prüfen, was bisher geleistet worden ist, so muß trotz manchen
1762 1867 2895 1914 „Wenn" und „Aber“ anerkannt werden, daß die Stadt sich
1761 1895 2904 1950 in der Zeiten Sturm und Graus wacker gehalten, daß
1764 1930 2892 1982 sie im Neuaufbau ihrer Verwaltung in der Zentrale und in der
1764 1970 2896 2023 Bezirken weit vorgeschritten ist. Gewiß ist es nur ein erstes
1763 2005 2892 2056 Handanlegen, das der Weiterdurcharbeitung bedarf, aber doch eine
1760 2040 2904 2094 Grundlage, die im wesentlichen bleiben kann und bleiben wird.
1767 2079 2905 2135 Es wird die Aufgabe der neuen Stadtverordneien sein, mit dem
1757 2118 2895 2164 Magistrat, den neuen Bezirksverordneten, mit den Bezirksämtern
1763 2154 2895 2209 die Organisation unserer Verwaltung in kürzester Frist zu voll¬
1764 2197 2901 2239 enden und ihr durch warmherziges Zusammenarbeiten im Geiste
1758 2229 2892 2297 der Selbstverwaltung Leben zu verleihen — zur Wohl¬
1756 2265 2328 2313 fahrt der gesamten Bürgerschaft.
1808 2291 2893 2350 Daß dieses Ziel — unbeeinträchtigt durch die Verschiedenartig¬
1762 2332 2366 2393 keit parteipolitischer Anschauungen
2446 2345 2893 2406 erreicht werden möge, ist
1762 2381 2891 2429 der aufrichtige und herzliche Wunsch, mit dem ich Sie, meine
1763 2416 2894 2472 Damen und Herren, beim Antritt Ihres Ehrenamtes begrüße.
1763 2451 2892 2510 Möge Ihre Tätigkeit in gleicher Weise das Ansehen des
1768 2489 2883 2551 Parlamentarismus und der Stadt Berlin stär
1755 2526 2159 2578 ken und fördern!
1767 2568 2898 2624 Nach diesem Hinweis auf das Ansehen des Parlamentarismus,
1719 2607 2888 2672 das in der alten Stadtverordnetenversammlung manchmal geschädigt
1718 2651 2880 2709 worden ist, fand die Verpflichtung durch Handschlag
1725 2691 2885 2751 tatt, die der Oberbürgermeister, auf der Treppe zu der Magistrats¬
1723 2737 2885 2789 ribüne stehend, vornahm, während Stadtrat Poetzsch die Namen der
1720 2774 2881 2842 326 Frauen und Männer der alphabetischen Reihenfolge nach auf¬
1711 2824 2889 2874 rief. Bei dem Aufruf des Namens Kuntze erhob sich auf der äußersten
1719 2863 2883 2929 Linken großer Lärm, vermischt mit dem Rufe „Knüppel¬
1719 2904 1978 2964 Kuntze!“
1979 2910 2767 2971 Mancher markante Charakterkopf von
2768 2911 2887 2965 einst
1713 2957 2894 3003 war nicht unter den Aufgerufenen. Vor allem fehlte
1715 2992 2883 3048 der Geheime Justizrat Cassel, den ein herbes Geschick
1717 3045 2884 3099 aus diesem Kreise gerissen hat, in dem er 34 Jahre lang wohl
1717 3078 2876 3133 die durch Temperament und Erscheinung hervorstechendste Persönlich¬
1715 3121 2877 3176 keit war. Sein ehemaliger Nachbar zur Linken ist wiedergekehrt,
1708 3167 2885 3228 der alte Geheimrat Dove, auch ein Charakterkopf, mit seinem weißen
1716 3208 2885 3271 Haar und Bart, der jetzt die Tradition der Berliner kommunalen
1706 3251 2872 3304 Demokratie in erster Linie hochhalten wird. Auch von den anderen
1715 3288 2871 3349 Parteien fehlt manche bekannte Gestalt, so besonders der Kommunist
1700 3336 2892 3393 Adolf Hofimann, der den Charakter der Verhandlungen durch seinen.
1714 3385 2868 3430 meist allzu drastischen Witz ebenso zu beeinflussen pflegte, wie das
1704 3421 2877 3469 äußere Bild der Versammlungen durch seine weiße Lowenmähne und
1708 3460 2873 3521 seinen auffallenden Knebelbart. Von den neuen Leuten fallen be¬
1712 3498 2881 3565 sonders einige Persönlichkeiten aus den früheren Vorortparlamenten
1706 3552 2868 3590 auf, so Professor Leidig und Professor Helmcke, die beiden Wilmers¬
1700 3589 2866 3655 dorfer Stadtverordneten, und der ehemalige Charlottenburger Stadt¬
1703 3628 2331 3691 verordnetenvorsteher Dr. Borchardt.
1754 3670 2877 3734 Als die Amtshandlung vorüber war, bestieg der Alters¬
1705 3719 2877 3775 präsident Pfannkuch die Tribüne, eigentlich nur, um die
1711 3769 2723 3831 Sitzung zu schließen und die nächste Sitzung anzuberaumen.
1750 3864 2862 3912 Das Unterwerk Belle=Alliance=Platz, das zum Betriebe der
1702 3891 2874 3968 Nord=Gudbahn notwendig ist und auf der Osthälfte des Platzes
1761 4010 1912 4069 Claudia
1913 4027 1947 4075 1
2949 678 3382 740 neben dem Untergrundba
2950 729 3364 776 den früheren Parkanlag
2953 767 3372 816 überraschend schnell we
2954 801 3341 859 tigen Fundamenten für
2952 839 3365 903 ein Teil der starken Sei
2961 892 3372 941 zen gegen das Grundn
2957 924 3374 988 stellungsweise durch Gu
2971 1029 3357 1118 Das Großfeue
3049 1093 3348 1183 (Telegramm
2998 1198 3374 1271 Der auf dem Militä
2954 1250 3370 1311 Brand war katostrophal.
2945 1292 3370 1353 motore und 28 Flug
2943 1335 3365 1410 auf 25 Millionen geschätzt
2940 1382 3216 1451 stiftung sein.
2990 1442 3322 1522 Kleine Rotizen.
2943 1490 3357 1561 Sendig ist wegen sei
2946 1535 3325 1595 Fremdenverkehrs zum
2946 1577 3072 1627 worden.
3198 1575 3369 1628 Kriminal
2948 1610 3362 1668 der Berliner Kriminalpol
2948 1654 3269 1705 silbernen Hochzeit.
2943 1692 3357 1743 dem Salondampfer „Wi
2941 1723 3362 1790 tag Fahrten nach der O
2999 1766 3339 1828 Die Geschworenen
2941 1814 3367 1870 gestern in Hirschberg i.
2934 1849 3352 1920 wird der bekannte Sch
2940 1897 3063 1960 zählen.
2987 1939 3371 2010 Ein Zweimastschon
2932 1998 3370 2056 Hamburger Zweimastscho
2937 2035 3364 2103 trunken, einer wurde ge
2995 2078 3338 2145 Hohe Fischpreise.
2945 2124 3356 2189 Kohlenknappheit, die viel
2932 2171 3337 2233 Folgen der verschiedenen
2933 2217 3332 2275 auf See, daneben auch
2941 2255 3304 2320 zusammen dahin, daß
2932 2298 3354 2362 knapp und bementsp
2931 2341 3363 2393 dürfte der heutige Fisch
2939 2387 3371 2444 herigen Rekords ge
2933 2433 3355 2480 bis auf 27 Mark das
2932 2466 3361 2527 auf 25 Mark, Seezung
2931 2508 3363 2581 kleineren Fischhändler, d
2932 2554 3132 2618 keine Ware.
2979 2598 3355 2660 Aus Nah und Fe
2933 2648 3357 2699 Jarmen in Borpommern
2924 2686 3357 2738 der Inspektor Weichar
2933 2717 3352 2774 Felten, angeblich, wei
2934 2763 3348 2810 habe. Der Täter wurd
2934 2794 3316 2852 hausen (Kyffhäuser)
2933 2829 3353 2891 vom Sturm neun Win
2979 2872 3324 2928 Ueber das Leipziger
2932 2912 3347 2972 wurde der Konkurs ers
3041 2993 3353 3082 Dreußisch=Sü
2960 3049 3356 3124 In der gestrigen Vory
2978 3101 3332 3151 2 Gewinne zu 900000
2979 3140 3188 3177 2 Gewinne zu
3184 3131 3274 3175 150
2976 3161 3336 3209 6 Gewinne zu 10000 2
2965 3194 3355 3252 10 Gewinne zu 5000 Mc
2950 3232 3349 3274 128 Gewinne zu 3000 Ma
2925 3264 3296 3310 37947 39172 53753 33238
2912 3292 3356 3345 81029 00893 94860 96977 98627
3125 3324 3232 3361 133020
2920 3322 3125 3359 145412 149118
2926 3352 3049 3387 701 14
3061 3331 3322 3402 709 184000 18770
3048 3379 3339 3427 58566 216935 2316s
2912 3378 3021 3466 1us.
2956 3443 3341 3507 In der Rachmittags
2974 3493 3322 3542 2 Gewinne zu 50000
2966 3527 3284 3568 2 Gewinne zu 1000
2963 3555 3339 3604 8 Gewinne zu 5000 M
2949 3587 3305 3630 140 Gewinne zu 3000
2921 3621 3323 3667 20752 24577 24616 28548 317
2917 3652 3318 3696 81813 91046 101548 106356
2916 3684 3301 3722 160366 163877 166528 1684
2912 3706 3227 3749 191276 206143 213189
3236 3715 3295 3748 2134
2914 3743 3113 3776 242258 250667
3231 3747 3321 3778 253852
3126 3746 3218 3776 253243
2914 3770 3010 3813 274499
3018 3773 3326 3820 279061 285605 288684
2960 3830 3309 3901 Wetterbericht. Zeitt
2908 3886 3350 3933 wiegend heiter, bei mößi,
2913 3914 3347 3978 in den Mittagsstunden Fro
