<?xml version="1.0" encoding="UTF-8" standalone="yes"?>
<PcGts xmlns="http://schema.primaresearch.org/PAGE/gts/pagecontent/2013-07-15" xmlns:xsi="http://www.w3.org/2001/XMLSchema-instance" xsi:schemaLocation="http://schema.primaresearch.org/PAGE/gts/pagecontent/2013-07-15 http://schema.primaresearch.org/PAGE/gts/pagecontent/2013-07-15/pagecontent.xsd">
    <Metadata>
        <Creator>prov=University of Rostock/Institute of Mathematics/CITlab/Gundram Leifert/gundram.leifert@uni-rostock.de:name=ONB_Newseye_GT_M1+(htr_id=10810)::::v=2.4.3
prov=University of Rostock/Institute of Mathematics/CITlab/Tobias Gruening/tobias.gruening@uni-rostock.de:name=de.uros.citlab.module.baseline2polygon.B2PSeamMultiOriented:v=2.4.3
prov=University of Rostock/Institute of Mathematics/CITlab/Tobias Gruening/tobias.gruening@uni-rostock.de:name=/net_tf/LA73_249_0mod360.pb:de.uros.citlab.segmentation.CITlab_LA_ML:v=2.4.3
Transkribus</Creator>
        <Created>2019-10-07T11:41:44.914+02:00</Created>
        <LastChange>2019-12-05T01:33:27.364+01:00</LastChange>
        <TranskribusMetadata docId="223982" pageId="9505621" pageNr="966" tsid="20421475" status="IN_PROGRESS" userId="40391" imgUrl="https://files.transkribus.eu/Get?id=SKAPFSDGUXJLZXZPAFRIJPMH&amp;fileType=view" xmlUrl="https://files.transkribus.eu/Get?id=JQQOGYUHWZWDAEXVUSNIKWYU" imageId="6195835"/>
    </Metadata>
    <Page imageFilename="223982_0966.jpeg" imageWidth="3436" imageHeight="4256">
        <ReadingOrder>
            <OrderedGroup id="ro_1711448768237" caption="Regions reading order">
                <RegionRefIndexed index="0" regionRef="r1"/>
                <RegionRefIndexed index="1" regionRef="r2"/>
                <RegionRefIndexed index="2" regionRef="r3"/>
            </OrderedGroup>
        </ReadingOrder>
        <TextRegion orientation="0.0" id="r1" custom="readingOrder {index:0;}">
            <Coords points="304,105 304,258 418,258 418,105"/>
            <TextLine id="r1l1" custom="readingOrder {index:0;}">
                <Coords points="296,219 359,220 369,215 380,225 387,222 409,241 415,237 427,241 426,134 365,148 348,147 327,129 296,138"/>
                <Baseline points="304,208 332,205 361,205 389,206 418,206"/>
                <TextEquiv>
                    <Unicode>11</Unicode>
                </TextEquiv>
            </TextLine>
            <TextEquiv>
                <Unicode>11</Unicode>
            </TextEquiv>
        </TextRegion>
        <TextRegion orientation="0.0" id="r2" custom="readingOrder {index:1;}">
            <Coords points="501,118 501,273 810,273 810,118"/>
            <TextLine id="r2l1" custom="readingOrder {index:0;}">
                <Coords points="492,227 543,227 559,241 597,227 667,237 703,228 730,247 768,235 819,243 819,171 803,175 789,161 713,171 594,138 552,147 493,138"/>
                <Baseline points="501,218 526,220 552,221 578,221 604,221 629,221 655,221 681,221 707,221 732,221 758,221 784,222 810,223"/>
                <TextEquiv>
                    <Unicode>Reigen</Unicode>
                </TextEquiv>
            </TextLine>
            <TextEquiv>
                <Unicode>Reigen</Unicode>
            </TextEquiv>
        </TextRegion>
        <TextRegion orientation="0.0" id="r3" custom="readingOrder {index:2;}">
            <Coords points="1012,176 1012,3322 2653,3322 2653,176"/>
            <TextLine id="r3l1" custom="readingOrder {index:0;}">
                <Coords points="1004,218 1040,231 1068,210 1110,210 1166,232 1201,214 1255,215 1277,231 1363,228 1396,244 1417,240 1418,150 1351,140 1269,152 1247,140 1229,155 1149,153 1098,170 1072,144 1004,136"/>
                <Baseline points="1012,205 1038,205 1064,206 1091,206 1117,207 1144,207 1170,208 1196,208 1223,208 1249,208 1276,208 1302,208 1328,208 1355,208 1381,208 1408,207"/>
                <TextEquiv>
                    <Unicode>box 18/2</Unicode>
                </TextEquiv>
            </TextLine>
            <TextLine id="r3l2" custom="readingOrder {index:1;}">
                <Coords points="1407,832 2662,847 2661,746 2628,739 2421,737 2314,786 2173,748 1407,753"/>
                <Baseline points="1415,824 1476,821 1538,818 1600,817 1662,815 1724,814 1786,814 1848,813 1910,813 1972,813 2034,813 2095,814 2157,814 2219,815 2281,815 2343,816 2405,817 2467,817 2529,818 2591,818 2653,818"/>
                <TextEquiv>
                    <Unicode>THE ENGLISH REVIEW Gpen</Unicode>
                </TextEquiv>
            </TextLine>
            <TextLine id="r3l3" custom="readingOrder {index:2;}">
                <Coords points="1082,927 2453,914 2473,838 1081,889"/>
                <Baseline points="1090,920 1158,920 1227,919 1296,918 1365,917 1434,916 1502,915 1571,913 1640,912 1709,911 1778,909 1846,907 1915,906 1984,904 2053,903 2122,901 2190,899 2259,898 2328,897 2397,896 2466,894"/>
                <TextEquiv>
                    <Unicode>advantage, however. Sudermann’s mechanics and in¬</Unicode>
                </TextEquiv>
            </TextLine>
            <TextLine id="r3l4" custom="readingOrder {index:3;}">
                <Coords points="2537,978 2552,975 2560,979 2567,972 2579,978 2588,973 2597,981 2642,976 2646,899 2613,906 2596,893 2585,891 2575,880 2567,883 2557,872 2543,872"/>
                <Baseline points="2548,957 2577,958 2606,961 2635,960"/>
                <TextEquiv>
                    <Unicode>2</Unicode>
                </TextEquiv>
            </TextLine>
            <TextLine id="r3l5" custom="readingOrder {index:4;}">
                <Coords points="1087,987 2484,957 2483,915 2399,904 1086,929"/>
                <Baseline points="1096,976 1168,975 1241,973 1313,972 1386,971 1458,970 1531,969 1604,967 1676,966 1749,965 1821,964 1894,962 1966,961 2039,959 2112,958 2184,956 2257,955 2329,953 2402,951 2475,949"/>
                <TextEquiv>
                    <Unicode>sincerities were never revealed in a more pitiable light than</Unicode>
                </TextEquiv>
            </TextLine>
            <TextLine id="r3l6" custom="readingOrder {index:5;}">
                <Coords points="1084,1039 2490,1018 2458,956 1083,983"/>
                <Baseline points="1092,1033 1161,1032 1230,1030 1300,1029 1369,1028 1439,1027 1508,1026 1578,1024 1647,1023 1717,1022 1786,1020 1855,1019 1925,1017 1994,1016 2064,1014 2133,1013 2203,1011 2272,1010 2342,1008 2411,1006 2481,1005"/>
                <TextEquiv>
                    <Unicode>in the State Theatre revival of Das Glück im Winkel,</Unicode>
                </TextEquiv>
            </TextLine>
            <TextLine id="r3l7" custom="readingOrder {index:6;}">
                <Coords points="1087,1105 2110,1098 2474,1068 2473,1019 1086,1058"/>
                <Baseline points="1095,1087 1163,1087 1232,1086 1300,1085 1369,1084 1437,1083 1506,1082 1574,1080 1643,1079 1711,1077 1780,1076 1848,1075 1917,1073 1985,1071 2054,1070 2122,1068 2191,1067 2259,1065 2328,1064 2396,1062 2465,1061"/>
                <TextEquiv>
                    <Unicode>where the lover’s passion is allowed to sweep the old school¬</Unicode>
                </TextEquiv>
            </TextLine>
            <TextLine id="r3l8" custom="readingOrder {index:7;}">
                <Coords points="1090,1165 2461,1133 2482,1069 1088,1111"/>
                <Baseline points="1098,1145 1166,1144 1235,1143 1304,1142 1373,1140 1442,1139 1510,1138 1579,1136 1648,1135 1717,1133 1786,1132 1854,1131 1923,1129 1992,1127 2061,1126 2130,1124 2198,1123 2267,1121 2336,1119 2405,1118 2474,1116"/>
                <TextEquiv>
                    <Unicode>master’s wife off her balance, and then, at her critical</Unicode>
                </TextEquiv>
            </TextLine>
            <TextLine id="r3l9" custom="readingOrder {index:8;}">
                <Coords points="1079,1203 2470,1200 2492,1133 1078,1159"/>
                <Baseline points="1088,1200 1157,1199 1227,1198 1297,1197 1367,1196 1436,1194 1506,1193 1576,1191 1646,1190 1715,1188 1785,1187 1855,1185 1925,1184 1994,1182 2064,1180 2134,1179 2204,1178 2273,1176 2343,1175 2413,1174 2483,1172"/>
                <TextEquiv>
                    <Unicode>moment, is defeated bythe sentimentality of the dried-un</Unicode>
                </TextEquiv>
            </TextLine>
            <TextLine id="r3l10" custom="readingOrder {index:9;}">
                <Coords points="1089,1289 2331,1247 2329,1184 1087,1209"/>
                <Baseline points="1097,1255 1158,1255 1219,1254 1280,1252 1341,1251 1403,1250 1464,1249 1525,1248 1586,1246 1647,1245 1709,1244 1770,1243 1831,1241 1892,1240 1953,1239 2015,1238 2076,1236 2137,1235 2198,1234 2259,1233 2321,1232"/>
                <TextEquiv>
                    <Unicode>husband’s plea for respectability and the children!</Unicode>
                </TextEquiv>
            </TextLine>
            <TextLine id="r3l11" custom="readingOrder {index:10;}">
                <Coords points="1180,1331 2160,1312 2240,1273 2424,1312 2495,1289 2494,1218 2371,1253 1179,1267"/>
                <Baseline points="1188,1310 1252,1309 1317,1307 1382,1306 1447,1305 1512,1303 1577,1303 1642,1301 1707,1301 1772,1299 1837,1298 1901,1297 1966,1296 2031,1295 2096,1293 2161,1292 2226,1290 2291,1289 2356,1287 2421,1284 2486,1282"/>
                <TextEquiv>
                    <Unicode>Of course, there is the more popular' type of</Unicode>
                </TextEquiv>
            </TextLine>
            <TextLine id="r3l12" custom="readingOrder {index:11;}">
                <Coords points="1090,1393 2152,1339 2493,1368 2491,1295 1088,1324"/>
                <Baseline points="1099,1369 1168,1368 1237,1366 1306,1364 1376,1363 1445,1361 1514,1360 1583,1358 1653,1356 1722,1355 1791,1354 1860,1352 1930,1351 1999,1349 2068,1348 2137,1346 2207,1345 2276,1343 2345,1342 2414,1340 2484,1338"/>
                <TextEquiv>
                    <Unicode>play, such as The American Girl and Potask and</Unicode>
                </TextEquiv>
            </TextLine>
            <TextLine id="r3l13" custom="readingOrder {index:12;}">
                <Coords points="1091,1430 2330,1421 2473,1408 2486,1357 1090,1391"/>
                <Baseline points="1099,1423 1171,1421 1244,1420 1316,1418 1389,1416 1461,1415 1534,1414 1607,1412 1679,1411 1752,1409 1824,1408 1897,1406 1969,1405 2042,1403 2115,1402 2187,1400 2260,1399 2332,1397 2405,1395 2478,1394"/>
                <TextEquiv>
                    <Unicode>Berlmatter but only out in the respectable Charlotten¬</Unicode>
                </TextEquiv>
            </TextLine>
            <TextLine id="r3l14" custom="readingOrder {index:13;}">
                <Coords points="1104,1503 2356,1476 2494,1461 2493,1409 1102,1430"/>
                <Baseline points="1112,1477 1180,1476 1249,1475 1317,1474 1386,1472 1455,1471 1523,1470 1592,1469 1661,1467 1729,1466 1798,1465 1867,1463 1935,1462 2004,1461 2073,1459 2141,1457 2210,1456 2279,1454 2347,1453 2416,1451 2485,1449"/>
                <TextEquiv>
                    <Unicode>burg district can be found one of those pieces for</Unicode>
                </TextEquiv>
            </TextLine>
            <TextLine id="r3l15" custom="readingOrder {index:14;}">
                <Coords points="1099,1542 2385,1539 2500,1516 2499,1464 1098,1504"/>
                <Baseline points="1108,1532 1177,1531 1246,1530 1315,1529 1384,1528 1453,1526 1522,1525 1591,1523 1660,1522 1729,1521 1799,1519 1868,1518 1937,1516 2006,1515 2075,1514 2144,1512 2213,1511 2282,1510 2351,1508 2420,1507 2490,1505"/>
                <TextEquiv>
                    <Unicode>which Berlin is supposed to be notorious, although it</Unicode>
                </TextEquiv>
            </TextLine>
            <TextLine id="r3l16" custom="readingOrder {index:15;}">
                <Coords points="1106,1597 2477,1569 2476,1525 2275,1515 1105,1543"/>
                <Baseline points="1114,1588 1181,1586 1249,1585 1317,1584 1384,1583 1452,1582 1520,1581 1587,1579 1655,1578 1723,1576 1791,1575 1858,1574 1926,1572 1994,1571 2061,1570 2129,1568 2197,1567 2264,1566 2332,1565 2400,1563 2468,1562"/>
                <TextEquiv>
                    <Unicode>called forth much indignant protest at its first per¬</Unicode>
                </TextEquiv>
            </TextLine>
            <TextLine id="r3l17" custom="readingOrder {index:16;}">
                <Coords points="1106,1650 2397,1641 2488,1631 2487,1571 1105,1597"/>
                <Baseline points="1114,1642 1182,1641 1250,1640 1318,1639 1387,1638 1455,1637 1523,1636 1591,1635 1660,1633 1728,1632 1796,1631 1864,1629 1933,1628 2001,1626 2069,1625 2137,1624 2206,1622 2274,1621 2342,1620 2410,1619 2479,1617"/>
                <TextEquiv>
                    <Unicode>formances. This is Reigen (Dhe Circke) by Arthur</Unicode>
                </TextEquiv>
            </TextLine>
            <TextLine id="r3l18" custom="readingOrder {index:17;}">
                <Coords points="1105,1725 2467,1687 2494,1623 1103,1650"/>
                <Baseline points="1113,1699 1181,1697 1250,1696 1319,1695 1387,1693 1456,1692 1525,1691 1593,1689 1662,1688 1731,1686 1800,1685 1868,1684 1937,1682 2006,1681 2074,1679 2143,1678 2212,1677 2280,1675 2349,1674 2418,1672 2487,1671"/>
                <TextEquiv>
                    <Unicode>Schnitzler. For many years the author himself refusedto</Unicode>
                </TextEquiv>
            </TextLine>
            <TextLine id="r3l19" custom="readingOrder {index:18;}">
                <Coords points="1104,1777 1699,1767 1798,1725 2507,1748 2483,1679 1103,1717"/>
                <Baseline points="1112,1754 1181,1752 1250,1751 1319,1750 1389,1749 1458,1748 1527,1746 1597,1745 1666,1743 1735,1742 1805,1740 1874,1739 1943,1738 2012,1736 2082,1735 2151,1734 2220,1733 2290,1731 2359,1730 2428,1729 2498,1728"/>
                <TextEquiv>
                    <Unicode>permit the play to be staged. Financial considerations, we</Unicode>
                </TextEquiv>
            </TextLine>
            <TextLine id="r3l20" custom="readingOrder {index:19;}">
                <Coords points="1105,1817 2367,1822 2501,1795 2500,1743 1104,1777"/>
                <Baseline points="1114,1810 1182,1808 1251,1807 1320,1805 1389,1804 1458,1802 1527,1801 1596,1800 1665,1799 1734,1798 1803,1796 1871,1795 1940,1794 2009,1793 2078,1792 2147,1790 2216,1789 2285,1788 2354,1786 2423,1785 2492,1783"/>
                <TextEquiv>
                    <Unicode>are told, have made possible its presentation twenty years</Unicode>
                </TextEquiv>
            </TextLine>
            <TextLine id="r3l21" custom="readingOrder {index:20;}">
                <Coords points="1104,1878 1193,1880 1233,1861 1303,1882 1406,1862 1453,1882 1502,1865 1565,1876 1591,1867 1590,1818 1183,1815 1103,1838"/>
                <Baseline points="1113,1865 1139,1865 1165,1865 1191,1864 1217,1864 1243,1863 1269,1862 1295,1861 1321,1861 1347,1860 1373,1859 1399,1858 1425,1857 1451,1857 1477,1857 1503,1856 1529,1856 1555,1856 1581,1857"/>
                <TextEquiv>
                    <Unicode>after it was written.</Unicode>
                </TextEquiv>
            </TextLine>
            <TextLine id="r3l22" custom="readingOrder {index:21;}">
                <Coords points="1182,1935 2503,1902 2457,1850 2170,1834 2047,1875 1959,1845 1181,1882"/>
                <Baseline points="1191,1918 1256,1917 1321,1916 1386,1915 1451,1913 1516,1912 1581,1911 1647,1910 1712,1909 1777,1908 1842,1906 1907,1905 1972,1904 2037,1903 2103,1902 2168,1900 2233,1899 2298,1898 2363,1897 2428,1895 2494,1894"/>
                <TextEquiv>
                    <Unicode>Reigen is truly an amazing production. There are ten</Unicode>
                </TextEquiv>
            </TextLine>
            <TextLine id="r3l23" custom="readingOrder {index:22;}">
                <Coords points="1103,1988 2475,1975 2500,1912 1102,1939"/>
                <Baseline points="1112,1977 1181,1975 1250,1974 1319,1972 1388,1971 1457,1969 1526,1968 1595,1967 1664,1965 1733,1964 1802,1963 1871,1961 1940,1960 2009,1959 2078,1958 2147,1956 2216,1955 2285,1954 2354,1952 2423,1951 2492,1950"/>
                <TextEquiv>
                    <Unicode>scenes, or episodes, each exhibiting the sexual promiscuity</Unicode>
                </TextEquiv>
            </TextLine>
            <TextLine id="r3l24" custom="readingOrder {index:23;}">
                <Coords points="1111,2041 2479,2026 2508,1966 1110,1993"/>
                <Baseline points="1119,2031 1188,2030 1257,2028 1326,2027 1395,2025 1464,2024 1533,2023 1602,2022 1671,2020 1740,2019 1809,2018 1878,2017 1947,2015 2016,2014 2085,2013 2154,2012 2223,2010 2292,2009 2361,2008 2430,2006 2499,2005"/>
                <TextEquiv>
                    <Unicode>of men and women. When the curtain rises we see a street</Unicode>
                </TextEquiv>
            </TextLine>
            <TextLine id="r3l25" custom="readingOrder {index:24;}">
                <Coords points="1110,2107 2272,2088 2507,2075 2507,2035 1109,2041"/>
                <Baseline points="1119,2087 1191,2085 1264,2083 1336,2082 1409,2080 1481,2079 1554,2077 1627,2076 1699,2075 1772,2074 1844,2072 1917,2071 1989,2070 2062,2069 2135,2067 2207,2066 2280,2065 2352,2064 2425,2062 2498,2060"/>
                <TextEquiv>
                    <Unicode>prostitute accosting and bargaining with a soldier, who</Unicode>
                </TextEquiv>
            </TextLine>
            <TextLine id="r3l26" custom="readingOrder {index:25;}">
                <Coords points="1111,2156 2463,2142 2510,2131 2509,2076 1110,2107"/>
                <Baseline points="1120,2142 1189,2140 1258,2139 1327,2137 1396,2136 1465,2135 1534,2133 1603,2132 1672,2131 1741,2129 1811,2128 1880,2127 1949,2126 2018,2125 2087,2123 2156,2122 2225,2121 2294,2120 2363,2119 2432,2117 2502,2116"/>
                <TextEquiv>
                    <Unicode>retires with her into the shadow of a railway arch. The</Unicode>
                </TextEquiv>
            </TextLine>
            <TextLine id="r3l27" custom="readingOrder {index:26;}">
                <Coords points="1113,2216 2495,2184 2432,2122 1112,2153"/>
                <Baseline points="1121,2197 1189,2196 1257,2195 1325,2194 1394,2192 1462,2191 1530,2190 1598,2189 1667,2187 1735,2186 1803,2184 1871,2183 1940,2181 2008,2180 2076,2178 2144,2177 2213,2176 2281,2175 2349,2174 2417,2173 2486,2172"/>
                <TextEquiv>
                    <Unicode>thunder of a passing train overhead symbolises their im¬</Unicode>
                </TextEquiv>
            </TextLine>
            <TextLine id="r3l28" custom="readingOrder {index:27;}">
                <Coords points="1115,2269 2460,2247 2515,2185 1114,2215"/>
                <Baseline points="1124,2252 1193,2251 1262,2250 1331,2249 1400,2248 1469,2246 1538,2245 1607,2243 1676,2242 1745,2240 1815,2239 1884,2237 1953,2236 2022,2235 2091,2234 2160,2233 2229,2232 2298,2231 2367,2230 2436,2229 2506,2229"/>
                <TextEquiv>
                    <Unicode>mediate relationship. They return to the stage, the</Unicode>
                </TextEquiv>
            </TextLine>
            <TextLine id="r3l29" custom="readingOrder {index:28;}">
                <Coords points="1120,2315 2387,2310 2498,2296 2497,2240 1119,2272"/>
                <Baseline points="1128,2308 1196,2307 1264,2305 1332,2304 1400,2303 1468,2301 1536,2300 1604,2299 1672,2297 1740,2296 1808,2295 1876,2294 1944,2293 2012,2291 2080,2290 2148,2289 2216,2288 2284,2287 2352,2286 2420,2285 2489,2284"/>
                <TextEquiv>
                    <Unicode>soldier, like all the men in the succee ling episodes, ex¬</Unicode>
                </TextEquiv>
            </TextLine>
            <TextLine id="r3l30" custom="readingOrder {index:29;}">
                <Coords points="1121,2371 2502,2358 2500,2285 1120,2319"/>
                <Baseline points="1130,2364 1198,2363 1266,2361 1334,2360 1402,2358 1470,2357 1538,2356 1607,2354 1675,2353 1743,2352 1811,2350 1879,2349 1947,2348 2015,2346 2084,2345 2152,2344 2220,2343 2288,2341 2356,2340 2424,2339 2493,2337"/>
                <TextEquiv>
                    <Unicode>hibiting every sign of satiety and of contempt at a trivi¬</Unicode>
                </TextEquiv>
            </TextLine>
            <TextLine id="r3l31" custom="readingOrder {index:30;}">
                <Coords points="1125,2434 2510,2403 2509,2357 2251,2349 1124,2371"/>
                <Baseline points="1134,2421 1202,2419 1270,2417 1339,2415 1407,2414 1475,2412 1544,2411 1612,2410 1680,2408 1749,2407 1817,2406 1885,2404 1954,2403 2022,2402 2090,2401 2159,2400 2227,2398 2295,2397 2364,2395 2432,2394 2501,2393"/>
                <TextEquiv>
                    <Unicode>ality, the woman every sign that she regards the occurrence</Unicode>
                </TextEquiv>
            </TextLine>
            <TextLine id="r3l32" custom="readingOrder {index:31;}">
                <Coords points="1124,2498 2476,2465 2501,2407 1122,2435"/>
                <Baseline points="1132,2476 1200,2474 1268,2473 1336,2471 1404,2470 1472,2468 1540,2467 1608,2465 1676,2463 1744,2462 1812,2461 1880,2459 1948,2458 2016,2457 2084,2455 2152,2454 2220,2453 2288,2452 2356,2451 2424,2450 2493,2449"/>
                <TextEquiv>
                    <Unicode>as of importance. The next scene is between the soldier</Unicode>
                </TextEquiv>
            </TextLine>
            <TextLine id="r3l33" custom="readingOrder {index:32;}">
                <Coords points="1121,2550 2493,2533 2512,2454 1120,2502"/>
                <Baseline points="1129,2529 1197,2528 1266,2527 1335,2526 1404,2524 1473,2523 1541,2521 1610,2520 1679,2518 1748,2517 1817,2515 1885,2514 1954,2513 2023,2512 2092,2510 2161,2510 2229,2509 2298,2508 2367,2508 2436,2508 2505,2508"/>
                <TextEquiv>
                    <Unicode>and a housemaid, the third between the maid and the young</Unicode>
                </TextEquiv>
            </TextLine>
            <TextLine id="r3l34" custom="readingOrder {index:33;}">
                <Coords points="1119,2597 2344,2584 2523,2570 2523,2530 1118,2549"/>
                <Baseline points="1128,2586 1197,2584 1266,2582 1336,2581 1405,2579 1474,2578 1544,2576 1613,2575 1682,2573 1752,2572 1821,2571 1890,2570 1960,2568 2029,2567 2098,2566 2168,2565 2237,2565 2306,2564 2376,2563 2445,2562 2515,2562"/>
                <TextEquiv>
                    <Unicode>master at the house where she is employed, and so on,</Unicode>
                </TextEquiv>
            </TextLine>
            <TextLine id="r3l35" custom="readingOrder {index:34;}">
                <Coords points="1122,2665 2519,2637 2518,2567 1120,2595"/>
                <Baseline points="1130,2641 1199,2639 1268,2637 1337,2636 1406,2634 1475,2633 1544,2631 1613,2630 1682,2629 1751,2628 1820,2626 1889,2625 1958,2624 2027,2623 2096,2622 2165,2621 2234,2620 2303,2619 2372,2618 2441,2617 2510,2616"/>
                <TextEquiv>
                    <Unicode>through the sordidness and glitter of the varying grades of</Unicode>
                </TextEquiv>
            </TextLine>
            <TextLine id="r3l36" custom="readingOrder {index:35;}">
                <Coords points="1116,2709 2520,2675 2519,2637 2423,2623 1115,2664"/>
                <Baseline points="1124,2696 1193,2694 1262,2693 1332,2691 1401,2690 1470,2688 1540,2687 1609,2686 1678,2684 1748,2683 1817,2682 1886,2681 1956,2679 2025,2678 2094,2677 2164,2676 2233,2675 2302,2674 2372,2673 2441,2671 2511,2670"/>
                <TextEquiv>
                    <Unicode>relationship, until finally the circle is completed with an</Unicode>
                </TextEquiv>
            </TextLine>
            <TextLine id="r3l37" custom="readingOrder {index:36;}">
                <Coords points="1122,2758 2516,2727 2505,2678 1121,2707"/>
                <Baseline points="1130,2750 1198,2749 1267,2747 1336,2745 1405,2744 1474,2742 1543,2741 1612,2740 1681,2738 1750,2737 1819,2736 1887,2735 1956,2734 2025,2733 2094,2732 2163,2731 2232,2730 2301,2729 2370,2728 2439,2727 2508,2726"/>
                <TextEquiv>
                    <Unicode>incident between a high official and the street prostitute of</Unicode>
                </TextEquiv>
            </TextLine>
            <TextLine id="r3l38" custom="readingOrder {index:37;}">
                <Coords points="1125,2815 2518,2798 2485,2732 1125,2770"/>
                <Baseline points="1134,2806 1202,2804 1271,2803 1340,2802 1409,2800 1477,2799 1546,2798 1615,2796 1684,2795 1752,2794 1821,2792 1890,2791 1959,2790 2027,2789 2096,2788 2165,2787 2234,2786 2302,2785 2371,2784 2440,2783 2509,2783"/>
                <TextEquiv>
                    <Unicode>the opening scene. The dialogue is brilliant throughout,</Unicode>
                </TextEquiv>
            </TextLine>
            <TextLine id="r3l39" custom="readingOrder {index:38;}">
                <Coords points="1124,2881 2518,2854 2494,2790 1123,2816"/>
                <Baseline points="1133,2862 1201,2861 1270,2859 1339,2857 1408,2856 1477,2854 1545,2853 1614,2851 1683,2850 1752,2849 1821,2847 1889,2846 1958,2845 2027,2844 2096,2843 2165,2842 2233,2841 2302,2840 2371,2840 2440,2839 2509,2838"/>
                <TextEquiv>
                    <Unicode>and the. serious purpose of the play well and delicately</Unicode>
                </TextEquiv>
            </TextLine>
            <TextLine id="r3l40" custom="readingOrder {index:39;}">
                <Coords points="1133,2929 2471,2918 2515,2851 1132,2887"/>
                <Baseline points="1142,2918 1210,2916 1278,2914 1346,2913 1415,2911 1483,2909 1551,2908 1620,2907 1688,2906 1756,2905 1825,2904 1893,2903 1961,2901 2029,2900 2098,2899 2166,2898 2234,2897 2303,2896 2371,2895 2439,2893 2508,2892"/>
                <TextEquiv>
                    <Unicode>emphasised by the players. But it certainly should have</Unicode>
                </TextEquiv>
            </TextLine>
            <TextLine id="r3l41" custom="readingOrder {index:40;}">
                <Coords points="1122,2987 2525,2962 2524,2906 2437,2899 1122,2933"/>
                <Baseline points="1131,2973 1200,2971 1269,2969 1338,2968 1408,2966 1477,2965 1546,2963 1615,2962 1685,2961 1754,2960 1823,2959 1892,2958 1962,2957 2031,2956 2100,2955 2169,2954 2239,2953 2308,2952 2377,2951 2446,2950 2516,2948"/>
                <TextEquiv>
                    <Unicode>been confined to one’s reading in the study, though there</Unicode>
                </TextEquiv>
            </TextLine>
            <TextLine id="r3l42" custom="readingOrder {index:41;}">
                <Coords points="1123,3035 2224,3045 2374,3009 2514,3046 2513,2960 1122,2986"/>
                <Baseline points="1132,3028 1200,3027 1269,3025 1337,3023 1406,3021 1475,3020 1543,3018 1612,3017 1681,3016 1749,3014 1818,3014 1887,3012 1955,3012 2024,3011 2093,3010 2161,3009 2230,3009 2299,3008 2367,3008 2436,3008 2505,3008"/>
                <TextEquiv>
                    <Unicode>need be no regret that it should have to be recorded, if only</Unicode>
                </TextEquiv>
            </TextLine>
            <TextLine id="r3l43" custom="readingOrder {index:42;}">
                <Coords points="1125,3114 1264,3087 1555,3118 1741,3076 1815,3113 2081,3082 2080,3035 2035,3020 1185,3055 1124,3030"/>
                <Baseline points="1133,3085 1180,3084 1227,3083 1274,3082 1321,3081 1368,3079 1415,3078 1462,3077 1509,3076 1556,3075 1603,3074 1650,3073 1697,3072 1744,3072 1791,3071 1838,3070 1885,3070 1932,3069 1979,3069 2026,3069 2073,3070"/>
                <TextEquiv>
                    <Unicode>because it is done so as an isolated case.</Unicode>
                </TextEquiv>
            </TextLine>
            <TextLine id="r3l44" custom="readingOrder {index:43;}">
                <Coords points="1760,3283 1776,3285 1781,3280 1795,3289 1822,3264 1841,3270 1858,3259 1879,3258 1880,3195 1841,3207 1822,3196 1806,3200 1799,3193 1777,3207 1761,3203"/>
                <Baseline points="1770,3247 1795,3251 1820,3252 1845,3250 1870,3249"/>
                <TextEquiv>
                    <Unicode>230</Unicode>
                </TextEquiv>
            </TextLine>
            <TextLine id="r3l45" custom="readingOrder {index:44;}">
                <Coords points="2034,3285 2212,3286 2249,3304 2312,3291 2390,3319 2427,3299 2609,3343 2621,3195 2513,3214 2425,3177 2296,3250 2210,3232 2126,3169 2046,3144"/>
                <Baseline points="2044,3263 2071,3265 2099,3267 2127,3269 2155,3271 2183,3274 2211,3277 2239,3279 2267,3281 2295,3285 2323,3287 2350,3289 2378,3292 2406,3294 2434,3297 2462,3299 2490,3301 2518,3303 2546,3305 2574,3306 2602,3308"/>
                <TextEquiv>
                    <Unicode>Skue d adz</Unicode>
                </TextEquiv>
            </TextLine>
            <TextEquiv>
                <Unicode>box 18/2
THE ENGLISH REVIEW Gpen
advantage, however. Sudermann’s mechanics and in¬
2
sincerities were never revealed in a more pitiable light than
in the State Theatre revival of Das Glück im Winkel,
where the lover’s passion is allowed to sweep the old school¬
master’s wife off her balance, and then, at her critical
moment, is defeated bythe sentimentality of the dried-un
husband’s plea for respectability and the children!
Of course, there is the more popular' type of
play, such as The American Girl and Potask and
Berlmatter but only out in the respectable Charlotten¬
burg district can be found one of those pieces for
which Berlin is supposed to be notorious, although it
called forth much indignant protest at its first per¬
formances. This is Reigen (Dhe Circke) by Arthur
Schnitzler. For many years the author himself refusedto
permit the play to be staged. Financial considerations, we
are told, have made possible its presentation twenty years
after it was written.
Reigen is truly an amazing production. There are ten
scenes, or episodes, each exhibiting the sexual promiscuity
of men and women. When the curtain rises we see a street
prostitute accosting and bargaining with a soldier, who
retires with her into the shadow of a railway arch. The
thunder of a passing train overhead symbolises their im¬
mediate relationship. They return to the stage, the
soldier, like all the men in the succee ling episodes, ex¬
hibiting every sign of satiety and of contempt at a trivi¬
ality, the woman every sign that she regards the occurrence
as of importance. The next scene is between the soldier
and a housemaid, the third between the maid and the young
master at the house where she is employed, and so on,
through the sordidness and glitter of the varying grades of
relationship, until finally the circle is completed with an
incident between a high official and the street prostitute of
the opening scene. The dialogue is brilliant throughout,
and the. serious purpose of the play well and delicately
emphasised by the players. But it certainly should have
been confined to one’s reading in the study, though there
need be no regret that it should have to be recorded, if only
because it is done so as an isolated case.
230
Skue d adz</Unicode>
            </TextEquiv>
        </TextRegion>
    </Page>
</PcGts>
