3496 4320
401 137 529 217 11.
1105 145 1505 230 box 17/5
582 147 896 236 Reigen
477 537 1377 659 #Schaubühne und Kunst.
618 631 1440 723 Arthur Schnitler Reigen=Arauf.
471 686 1441 780 führung in den Kammexspfelen
484 740 1431 813 Wien.) Die Aufführung der Szenen. „Reißen“ ist
488 804 1431 862 mehr eine Profitangelegenheiß eines eldgieri
522 845 1429 906 gen Direktors als ein künstlerisches Ereranis
508 904 1437 969 Herr Verrau weiß wie man heutzufaße Kassa
498 946 1431 1010 macht. Zuerst, die „Flamme“ des satlsam be¬
506 991 1424 1061 kannten Konjunktürschreibers Hans Müller und
515 1042 1422 1103 jetzt diese Belanglossgreit Vor etwa 25 Jahren.
514 1098 1418 1162 als der „Reigen“ entstand mochte diese Jugend¬
513 1142 1424 1214 arbeit Schnitzlers irgendeine Berechtigung ha¬
511 1184 1427 1263 ben, da sie eine Möglichkeit zeigte, überdie Un¬
510 1233 1427 1298 zulänglichkeiten des Naturalismus durch eine
511 1285 1426 1344 psychologische Linienführung hinauszukommen.
511 1337 1422 1393 Aber jetzt ist diese sogenannte Psychologie längst
511 1384 1427 1442 als Ableger des damaligen Liberalismus samt
511 1431 1426 1485 dielem verstaubt und vergessen und nur die
512 1481 1425 1546 nackte Brisalität des Bühnengeschebnisses bleibt
499 1534 1425 1594 als unerquicklicher Rest Dabei sind diese Sze¬
511 1587 1419 1642 nen dumm und durch die fortwährende Wie¬
509 1622 1423 1693 derholung derselben Begebenheit reizlos, zumal
508 1676 1422 1727 die vorhandenen dramatischen Steigerungsmög¬
501 1728 1410 1779 lichkeiten unbeachtet bleiben. So ist denn alles
513 1771 1404 1844 nur im Triebhaften stecken geblieben, alles is
495 1819 1375 1869 schließlich nur Angelegenheit des Unterleibs.
498 1870 1423 1924 Aber auch dieses Thema wäre einer künstleri¬
496 1913 1420 1983 schen Gestaltung fähig (denn der Kunst darf
503 1959 1427 2027 nichts Menschliches fremd sein), wenn es nur
508 2016 1427 2070 mit Witz und mit Beziehung zu den seelischen
504 2062 1419 2123 Fähigkeiten dargestellt wäre wie etwa bei den
500 2112 1419 2168 italienischen Novellisten der Renaissayce. So
501 2157 1422 2214 mußte denn die Aufführung nur einen peinli¬
492 2214 1416 2273 chen und peinigenden Eindrück hinterlassen, was
497 2252 1423 2319 auch die Kritik bestätigte. Interessauter als das
502 2301 1422 2376 Stück, in dem allein Frau Träute Carsen auf
496 2354 1421 2422 künstlerischer Höhe stand, war der Zuschauer¬
494 2406 1412 2467 raum: nichts als fette Schiebergesichter und
496 2441 1407 2499 Lustgreise eines jeden Alters und beiderlei Ge¬
470 2476 1423 2561 schlechts. Dreifach erhöhte Preise. Ausverkauft.
496 2553 1416 2610 Herr Bernau lächelt ölig. Bis man ihm einen
496 2600 1416 2655 Strich durch die Rechnung machte, denn heute
493 2642 1409 2723 meldet die Zeitung, daß die weiteren Auffüh¬
484 2693 1211 2759 rungen verboten wurden.
1008 2741 1374 2811 Franz Spunda.
2235 1737 3099 1857 Schnitzlers Reigen, pas in Wien trotz
2140 1815 3102 1902 Verbot aufgeführt wird und großen Beifall findet,
2139 1876 3100 1948 behandelt Vorgänge aas dem Gischlechtsleben, die
2150 1925 2844 2017 wohl nicht auf die Bühne gehöten.
2595 1994 2919 2089 16—2.1921
2116 2173 2945 2284 Beutsche Böhmerwald Zeitung
2314 2259 2767 2344 Krumau, Böhmen
