3436 4256
344 130 484 203 11.
1044 127 1459 211 box 18/3
527 139 850 226 Reigen
720 517 1370 683 Klose & Seide
772 666 1350 749 Bureau für Zeitungsausschnitte
713 744 1393 800 Berlin NO. 43, Georgenbirchplatz 21
1122 787 1395 884 Zeitung
689 896 892 969 Zeitung:
1106 883 1535 1007 Gresela 70
689 951 804 1041 Ort:
692 1032 878 1108 Datum:
1092 1036 1539 1209 AL H
685 1221 1731 1317 Kunit, hiteratur und Willenschaft
639 1295 1789 1367 Uraufführung in Bonn. Ein seelischer Tatbestand ist sicher in
595 1356 1794 1405 dem Drama „Hosea“ von Josef Kastein — ein Pseudonym
596 1401 1178 1456 für einen Bremet Rechtsanwalt
1180 1393 1795 1456 — gegeben, doch blieb er un¬
591 1439 1797 1493 gedichtet, unverdichtet im Gestrüpp der Worte. Die Ursächlichkeit
591 1483 1797 1533 des unseeligen Liebesprozesses zwischen dem kleinen Propheten des
591 1520 1804 1572 alten Testaments Hosea und der Baalspriesterin Gomer ist nicht
587 1560 1790 1612 klar gebeutet als sschicksalvolle Begegnung zwischen einem Reinen
596 1602 1793 1653 und einer Unreinen. Erhebt er sie? Zieht sie ihn hinab? Es bleibt
595 1642 1798 1692 ungewiß. Deutlich wird nur, daß sie ihn so etwas wie haßliebt
602 1681 1806 1734 einer eifernden Gerechtigkeit wegen, zumal sie seinetwillen in
604 1726 1803 1778 chlechtmotivierte Schuld verfällt. Sie vermag jedenfalls ihn aus
1614 1757 1804 1809 — das ist
594 1763 1612 1809 der Gerechtigkeit stürzen zu machen und stürzend soll er
590 1806 1797 1852 wohl der ethische Sinn dieser dramatischen Wirrnis — die Erfah¬
599 1841 1804 1887 rung erleben, daß alle Gerechtigkeit ungerecht ist, sso sie nicht aus
591 1885 1798 1934 der Liebe kommt. Davon aber, daß der Prophet sich zu dieser Er¬
600 1919 1802 1969 kenntnis schmerzhaft durchlebt, wird man nicht überzeugt, auch da¬
594 1960 1797 2005 durch nicht, daß Gomer von sich sagt, Hosea in diesem neuen Glau¬
594 2001 1802 2055 ben, den er sich leidend erwarb, endlich gefunden zu haben und sie
595 2042 1798 2089 ihm als Weib in die Wüste folgt. Immerhin durchzieht den nicht¬
589 2075 1798 2136 gestalteten Stoff ein dramatischer Nerv, der manchmal wirkungsvoll
592 2131 1802 2172 aufzuckt. Den behandelte der Regisseur Dr. Löwenberg nach Mög¬
597 2158 1800 2205 lichkeit, aber den ungedichteten Wort= und Szenenbestand zu einem
596 2200 1806 2252 seelischen Ganzen zu verdichten, konnte damit nicht erreicht wer¬
712 2234 1805 2296 Siegfried Urias und Edith Wiese, sonst gestal¬
601 2246 711 2294 den.
605 2277 1798 2331 ungstüchtige Leute, auf die man etliche Hoffnung ssetzen darf,
606 2318 1806 2376 mühten sich vergeblich, Klarheit in die Seelen der zwietrachtig Lie¬
604 2367 1806 2415 benden zu bekommen. Ein Farbensymbol zu den beiden Schmer¬
595 2403 1800 2461 zensreichen schuf Franz Mannstaedt im Bühnenbild: farb=, form¬
599 2440 966 2509 und lichtvoll erdacht.
653 2484 1812 2551 Schnitzlers „Reigen“ in Paris. Aus Paris wird der Neuen
601 2547 1810 2600 Freien Presse geschrieben: In Pavis hat sich eine „Compagnie
598 2585 1805 2639 duditieursdramatiques“ die in ihrer Zusammen¬
597 2629 1800 2685 setzung an die berühmten Vorbilder des „L'Oeuvre“ und der
604 2670 1810 2716 „Escholiers“ erinnert und meist aus jungen Enthusiasten be¬
605 2715 1811 2759 steht, die sich zum Ziele setzten, die Meisterwerke der ausländischen
596 2749 1810 2797 Literatur zu pflegen. Man erinnert sich noch, daß vor einigen
607 2786 1800 2846 Jahren in ähnlicher Art dasTheater des „Vieux=Colombier“
599 2825 1811 2877 im Quartier Latin gegründet wurde, das mit englischen
608 2873 1811 2921 Stücken des Marrowe begann und heute eines der trefflichsten
598 2905 1814 2959 Pariser Ensembles darstellt, das vor zwei Jahren einen Siegeszug
605 2942 1803 2994 durch die Vereinigten Staaten unternahm. Als Eröffnungs¬
601 2981 1806 3039 stück wurde Schnitzlers „Reigen“ gewählt. Er ist unter
606 3025 1803 3080 dem Titel „La Ronde“ schon vor einiger Zeit von Sidersky sehr
597 3066 1808 3119 gut übersetzt worden und wurde in der vom „Vieux=Colom¬
598 3117 1816 3164 hier“ eingeführten. Vorhangdekoration gespielt, wobei der Be¬
595 3138 1797 3214 leuchtung die Hauptrolle zufällt. Dies erlaubte ein Vorbe
1867 2928 1914 2983 n
1869 3021 1907 3071 n
1840 1196 3042 1271 huschen der einzelnen Szenen, und es kann festgestellt werden, daß
1847 1263 3038 1317 es zu keinerlei Zwischenfällen oder Störungen
1843 1297 3043 1347 kam. Allerdings fielen hier die Vorzüge der ffranzösischen Sprache,
1837 1340 3036 1391 verfängliche Dinge elegant sagen zu können, sehr ins Gewicht.
1833 1385 3036 1434 Henri Bidou, der heute in der Pariser Kritik die erste Stelle ein¬
1846 1429 3049 1466 nimmt, sagt über die Aufführung: „Das Stück ist ein Mei¬
1838 1454 3041 1512 sterwerk... Die Aehnlichkeit der einzelnen Bilder unterein¬
1837 1500 3036 1548 ander, die gleichen Gefühle, die ewige Täuschung, die ewige
1850 1539 3036 1588 „muflerie"geben dem Werke eine seltsame Bitterkeit
1847 1576 3041 1630 Es gehört zum „théätre libre“, besser gesagt zum sthéätre
1842 1616 3040 1676 rosse“ (mit welchem Ausdruck man in Paris eine gewisse Rich¬
1844 1664 3044 1707 tung grausamster Satire bezeichnet), aber dies alles ist mit einer
1854 1700 3040 1760 Genauigkeit, einen Maßhalten und einem so richtigen Tone gesagt
1843 1742 2666 1809 daß man sofort den wahren Künstler erkennt.“
1931 1913 3143 2031 beherzte Versuch zur Erneuerung wienerischen Devens in sch rugr
1963 2059 3130 2179 Artur Schnitzlers „Reigen“ in
1951 2199 3152 2311 Christiania entrüstet abgelehnt.
1923 2296 3144 2379 Das Blatt „Aftenposten“ spricht von Bordelldramatik.
2536 2365 3095 2453 Christiania, 4. März.
2050 2410 3142 2502 Artur Schnitzlers „Reigen“ ist nun auch nach Norwegen
1928 2478 3142 2551 gedrungen; die Aufnahme scheint jedoch keineswegs beifällig zu
1942 2526 3135 2600 sein; wenigstens schreibt „Aftenposten“: „Wir haben keine Zensur
1930 2573 3138 2634 hierzulande und wir wünschen keine. Die Polizei kann nicht von
1936 2626 3132 2694 vorneherein ein unsittliches Stück verbieten. Das einzige, was die
1935 2663 3134 2746 Polizei kann, ist, nachher den Theaterleiter zur Verantwortung
1928 2715 3131 2787 vor dem Strafrichter zu ziehen, soweit die Grenzen dessen
1931 2768 3141 2835 was das Gesetz für zulässig erklärt, überschritten sind. Aber
1933 2808 3143 2888 das ist nur kleine Hilfe. Die beste Zensur ist die, daß
1926 2853 3140 2935 der Theaterleiter selbst sein Theater und seine Truppe
1929 2902 3142 2986 für zu gut ansieht, um des Gelderwerbes wegen Bordelldramatik
1935 2964 3136 3030 aufzuführen. Publikum und Presse wollen gerne den Glauben an
1931 3009 3133 3067 unsere Theaterleiter behalten. Man hält dafür, daß sie in der
1924 3044 3134 3124 jüngsten Zeit bedenklich nahe der Grenze waren, aber man will
3175 1874 3275 2032 930
3179 2013 3256 2076 und
3183 2106 3267 2165 Brie
3174 2157 3277 2218 Rück.
3173 2233 3267 2314 höflie
3172 2380 3240 2458 sich
3169 2454 3257 2504 genu
3172 2494 3256 2552 sichet
3165 2534 3266 2596 ähnli
3173 2585 3253 2649 Vor
3171 2636 3251 2699 Juli
3166 2686 3237 2747 Iun
3163 2734 3243 2787 prei
3166 2780 3245 2837 dürf
3162 2824 3225 2885 auf
3163 2872 3222 2932 sich
3163 2922 3230 2979 ein,
3164 2969 3239 3035 halt
3165 3022 3231 3071 brec
3160 3067 3225 3126 Zu
