3444 4320
532 443 710 526 senstag
572 671 738 738 Jänner.
550 726 766 790 Tochter des
555 779 766 835 dolfsheim,
551 821 763 874 berleutnant
564 866 756 920 Sonntag,
558 905 756 965 n General¬
562 951 756 1004 ter Burk
558 996 758 1050 hr abends,
551 1034 757 1094 iktorin,
550 1080 757 1136 re silberne
556 1124 748 1177 Zerwandter
558 1169 756 1223 ater Wolf¬
549 1209 756 1272 Narchfelde,
555 1289 753 1361 1. Kürzlich
554 1337 751 1399 rhan in
550 1375 752 1438 diesem An¬
552 1421 756 1482 s Saal in
554 1465 738 1522 R. Körnen
575 1512 750 1570 üinstlerisch
590 1555 753 1611 Pokorny
587 1599 753 1653 und der
579 1637 752 1696 ide über¬
581 1683 740 1738 Kevven.
582 1725 751 1784 r Fischer
572 1771 741 1822 er Wäh¬
584 1813 747 1869 otesil
586 1852 744 1909 inkte ge¬
588 1895 741 1953 mütliche
587 1940 740 2002 er Feier
584 2022 735 2093 ldungen
589 2081 745 2139 eleichte
579 2122 726 2173 peratur
596 2165 732 2217 er Karl
597 2206 735 2261 Doktor
589 2251 729 2303 icht zu¬
587 2294 727 2346 ntis in
585 2333 737 2390 Winter¬
578 2379 740 2435 erkrankt,
578 2421 732 2475 tis nach
571 2461 727 2533 i Nyon
586 2524 724 2610 ft. Im
593 2635 725 2688 Wiener
603 2676 736 2737 sidium
669 2766 733 2814 die
609 2808 721 2870 ig soll
601 2852 720 2903 n und
614 2895 725 2948 erben,
606 2937 718 2990 on zu
617 2976 725 3030 haben
615 3022 718 3072 sollen
612 3063 727 3116 öffnet
620 3148 721 3202 Au¬
613 3191 716 3246 e. die
614 3238 726 3280 Fran¬
617 3340 716 3409 10
611 3398 727 3456 u der
605 3448 722 3501 n und
598 3488 717 3544 ## e
588 3532 724 3585 beran¬
586 3573 712 3625 n, die
609 3616 714 3673 jetzt
578 3654 715 3730 hwie
558 3723 718 3808 Von der
551 3794 720 3854 gasse 23,
572 3839 714 3891 ersucht:
542 3870 709 3937 ge Leute
543 3922 711 3977 e G. m.
550 3960 702 4025 fte abzu¬
537 4009 710 4063 n darauf
548 4051 704 4106 chtigt ist
573 4095 714 4148 innehat
527 4118 703 4191 U beglau¬
534 4177 715 4228 en gegen
1133 453 1523 544 Reichspost
796 570 1920 632 und Mindestbemittelten, welcher ein Bezugschein beigelegt
789 604 1386 677 werden könnte, zu legitimieren.
884 657 1919 718 Die Standesforderungen der Agrargeometer. Am
804 696 1926 756 28. Jänner überreichte eine Abordnung von Agrartechnikern
798 740 1919 796 unter Führung des Abg. Dr. Buresch dem Landwirt¬
807 783 1931 849 chaftsminister Haueis eine Denkschrift der „Gewerkschaft
809 829 1926 899 er Agrartechniker Deutschösterreichs“ betreffend die Stan¬
796 870 1924 928 desforderungen der Agrargeometer. Danach fordern die
805 914 1914 971 Agrargeometer die Gleichstellung mit ihren Kollegen der
802 957 1908 1014 Gruppe A durch Aufhebung jenes Absatzes der Ministerial
794 1005 1920 1065 verordnung vom 1. Februar 1914, der sie ohne Rücksicht auf
795 1043 1923 1104 die Schwierigkeit und Verantwortlichkeit ihres Dienstes in
800 1087 1925 1156 die Gruppe B einreihte. Ferner verlangen sie, daß jene
797 1129 1917 1192 demütigende Bestimmung des Gesetzes vom 13. April 1920,
795 1172 1921 1228 die ihnen die Fähigkeit, agrartechnische Leiterposten zu be¬
797 1216 1908 1272 kleiden, abspricht, ehestens durch eine geeignete, gesetzgebe¬
802 1262 1920 1318 rische Maßnahme außer Kraft gesetzt werde. Sie fordern im
799 1302 1922 1367 Zusammenlegungsdienste Fachleute auf leitendem Posten, die
798 1347 1907 1412 sich ihre Eignung hiezu von der Pike auf erarbeitet haben
797 1393 1918 1453 und diesen Dienst in allen seinen Stadien gründlich kennen,
789 1427 1917 1494 kurz, die aus dem Stande der Zusammenlegungstechniker
799 1474 1912 1541 elbst hervorgegangen sind. Der Minister versicherte die Ab¬
790 1525 1906 1578 ordnung seines vollen Verständnisses für die Bedeutuig der
788 1557 1900 1623 Arbeit des Zusammenlegungstechnikers und stellte ein Ein
793 1600 1899 1665 schreiten des Landwirtschaftsministeriums beim Finanz
795 1651 1905 1706 ninisterium wegen Uebernahme der Agrargeodäten in die
787 1687 1223 1745 Gruppe A in Aussicht.
868 1732 1914 1800 Beistellung tschecho=slowakischer Wanderarbeiter für die
780 1763 1911 1841 heurigen Anbau= und Erntearbeiten. Das Bundesministe¬
779 1821 1909 1879 rium für Land= und Forstwirtschaft verlautbart: Der Be¬
784 1857 1909 1926 darf der heimischen Landwirtschaft an tschecho=slowakischen
791 1901 1910 1969 Wanderarbeitern für das Jahr 1921, insbesondere für den
783 1943 1895 2010 Zuckerrübenbau und für die Erntearbeiten, erscheint sicher¬
789 1995 1896 2045 gestellt. Die Bedingungen für den Erhalt solcher Arbeiter sind
778 2034 1904 2089 von den einzelnen Betrieben, bezw. Arbeitgebern, in Nieder¬
780 2072 1903 2135 österreich unmittelbar bei der Arbeiterzentrale im
781 2114 1904 2182 Bundesministerium für Land= und Forstwirtschaft, Wien,
789 2160 1899 2217 . Bez., Ebendorferstraße 7, 2. Stock, Zimmer Nr. 161, zu
774 2205 1899 2258 erfragen. Arbeitgeber im Lande Salzburg wenden sich an die
774 2239 1903 2311 landwirtschaftliche Abteilung für Arbeitsvermittlung bei
781 2285 1891 2357 der Salzburger Landesregierung, solche aus Steiermark an
774 2326 1891 2399 den Steirischen Arbeitsnachweis in Graz, Bürgergasse 2, und
779 2371 1893 2443 Arbeitgeber aus Kärnten an die landwirtschaftliche Abteilung
774 2413 1890 2477 für Arbeitsvermittlung bei der Landesregierung in Klagen¬
785 2461 1889 2522 urt. In den Lohn- und Devutatsätzen für tschecho-slowakische
770 2500 1886 2568 Wanderarbeiter ist im allgemeinen keine Aenderung gegen
778 2541 1888 2610 jene des Jahres 1920 eingetreten. Im Hinblick auf den nahe
773 2585 1897 2655 bevorstehenden Frühjahrsanbau ist größte Eile dringend ge¬
765 2625 878 2689 boten.
853 2653 1796 2740 Die Fleckfieberfälle in Wien. Sonntag sind in W.
1810 2674 1888 2738 wwei
766 2711 1880 2783 neue Fälle Fleckfieber festgestellt worden, die Wiener ein
765 2755 1879 2822 wohner betreffen und nicht mit der Artistengruppe in ur
769 2795 1882 2869 sächlichem Zusammenhang stehen. D se Personen scheinen
773 2850 1895 2906 von aus dem Norden zugereisten Personen infiziert worden
759 2892 1890 2952 zu sein. Zu diesen zwei Fällen kommen noch zwei Personen
760 2929 1809 2991 mit Flecksieberverdacht. Sämtliche Personen wurden
1811 2948 1842 2988 7
1844 2942 1889 2996 in
769 2968 1888 3038 das Infektionsspital der Gemeinde gebracht und ihre
758 3005 1875 3093 Wohnungen desinfiziert. An der Erhebung weiterer Insek
758 3056 1521 3120 tionen wird mit aller Energie gearbeitet.
843 3099 1879 3173 Forderungen von Salzburger Invaliden und Heim¬
759 3145 1882 3220 kehrern. Eine in Anwesenheit von Vertretern der Salzburger
765 3191 1886 3243 Behörden in Salzburg am 31. Jänner abgehaltene Versomm¬
759 3231 1883 3302 lung der Kriegsinvali den=Landesorganisation und der Heim¬
756 3278 1900 3346 kehrer nahm eine Entschließung an, worin u. a. eine Abstem¬
765 3317 1880 3388 ung der Noten auf 50%, das Verbot der nfuhr vo#
765 3360 1887 3430 Luxuswaren, eine energische Durchführung dei Vermögens¬
754 3404 1886 3465 abgabe, ein 50%iger Preisabbau mit 30%igem Lohn¬
758 3451 1878 3509 abbau und eine energische Durchführung des Anschlusses
757 3476 1394 3556 an Deutschland gefordert werden.
841 3540 1884 3609 Das Stelldichein der Salzburger Schieber gesperrt. Wie
751 3582 1869 3644 aus Salzburg, 31. Jänner, gemeldet wird ist das im Ser¬
757 3618 1881 3687 tember v. J. von dem Wiener Stidronski im Hotel Horn
754 3674 1873 3732 eröffnete Kabarett, das bald zum Stelldichein der Schieber
757 3710 1869 3777 von Salzburg und Umgebung wurde, von der Polizei ge¬
754 3747 1056 3817 schlossen worden.
835 3798 1870 3861 Eine tschechische Volkszählung in Deutschösterreich. Nach
744 3827 1710 3882 einer Meldung der Prager Narodni Listy“
1710 3848 1869 3905 hat der
750 3877 1876 3944 tschecho=slowakische Nationalausschuß dem
751 3922 1875 3993 Antrage zugestimmt, daß in Oesterreich eine private Zählung
761 3969 1876 4046 der tschecho-slowakischen Staatsangehörigen durchgeführt
742 4003 879 4064 werde.
834 4033 1872 4122 Ein Wolf in Krain. Bei Oberlaibach wurde dieser Tage
748 4096 1878 4162 vom Ingenieur Franz Tavcar ein Wolf im Gewichte von
742 4134 1175 4211 38 Kilogramm erlegt.
1921 465 2282 545 I. Februar 1921
2841 473 3016 549 Nr. 31
1969 580 3102 654 schönen Künste so grausame Fesseln anlegte, war selbst
1965 633 3088 709 das Buch verboten. Jetzt hat man Gelegenheit, dieset
1960 668 2843 751 erlesene Kunstwerk auf der Bühne zu sehen.
2056 727 3090 803 Es fällt einigermaßen schwer, dieser wahrhaftigen
1961 764 3094 855 Schandtat gegenüber, die sich da ein Wiener Theater
1966 823 3095 897 leistet, kühles Blut zu bewahren. Unter den traurigsten
1958 873 3085 948 Verfallserscheinungen, welche die Abwärtsbewegung der
1957 931 3085 992 neumodischen „Theaterkultur“ dennzeichnen, be#eutet
1955 969 3093 1042 diese Aufführung des „Reigens“ den bisher tiefsten Tief¬
1956 1013 3095 1093 stand. Das alte Wort, daß alles schon dagewesen sei, wird
1962 1066 3086 1144 hier Lügen gestraft. So was war noch nicht da. Diesen
1965 1116 3078 1184 1. Februar 1921, diesen Tag, an dem es eine Wiener
1955 1161 3077 1238 Bühne ungestraft wagen durfte, sich zum Schauplatze
1951 1214 3083 1282 geilster pornographischer Literatur zu machen, den müssen
1950 1268 3077 1332 wir uns gut merken. An diesen Tag werden wir die Be¬
1955 1309 3077 1372 hörden erinnern, wenn sie über den fortschreitenden
1960 1357 3084 1428 Sittenverfall klagen. Wenn man in den Theatern solche
1946 1398 3078 1480 Hochschulen für Schmutz und Laster duldet, dann darf
1949 1462 3081 1530 man sich eben über die Folgen nicht wundern, dann darf
1953 1500 3068 1560 man nicht lamentieren, daß die Razzien in den Stunden¬
1946 1546 3072 1626 hotels immer traurigere Ergebnisse liefern, dann dürfen
1954 1603 3076 1671 unsere Herren Volksrichter nicht betreten die Köpfe
1961 1650 3081 1718 chüttein über die ganz unglaublichen Kriminalfälle, die
1953 1694 3071 1762 ihnen zu schaffen geben, dann muß man die Abteilungen
1955 1740 3074 1820 für Geschlechtskranke in den Spitälern freilich vergrößern.
1941 1789 3067 1865 Nach der Polizei, nach dem Zensor zu schreien gilt gemein¬
1950 1839 3070 1912 hin als übles Zeichen von Rückständigkeit. Nun denn,
1942 1894 3070 1961 wir haben schon den Mut, so rückständig zu sein. Wir
1938 1938 3075 2009 tun es mit Stolz und im vollen Bewußtsein unserer Ver¬
1947 1989 3075 2052 antwortung. Wir verlangen von den Behörden, die uns
1940 2032 3070 2099 ja auch vor dem Umsichgreifen einer Pest zu behüten die
1948 2081 3070 2150 Pflicht haben, daß fi dieser volksvergiftenden Schmach
1954 2139 3067 2206 ofort ein Ende berei en. Wir verlangen es mit aller
1944 2181 3076 2239 Strenge und werden gewiß nicht müde werden, auf
1932 2231 3072 2293 Mittel zu sinnen, die diesem wahrhaftig gerechten Ver¬
1931 2277 3066 2342 langen Nachdruck zu geben vermögen. Ach ja, wir kleri¬
1934 2326 3074 2395 kalen Mucker, wir Finsterlinge, wir haben ja mit ähn¬
1938 2370 3059 2440 lichen Schmerzen das Ohr der Oeffentlichkeit oft genug
1930 2422 3061 2481 belästigt, wir haben gegen Wedekind und Schönherr und
1935 2472 3059 2539 Sternheim gewettert, wir haben uns schon zu wieder¬
1929 2518 3063 2582 holten Malen als scheuklappentragende Kunstfeinde pro¬
1927 2565 3061 2636 duziert. Diesmal aber sind uns sogar aus Kreisen, die
1935 2618 3053 2682 uns sonst verächtlich zu belächeln pflegten, Bundesgenossen
1927 2660 3053 2724 erstanden. In Berlin hat sich ein Maximilian Harden
1936 2717 3059 2766 n heller Empörung gegen die dortigen „Reigen“= Auf¬
1927 2757 3057 2833 führungen aufgelehnt und ein Moissi hat sich gar zu dem
1926 2808 3060 2872 Ausspruche verstanden, jede Schauspiolerin, die im
1932 2851 3052 2917 „Reigen“ mitspiele, verdiene angespuckt zu werden (was
1923 2909 3062 2977 wir ihm wahrhaftig nachfühlen können). Das sind denn
1920 2951 3042 3013 doch unverdäcktige Zeugen dafür, daß man bein „Zelot“
1917 3006 3052 3065 zu sein braucht, um über diese urge Schmach, die da
1926 3056 3057 3109 dem Theater und dem Publikum angetan wird, in
1929 3094 3060 3163 flammende Wut zu geraten. Auh Leute, die sonst in
1920 3146 3047 3210 Fragen der Sittlichkeit ein sehr weites Herz bekundet
1931 3199 3053 3250 haben, müssen, soforne sie sich nun einiges Gefühl für
1917 3234 3059 3292 Reinlichkeit und Anstand bewahrt haben diesmal an
1921 3282 2315 3350 unsere Seite treten.
2003 3314 3060 3399 Mit dem Dichter Schnitzler abzurechnen ist eigentlich
1911 3380 3049 3442 ein wenig verspätet, denn er hat diese penetrante Dialog¬
1912 3433 3042 3485 reihe vor ahrzehnten geschrieben. Natürlich hätte er,
1911 3473 3047 3527 der uns inzwischen doch wesentlich maßvollere Proben
1913 3522 3041 3587 seines Könnens geliefert hat (darunter den in gewissem
1910 3570 3037 3631 Sinne sogar anständigen „Jungen Medardus“) sich
1920 3617 3047 3671 nicht — offenbar dem Geschäft zuliebe — verleiten lassen
1923 3665 3034 3728 ollen, diese übelduftende Jugendsünde aus ihrer Buch¬
1911 3713 3041 3767 vergessenheit hervorzuholen und damit das Theater zu
1915 3767 3038 3828 verunreinigen. Es gibt einen „Frau=von=Pollak“=Witz
1923 3809 3041 3864 wie deren die Juden genug und mit Behagen zu er¬
1912 3863 3042 3919 zählen wissen), da leistet sich diese Dame, deren Bildung
1908 3907 3043 3961 mit ihrem Reichtume nicht Schritt zu halten vermag, das
1911 3961 3031 4021 unfreiwillige Wortspiel, zu einem gräflichen Besucher zu
1915 4004 3041 4058 sagen: „Ich danke Ihnen, Herr Graf! Sie haben mein
1913 4051 3039 4113 Haus zu einem Freudenhause gemacht!“ — Mit dem
1914 4108 3036 4169 „Reigen“ hat Schnitzier das Theater, das uns ein Haus
1906 4144 3043 4201 edler Freuden sein sollte, zu einem Freudenhause, zum
1902 4192 2574 4246 Sm
