3392 4352
111 986 327 1067 bualrat.
160 1047 441 1120 wegen der Ver¬
154 1100 440 1158 und Alpenvereine
128 1121 449 1195 Tagesordnung ein¬
131 1178 333 1226 fledigt wird.
132 1208 443 1277 mung zur gericht¬
128 1250 439 1308 Uebertsetung gegen
118 1288 449 1343 genommen werden
120 1324 447 1377 stellung der Pferde
160 1359 442 1417 Gesetz, betreffend
117 1393 443 1452 kbührengesetzes, der
121 1438 444 1499 ngsgesetz und die
121 1507 381 1587 führungen.
148 1570 444 1628 Sozialdemokraten
131 1603 446 1666 Aufführungen des
131 1647 443 1711 lbendblatt berichtet
120 1709 441 1776 ozialdemokrat) er¬
121 1763 194 1812 ufe
225 1763 441 1819 unterbrochen,
131 1795 443 1855 vor Zulassung der
117 1833 432 1885 gistrat in seiner
128 1870 440 1928 ist, hat, so führte
115 1908 436 1965 m Herrn Bürger¬
118 1946 438 2000 ken gegen die
127 1984 433 2038 macht. Er verwies
122 2020 431 2073 längerer Zeit schon
131 2059 434 2119 ublizistik gefunden
145 2095 429 2148 hat jedoch dessen¬
122 2134 439 2186 mit dem Bescheide
127 2168 438 2225 en. (Zwischenrufe.)
141 2206 439 2272 lebhaften Erörte¬
188 2264 420 2339 „Reichspost“
129 2319 433 2382 fe bei den Christ¬
136 2375 425 2450 sich die weit über¬
128 2449 426 2530 Sie das gezählt?
124 2523 432 2593 us, daß die Auf¬
120 2578 427 2632 ge Verletzung
127 2617 160 2657 te.
172 2613 425 2669 Kundgebungen
127 2653 425 2706 Presse verschiedener
119 2688 426 2744 en erkennen, daß
134 2722 422 2780 weiter Kreise der
131 2768 168 2813 1.
176 2764 428 2818 (Lebhafter Bei¬
172 2803 426 2865 Stürmische
120 2857 337 2920 n Sie das?
113 2909 428 2969 istlichsozialen Ab¬
115 2950 420 3013 it sie Karten be¬
134 2990 417 3040 und Protest¬
129 3023 416 3091 chenrufe des Ab¬
196 3094 417 3153 Abgeordneter
130 3130 412 3199 Wollen Sie jetzt
102 3190 412 3264 es wäre wirklich
135 3243 190 3297 U
185 3250 424 3308 gewähren.
118 3314 190 3375 inz!
131 3351 423 3414 Argumente
132 3400 411 3460 (Stürmischer
120 3435 178 3501 pte
228 3437 423 3496 lebhafte
183 3504 411 3564 jetzt nur über
143 3546 408 3611 Argument vor¬
133 3605 419 3675 Herr Prä¬
129 3674 408 3747 lcher Schreier,
132 3726 419 3779 en. (Rufe bei den
145 3765 407 3828 hier zu sprechen,
131 3830 417 3893 wiederholt das
148 3875 350 3927 zur Ruhe.
169 3908 415 3965 meine Absicht,
136 3943 418 4006 berufenen Herrn
135 3993 411 4040 eser neuen, durch
120 4027 411 4079 ige Stellung zu
128 4066 408 4115 en an den Herrn
133 4099 416 4151 g auf ihn ab¬
737 427 1389 498 Neue Freie Presse.
522 520 1618 584 ch nach Aufführung des „Reigen“ gestaltet haben, nicht Rechnung
528 570 1618 620 etragen wurde, war es nach den geltenden Kompetenzbestimmungen,
528 607 1620 654 elche die Theaterangelegenheiten dem Ressort des Bundes¬
528 638 1618 699 inisteriums des Innern zuweisen, mein Recht und meine
514 673 1617 731 flicht, die weiteren Aufführungen zu untersagen. Wenn nun
520 717 1617 766 on seiten des Herrn anfragenden Abgeordneten das Recht zur
516 746 1617 796 lufsicht in seiner Gänze bestritten wird, so möchte ich demgegenüber
512 791 1610 835 ur kuez darauf verweisen daß dieses Recht, in dem ich übrigens
515 828 1612 874 or##llem eine Pflicht erblicke, schonin dem Verhältnis der in
510 856 1610 905 bekracht kommenden Behörden an sich-begründet ist, daß es Wissen¬
504 903 1619 940 chaft und Praxis niemals bezweifelt haben, daß es von unseren
499 936 1611 989 obersten Gerichtshöfen stets einmütig aierkannt wurde, daß es auch
495 970 1611 1023 in unsere neue Verfassung übernommen wurde, wie die Artikel 103
497 1013 1610 1061 und 142 ausdrücklich bezeugen. Dem Recht der Aufsicht entspricht
489 1049 1615 1092 anderseits die Verpflichtung zur Durchführung der
494 1083 1611 1134 getroffenen Anordnungen. Auch diese Verpflichtung ist
491 1120 1618 1176 eine unbestrittene gewesen und kommt auch in der neuen Verfassung
496 1161 1613 1208 zum Ausdruck. Die Regierung wird in analogen Fällen immer
497 1199 1597 1238 genau so handeln, mögen sie welches Land immer betreffen ..
504 1231 1615 1289 Lachen und Widerspruch bei den Sozialdemokraten: Fortgesetzte
497 1265 1611 1320 lärmende Zwischenrufe des Abgeordneten Leuthner.)
591 1300 1614 1359 Präsident Dr. Weiskirchner: Herr Abgeordneter
495 1326 1604 1405 Leuthner, ich rufe Sie zur Ordnung wegen fortgesetzter
496 1377 1069 1438 Störung der Ruhe. (Zwischenrufe.)
579 1408 1609 1467 Bundesminister Dr. Glanz: Gerade in dem von Herrn
487 1439 1609 1508 Abgeordneten Leuthner erwähnten Falle aus Steiermark wird das
495 1491 1598 1539 hohe Haus Gelegenheit haben, sich davon zu überzeugen, daß die
485 1527 1602 1589 Regierung auch diese Frage in einer durchaus objektiven und pflicht¬
483 1564 953 1615 gemäßen Weise lösen wird.
586 1602 1606 1671 Abg. Amalie Seidel (sozialdemokratisch): Wenn es
487 1638 560 1701 der
569 1641 1257 1688 Rintelen erlaubt! (Zwischenrufe.)
583 1665 1611 1739 Bundesminister Dr. Glanz: Auf die gegen mich persönlich
483 1718 1603 1770 gerichteten Bemerkungen will ich nicht näher eingehen. Ich glaube,
492 1754 1600 1811 das Urteil über mein Wirken getrost jedem anständig
482 1787 1610 1844 denkenden Menschen überlassen zu können. (Stür¬
482 1831 1596 1871 mischer Beifall und Händeklatschen bei den Christlich¬
495 1865 1598 1910 ozialen. Fortgesetzte lärmende Zwischenrufe bei
488 1901 1607 1945 den Sozialdemokraten.) Ich kann nur betonen, daß mich persönliche
487 1937 1609 1983 Angriffe, mögen sie von wo immer kommen, nicht einen Schritt
483 1980 1610 2031 weit von dem, was ich als Pflicht erkannt habe, abzubringen
485 2012 1592 2064 mstande sind. (Lebhafter Beifall und Händeklatschen bei den Christlich¬
481 2061 1595 2103 sozialen, stürmischer Widerspruch, Pfui= und Abzug¬
478 2091 1592 2127 rufe bei den Sozialdemokraten. Mehrere sozialdemokratische Ab¬
484 2110 1607 2171 geordnete dringen mit stürmischen Rufen gegen den
480 2160 1595 2211 Platz des Ministers Dr. Glanz. Unter stürmischen Zurufen
480 2206 1601 2254 gegen den Minister schlagen die Abgcordneten Zelenka,
468 2229 1595 2275 Witternigg, Widholz und Pölzer auf den Minister¬
472 2270 1593 2328 tisch. Stürmische Entrüstungsrufe bei den Christlich¬
480 2319 1596 2365 ozialen. Großer, langanhaltender Lärm, in welchem die Worte
469 2345 1267 2397 des Präsidenten nicht vernommen werden.)
560 2380 1592 2436 Der Präsident erteilt den Abgeordneten Witternigg
481 2405 1596 2472 und Pölzer den Ordnungsruf. (Großer Tumult. Vor
468 2454 1598 2511 der Ministerbank kommt es zu stürmischen Auseinander¬
482 2496 1593 2545 etzungen zwischen zahlreichen Abgeordneten. Die Ordner be¬
467 2535 1596 2591 mühen sich, die heftig aufeinandergeratenen Abgeordneten zu trennen.)
558 2572 1495 2623 Nachdem sich der Lärm einigermaßen gelegt hat, bemerkt
562 2605 1589 2657 Präsident Dr. Weiskirchner: Ich muß über diese un¬
474 2644 1588 2691 qualifizierbaren Vorgänge mein tiefstes Be¬
479 2680 1593 2724 auern ausdrücken. (Beifall. Anhaltende Zwischenrufe
466 2717 1591 2765 und Lärm.) Durch solche Vorgänge wird die Würde des
473 2751 1586 2809 Hauses aufs tiefste geschädigt. (Beifall. Zwischenrufe
469 2786 878 2852 und anhaltende Unruhe.)
560 2827 1591 2883 Nach einer wiederholt von lebhaften Zwischenrufen unter¬
471 2856 1587 2918 brochenen Rede des Abg. Volker (christlichsozial), der gegen die
467 2902 1596 2963 Ausführungen des Abg. Leuthner polemisiert, ergreift Abg. Seitz
481 2941 1583 2989 Sozialdemokrat) das Wort, um unter anderm auszuführen: Die
467 2970 1583 3033 höchst bedauernswerten Szenen, die sich hier ereignet haben, sind, wie
468 3028 1591 3074 ich glaube, auf einen schweren politischen Fehler der christlichsozialen
463 3054 1580 3103 Parte und der Mehrheit in diesem Hause überhaupt zurückzuführen.
464 3099 1579 3141 Oesterreich ist viel zu schwach, um eine Regierung von An¬
468 3130 1582 3180 gestellten oder gar Söldlingen zu ertragen. (Lebhafte
466 3174 1580 3216 Zwischenrufe bei den Christlichsozialen. Rufe: Unerhört! Sie
469 3213 1581 3261 prechen von Söldlingen?) Das ist der eigentliche Fehler. Wenn
465 3248 1587 3294 die Mehrheit des Hauses den Mut gehabt und in sich die Kraft gefühlt
473 3280 550 3326 hätte,
579 3284 1483 3330 selbst zu regieren, so hätte sie gewiß das
1482 3287 1584 3334 not¬
473 3321 1590 3372 wendige Verständuis und den notwendigen politischen Takt
467 3358 1587 3407 gehabt, der in der Entscheidung dieser Frage notwendig ist.
469 3399 1576 3451 (Zwischenrufe bei den Christlichsozialen.) Das kann man natürlich
470 3439 1588 3483 einem jungen Mann, einem jungen, strebsamen
452 3464 1583 3519 Mann, der einige Jahre in Präsidialbureaux gedient hat und dann
455 3508 1576 3550 plötzlich auf einen solchen Posten berufen wurde (lebhafte Zwischenrufe
461 3543 1575 3589 bei den Christlichsozialen, Rufe: Nicht beleidigen!), nicht zu¬
463 3585 1572 3625 muten. (Erneute Zwischenrufe bei den Christlichsozialen.) Wenn
460 3621 1585 3668 es zum Beispiel richtig ist, ich habe es nicht selbst gehört, aber es
464 3650 1576 3697 wird mir berichtet, daß sich Herr Dr. Glanz erkühnt hat (lebhafte
463 3692 1585 3735 Zustimmung bei den Sozialdemokraten), hier zu sagen, er werde sich
463 3732 1579 3774 die Gesetze der Anständigkeit nicht vom Hause vorschreiben lassen
473 3765 1587 3821 lebhafter Widerspruch bei den Christlichsozialen, Rufe: Das hat er
459 3805 1579 3847 nicht gesagt!), oder wenn er gesagt haben soll, er überlasse das
467 3841 1579 3890 Urteil, das von einer großen Partei des Hauses beanstandet wurde,
456 3877 1569 3940 jedem anständigen Menschen, so ist das eine Redeweise, die unge¬
462 3913 643 3969 hörig ist.
553 3949 1585 4003 Um was es sich handelt, ist die politische Frage, die
1482 3991 1578 4036 Er¬
1302 3990 1477 4038 dieses
458 3980 1289 4046 Frage der Verfassungsmäßigkeit
471 4035 1573 4076 asses des Dr. Glanz. Wir wissen, daß die Christlichsozialen die
453 4063 1573 4111 Absicht haben, in den Landern, in denen sie die Majorität haben,
456 4101 1581 4148 den Landeshauptmann zu einem selbstherrlichen Gebieter zu machen,
764 4138 929 4188 Skbinmen
994 4137 1558 4199 DeK
1770 438 2152 515 12. Februar 1921
2583 446 2760 519 Seite 7
1673 538 2784 595 erfolgen werde. Wenn der Minister für die Richtigkeit und Gesetz¬
1665 577 2787 630 mäßigkeit in dieser Sache keine größere Garantie bieten kann als
1677 614 2800 667 eine Objektivität, so haben wir schwere Bedenken. Ich setze aber
1677 652 2798 715 oraus, er wird nun doch endlich einsehen, daß der Rechtszustand
1672 682 2800 744 hier herzustellen ist. Besagter Beamter, Bundesbeamter, vom
1675 720 2806 781 Ministerium zu bestellen, von ihm zu pensionieren und von ihm zu
1671 762 2791 816 ntlassen, ist nämlich lungst pensioniert; er hat es nur für gut
1660 791 2798 853 befunden, seine Pensionierung nicht zur Kenntnis zu nehmen und
1664 829 2794 891 weiter im Dienste zu bleiben. Er erfreut sich nämlich der Freund¬
1670 868 2794 915 chaft des Herrn Landeshauptmannes Rintelen, aus welchen
1656 906 2789 962 Gründen will ich heute nicht näher untersuchen, vielleicht wird
1657 947 2789 995 auch diese Frage einmal einer genauen Prüfung unterzogen werden.
1664 974 2799 1034 Er geht also nicht in Pension, bis endlich die Gendarmen, auch die
1667 1014 2798 1063 hristlichsozialen Gendarmen, in Steiermark sagen, der Mann ist
1664 1059 2783 1109 ja nicht mehr unser Vorgesetzter, er ist pensioniert, und ihm den
1664 1082 2798 1138 Gehorsam verweigern. Und heute, da wir unmittelbar vor der
1667 1122 2785 1182 Gefahr stehen, daß alles, was in Steiermark gesetzmäßig bewaffnet
1663 1161 2785 1222 st, sich gegen die Regierung auflehnt und in den Streik tritt,
1663 1203 2789 1256 erklärt der Minister des Innern, er werde eine objektive Ent¬
1663 1234 2783 1294 cheidung in die Wege leiten. Er wird die Entscheidung wahr¬
1662 1276 2790 1326 cheinlich an dem Tage treffen, bevor das Ultimatum, das
1658 1311 2789 1368 ihm die Beamten gestellt haben, abläuft. Glauben Sie, daß
1652 1352 2781 1410 ein Mann, der so handelt, fähig und berufen ist, auf diesem
1649 1386 2782 1453 Posten zu sitzen? (Lebhafte Zustimmung bei den Sozialdemokraten.)
1658 1427 2787 1482 Erkennen Sie denn nicht, daß Sie vielleicht viele Fähigkeiten haben,
1649 1462 2776 1515 aber daß Ihnen die zur Leitung des Ministeriums des Innern
1657 1504 2781 1554 n so ernster Zeit mangelt? Das muß gar kein Fehler sein,
1654 1532 2783 1593 im Gegenteil, Sie sind vielleicht ein ausgezeichneter Literatur¬
1656 1576 2785 1629 kenner und Aesthet, Sie mögen sich berufen fühlen, Werturteile
1649 1614 2783 1661 abzugeben über Schnitzler, Hofmannsthal und den christlichen Kern¬
1665 1643 2779 1709 tock, vielleicht könnten Sie auch schöne Feuilletons über Theater¬
1668 1684 2783 1742 ücke schreiben — und Sie haben uns ja auch eine Probe dieser
1655 1716 2779 1780 Ihrer Kunst gegeben — aber das sollten Sie erkennen, daß Sie
1656 1762 2769 1822 auf dem Posten eines Bundesministers für Inneres unmög¬
1648 1788 1800 1848 lich sind.
1751 1831 2772 1897 Auch die christlichsoziale Mehrheit hat alle Ursache, ernsthaft
1649 1868 2772 1931 zu prüfen, ob es zweckmäßig sei, einen großen Teil der Bevölkerung
1652 1900 2773 1966 Deutschösterreichs durch die Zumutung des Herrn Glanz
1659 1943 2778 2004 zu provozieren. Es ist ein schwerer Fehler, zu dem vielen
1655 1981 2775 2044 Unglück, das wir in Oesterreich haben, auch noch das hinzuzusügen,
1648 2012 1767 2061 daß
1781 2022 2768 2094 man die Bevölkerung mit unfähigen
1650 2050 2014 2111 Beamten plagt.
1735 2073 2773 2146 Was nun Wien betrifft, so wird der Landeshauptmann und
1650 2116 2767 2191 Bürgermeister von Wien dem Minister die gebührende Antwort
1660 2163 2767 2230 chon geben Ich glaube kaum, daß er seine Zuschrift zur Kenntnis
1656 2205 2777 2264 nimmt. Wir kennen den Landeshauptmann von Wien als einen
1656 2244 2779 2301 ehr ruhigen, besonnenen Mann. Er wird abwarten, was dem Herrn
1651 2269 2774 2341 Glanz beuebt und ob ex wegen einer so kleinen und verhältnis¬
1652 2313 2771 2377 mäßig untergeordneten Frage einen großen Verfassungskampf zu
1648 2351 2768 2412 eröffnen gedenkt. Wenn er aber diesen Verfassungskampf unter¬
1653 2383 2768 2453 nimmt, dann werden wir ihn ausfechten. Wir ###eden daran denken,
1642 2419 2767 2479 was der Stadt Wien in größeren und wichtigeren Fragen drohen
1652 2458 2765 2521 könnte, wenn wir einmal gestatteten, daß ein wichtiges Prinzip
1642 2494 2760 2561 durchbrochen wird. Wir werden es nicht dulden, daß die Arbeiter¬
1650 2532 2767 2599 schaft in den übrigen Ländern einem selbstherrlichen Landes¬
1643 2585 2767 2635 hauptmann ausgeliefert ist, die Arbeiterschaft von Wien aber einem
1649 2608 2771 2667 selbstherrlichen christlichsozialen Bundesminister. (Stürmischer Beifall
1641 2643 1708 2705 und
1708 2650 2432 2703 Händeklatschen bei den Sozialdemokraten.)
1747 2680 2770 2745 Präsident Dinghofer: Abgeordneter Seitz hat den
1645 2703 2758 2781 Bundesminister für Tuneres als einen unfähigen Beamten bezeichnet.
1643 2753 2770 2820 Ich halte das für eine Ungehörigkeit, für ein Ueberschreiten
1638 2791 2766 2859 der parlamentarischen Ausdrucksweise und rufe den Abgeordneten
1650 2828 1768 2876 Seitz
1778 2830 2758 2898 deshalb zur Ordnung. (Lebhafter Beifall bei den
1644 2867 2640 2925 Christlichsozialen. Zwischenrufe bei den Sozialdemokraten.)
1727 2905 2764 2975 Abg. Sever (Sozialdemokrat): Wollen Sie nicht den
1625 2929 2133 2998 Minister zur Ordnung rufen?
1741 2980 2758 3043 Präsident Dinghofer: Da kein Redner mehr zum Worte
1634 2999 2761 3093 gemeldet ist, ist die Debatte über diesen Gegenstand geschlossen. (Leb¬
1624 3052 1941 3107 hafte Zwischenrufe.
1714 3093 2762 3155 Auf Antrag des Abgeordneten Sever wird beschlossen, die
1625 3111 2753 3191 Gesetzentwürfe, betreffend die Verlegung des Sitzes von
1630 3166 2753 3228 Aktiengesellschaften ins Ausland, betreffend die
1632 3202 2759 3262 Außerkraftsetzung von Gesetzen und Verordnungen, die mit dem
1631 3241 1880 3292 fünften Teile
1935 3249 2435 3308 des Staatsvertrages
2445 3253 2752 3307 von Saint¬
1631 3279 2764 3350 Hermain nicht im Einklang stehen, ferner die Wehrgesetz¬
1626 3321 2470 3367 novelle einer ersten Lesung zu unterziehen.
1712 3353 2763 3415 Abg. Dr. Bauer (Sozialdemokrat): Der Bundesminister für
1627 3373 2745 3448 Inneres yat in seiner Rede eine Aeußerung gebraucht, die ich genan
1624 3431 2747 3489 gehört habe. Er sagte, mit einer deutlichen und unzweideutigen
1618 3461 2749 3526 Spitze gegenüber der Kritik, die von unserer Partei an ihm geübt
1630 3507 2751 3559 vorden ist, er überlasse das Urteil darüber allen anständigen
1618 3542 2743 3599 Menschenz Der Präsident hat es nicht für notwendig eruchtet, diese
1623 3576 2741 3632 Beleidigung, die der Minister einer großen Partei des Hauses zu¬
1627 3616 2751 3671 gefügt hät, zu rügen. Auf Grund des § 76 der Geschäftsordnung
1624 3658 2742 3701 verlange ch, daß der Minister des Innern zur Ordnung gerusen
1617 3691 2505 3746 werde. (Lebhafter Beifall bei den Sozialdemokraten.)
1719 3726 2741 3778 Präsident Dr. Dinghofer: Ich möchte zunächst feststellen,
1619 3756 2749 3807 daß ich während der Rede des Ministers des Innern nicht an¬
1624 3803 2738 3848 wesend war und daher auch ein persönliches Urteil darüber nicht
1616 3841 2745 3880 abgeben kann. Soviel ich aber aus den Ausführungen des Abgeord¬
1618 3882 2746 3924 neten Dr. Bauer entnehme, muß ich entscheiden, daß ich nicht in
1616 3911 2737 3958 der Lagebin, dem Herrn Minister wegen dieser Aeußerung einen
1624 3943 2025 3993 Ordnungsruf zu erteilen.
1717 3969 2739 4032 Abg. Seitz (Sozialdemokrat): Ich finde es höchst sonderbar,
1621 4020 2736 4068 daß der Präsident, der soeben einen Ordnungsruf für einen Ausdruck
1627 4063 2745 4106 erteilt hat, den man vielleicht als eine Wertung von Fähigkeiten be¬
1618 4098 2735 4143 zeichnen kann, den Ordnungsruf gegenüber einem Ausdruck ver¬
1616 4133 2687 4189 welaert, durch den die moralischen Qualitaten anderer in
