3496 4320
393 361 431 396 *
403 125 531 208 11.
1096 130 1507 215 box 17/5
586 133 908 219 Reigen
1564 249 1656 291 —.
478 283 1662 341 der Laabebnische jeden Sonntag fast leer war, war bis
480 316 1663 393 zum allerletzten Platz besetzt. Jedenfalls aber nicht aus
470 370 1655 457 Fömmigkeit, sondern um auf billige Weise einer Kino¬
478 411 987 479 vorstellung deizuwobnen.
630 453 1663 533 Auch in Wien eine Demonstralidn gegen das
477 510 1667 587 Schundstück „Reigen“ Bei „der Aufführung von
469 559 1649 639 Schnitzlers Reigen“ in den Winer „Kammerspielen“
468 608 1657 684 erlönten lebhafte Pfui=Ruse und man verlangte den
465 655 1666 741 Schluß der Vorstellung. Die Lebtwell war jedoch im
462 712 1655 776 Thealer in der Majorität und wollte sich an dem un¬
470 760 1510 838 moralischen Slück bis zu Ende begeilen.
1567 774 1654 833 Die
465 805 1651 869 Polizei kam ihnen zu Hilfe und arrelierke 6 Demon¬
465 854 1654 937 strauten. In München, wo es noch ein anständiges
455 909 1644 979 Theaterpublikum gibt, wurde das unflälige Machwerk
456 960 1653 1024 entschieden abgelehnt. In dem polizeilichen Verbolser¬
460 1000 1640 1080 kenninis hieß es, daß das Schnitzler'sche Stück dem ge¬
458 1045 1650 1123 sunden Volksempfiaden Hohn spricht und daher mit
467 1098 1639 1175 Recht in weiten Kreisen der Beobikerung Anfloß ersegl.“
579 1149 1329 1217 # dei Mitlenss #itan fün Otien
1327 1144 1641 1227 Ans 01ag
532 1265 1152 1345 eig. nur zu Sutlich, s0 —..
519 1331 1536 1386 und Nachsicht der Bourgeoisie nur so lange Geltung haben,
520 1367 1527 1440 ils die Interessen ihrer Klasse nicht berührt werden. Daß
526 1413 1528 1470 n einem Machtkampf nicht mit Papierkugeln und könen¬
530 1450 1526 1513 en Phrasen gekämpft wird, ist, klar. Daß aber dabei jede
522 1495 1525 1564 er beiden Klassen zur Demasliefung, gezwungen ist, ist
534 1538 1540 1597 ediglich ein Vorteil der Arbeitendeny Denn die ganze
516 1578 1524 1649 Herrschaft der Bourgeoisie in unserem Zeita#ten basiert auf
512 1631 1527 1690 einem Schwindell an den die Massen noch glauben. Fällt
505 1664 1539 1758 der Mantel und die Larve, so folgt ihnen die ganze Herr¬
513 1705 1347 1796 schaft der off und verlapshen Bourgeoi#
538 1769 1536 1865 Die „Reigen"=Hetze der Christlichsozialen. Sonntag
498 1826 1526 1904 abends vor Beginn der Vorstellung des „Reigens“ machten
503 1877 1524 1941 vor den Kammerspielen in der Ro#nturmstraße etm####0
498 1914 1520 1995 Personen, die aus einer Versammlung des Katholischen
492 1958 1523 2026 Volksbundes gekommen waren, wo sie Herr Seibel mit
499 2010 1513 2071 einer Hetze gegen „das schweinische Stück des Juden
497 2045 1522 2119 Schnitzler“ geistig erbaut hatte, Krawall, um gegen die
496 2084 1542 2167 Aufführung zu demonstrieren. Wache schritt ein, drängte die
498 2134 1521 2214 Krawallierenden zum Kai ab und nahm vier Verhaftungen
496 2180 1431 2246 vor. Die Aufführung nahm einen ungestörten Verlauf.
582 2388 1707 2462 Gegen die „Reigen“=Zauerei des Juden
490 2444 1703 2526 Schnitzler. Wien, 14. Fesef (Eigenb.) Vor Be¬
495 2501 1687 2574 ginn der gestrigen Aufführung von Schnitzlers „Reigen“
492 2550 1706 2620 in den Kammerspielen kam es in der Roten Turmstraße
487 2606 1705 2673 zu Demonstrationen gegen die Aufführung, wobei vier
491 2670 1287 2726 Verhaftunge vorgenommen wurden.
585 2709 1700 2774 Die Grazäg Aerzte gegen diezmutwilligen
496 2760 1693 2822 Striks. Graz, 1# feber. Die GräzeygAerzte ha¬
502 2802 1705 2878 ben den Beschluß gefäßt im Falle eines öffensichtlich
504 2875 1703 2924 ohne wirkliche Gründe mütwillig begonnenen Streikes
497 2908 1699 2980 falls er wichtige Allgemeininteressen schädigt, weder
501 2956 1707 3017 Streikende noch deren Angehörige ärztlich zu behan¬
498 3008 1708 3070 deln. Es kommen da Ausstände im Verkehrs= und
511 3053 1701 3119 Nachrichtenwesen oder in der Kohlen=, Licht= und Le¬
504 3109 1237 3180 bensmittelversorgung in Betracht.
614 3166 1699 3228 Das Kommunistenkomplott in Paris. Un¬
511 3214 1699 3274 ter den am Kommunistenkomplott beteiligten Personen
524 3264 1701 3324 scheint auch MMax Nordau, ein hervorragender Führer der
521 3320 1696 3381 Alliance iergelite zu sein, dessen Verhaftung angeordne
661 3409 1696 3488 Waffenstillstand in Kleinasien. Kon¬
511 3463 1703 3539 skantinopel, 14. Febr. Aus Angora wird gemeldet, daß
522 3517 1711 3584 der Führer der türkischen Nationalisten, Mustapha Kemal
512 3566 1706 3634 den Befehl zur Einstellung der Feindseligkei en während der
517 3629 1447 3690 Dauer der Londoner Konferenz erteilt habe.
606 3670 1719 3740 Die Schlaftrankheit in Amerika.
510 3729 1714 3787 Washington, 14. Feber. (Eigend.) Hier macht der
509 3772 1713 3843 Ausbruch einer Schlafepidemie große Fortschritte. Es
512 3827 1350 3890 werden bereits 11 neue Jälle gemeldet
1695 268 1733 317 6
1691 781 1808 848 e
2100 1481 2188 1562 #
2303 597 3234 694 Zelotiomno, Schiebertum und Kunst,*
2312 680 3162 741 Im Deutschen Volkstheater wird derzeit Schn
2220 702 3175 784 „Reigen“ gegeben, über welches Werk die zelottscheicht
2219 763 3200 824 soziale Presse schon bei seinem Erscheinen herfiel und
3205 782 3264 827 die
2209 803 3274 866 nun auch die Aufführung mit eiferndem Hervorkehrenzihrer
2215 831 3271 904 Lippenmoral begleitet. Ueber die Aufführung und die Auf¬
2207 874 3265 957 nahme, die sie sand, schreibt Genosse Otto König, der be¬
2209 910 3144 979 kannte Kritiker der „Arbeiter=Zeitung“, das folgende:
2310 950 3257 1013 Als diese Szenenreihe vor einundzwanzig Jahren in
2203 969 3253 1059 Buchform erschien, hat „man“ sich entrüftet. Es wurde als
2214 1024 3266 1096 frivol und frech bezeichnet, daß da in zehn allerintimsten
2203 1067 3253 1124 Szenen: Dirne Leokadia und Soldat, Soldat und Stuben¬
2208 1108 3265 1161 mädchen, Stubenmädchen und junger Herr, junger Herr und
2208 1139 3257 1210 junge Frau, junge Frau und ihr Gatte, der Gatte und das
2212 1171 3253 1248 üße Mädel, das süße Mäbel und der Dichter, der Dichter
2200 1224 3254 1287 und die Schauspielerin, die Schauspielerin und der Graf,
2207 1254 3256 1325 der Graf und wieder die Dirne Leokadia, an satirisch durch¬
2202 1292 3253 1362 leuchteten und nachdenklich ironisch gezeichneten Typen gezeigt
2193 1341 3255 1405 wurde, wie auch im Triebleben der Sexualität kein Unter¬
2201 1369 3251 1439 schied ist im Menschenwert der verschiedenen Gesellschafts¬
2207 1408 3255 1481 chichten. Mag auch der äußere Anstrich feiner oder gröber
2202 1454 3244 1516 gefälliger oder rauher sein oder ganz fehlen: sie sind allzumal
2202 1494 3247 1549 brutale Geschlechtstierchen und mangeln des Ruhms, den sie
2210 1520 3248 1593 ich in verlogenem Moralgeschwätz zulegen. Da diese Dialoge
2195 1567 3245 1629 nun unter der dezenten Regie Schulbaurs in den Kammer¬
2201 1598 3245 1669 spielen aufgeführt werden, entrüstet sich jene Presse, die ein¬
2202 1644 3245 1707 gestandenermaßen nicht scheut, zelotisch genannt zu werden,
2200 1681 3255 1738 von neuem bis zu einer Besinnungslosigkeit, die sich mit
2192 1714 3247 1785 dem Anspucken der im „Reigen“ beschäftigten Darstellerinnen
2198 1758 3242 1819 einverstanden erklärt. Man kann sich mitentrüsten! Denn
2191 1798 3251 1857 abgesehen davon, daß vielleicht jede Aufführung dem sittlichen
2195 1827 3247 1898 Ernst des Werkes wirklich Abbruch tun muß, es ist empörend,
2191 1864 3250 1938 daß das Werk erst jetzt aufgeführt werden darf, da Schieber
2196 1904 3240 1984 für 400 bis 1200 Kronen für die Sitzfläche mit fettigem
2190 1948 3241 2012 Grinsen in allen Akten nur eben „den Akt“ genießen und
2186 1984 3241 2051 des Dichters feine psychische Einfühlung, seine graziöse
2194 2020 3250 2090 Charakteristik und tragische Ironie kaum empfinden oder
2193 2060 3248 2133 als lästiges Beiwerk übergähnen. Vor diesem Publikum
2590 2174 2893 2260 1à FEDRUA
2374 2246 2861 2385 Steyrer Tag
2526 2406 2933 2482 „Steyren Dugslati“
2170 2505 3236 2564 kann eine Serie von „Reigen“=Aufführungen ebenso Kunst¬
2183 2558 3236 2613 mißbrauch werden, wie es die „Wetterstein“=Aufführungen
2176 2593 3233 2647 schließlich wurden. — Besonders glücklich waren die weiblichen
2177 2630 3222 2681 Rollen besetzt. Traute Carlsen als junge „anständige
2172 2670 3231 2724 Frau“, die nawelüstern soeben auf den Ehebruchsgeschmack
2176 2715 3222 2769 gekommen ist, Hedwig Keller ats süßes Mädel, zugleich
2181 2751 3232 2799 pitzbübisch=wissend und rührend=blöd, Marietta Olly als
2176 2787 3230 2840 erotische Heroinc von routinierten Genußfreudigkeit, Elisabeth
2174 2823 3224 2877 Markus, durch zwanglose Natürlichkeit und schamferne
2173 2861 3227 2916 Dirnen=Sachlichkeit besonders im Spiel mit den gräflichen
2178 2899 3225 2952 Offizier von frappierender Wirkung, verdienet für die wohl¬
2181 2944 3219 3001 gefeilte Veristik ihrer Leistungen volle Anerkennung. Unter
2169 2979 3220 3026 den männlichen Darstellern gefiel der als junger, liebens¬
2175 3018 3215 3076 würdiger Schwerenöter allzeit erfreuliche Hans Wengra
2172 3057 3227 3110 am besten. Auch Dumme Jungen=Komik gelang ihm. Die
2176 3090 3223 3141 sympathische Rolle des Dichters Biebitz versah Hans Ziegler
2173 3136 3220 3175 mit manchem echten Ton und wirksamen Druckern, doch schien
2166 3165 3229 3217 die Interpretation nicht vollkommen genug durchseelt. Leopold
2177 3205 3227 3257 Iwald, als komisch moralbewehrter und spaßig langweiliger
2171 3247 3227 3295 Gatte ganz vortrefflich, hätte nur nicht auch dem süßen
2170 3279 3228 3337 Mädel mit denselben Tönen kommen sollen. Es wäre in
2173 3319 3218 3372 Wirklichkeit bestimmt nicht mit ihm gegangen. Hans Lackner
2174 3358 3221 3409 spielte den Grafen aus Steinamanger mit viel gutem
2176 3398 3229 3451 provinzoffizierlichem Ausdruck, doch mit herzlich wenig
2178 3434 3226 3488 österreichischem Kavallerieschmiß. Ein Schuß „Sima“ hätte
2167 3470 3223 3522 da hineingehört. Franz Kammaufs etwas kompakter
2178 3508 3216 3559 Deutschmeister, gab echtesten Naturlaut. Etwas weniger
2176 3548 3223 3596 Drastik am Edelknaben hätte vielleicht mehr gewirkt. Das
2168 3587 3226 3631 zum großen Teil weibliche Publikum, während des Spiels
2176 3629 3222 3679 unangenehm störend durch allerlei Aeußerungen deplaciertester
2176 3662 3218 3718 Verständnisinnigkeit, rief zuletzt gesättigt grunzend nach
2169 3698 3218 3750 dem Dichter. Der tat ihm aber selbstverständlich keine
2177 3736 2696 3788 Geschmacklosigkeit zu Gefallen.
