3392 4448
244 121 330 218 11
924 114 1363 230 box 17/6
425 121 759 233 Reigen
475 742 1000 883 ZROTtN
1105 799 1531 890 Wien, Dennerstag
1906 818 2468 913 Wiener Stimmen
2817 828 3223 930 17. Februar 1921
695 915 3247 1159 Arbeiter und Angestellte, Achti
408 1137 3228 1338 Am 19. und 20. Februar Kammerwahl! Alle müs
1554 1344 2715 1430 höhnung der sittlichen Empfindungen aller anständigen
530 1264 1421 1447 Die „Reigen=Auf¬
2729 1368 3225 1446 nationale wie christliche,
1555 1398 2709 1480 Menschen. Wohlan, die Wiener christliche Jugend hat
2727 1423 3264 1509 allen mitverwirkten Nöte
504 1411 1488 1535 führungen eingestellt!
1556 1458 2709 1532 getan, was einbekanntermaßen in einem viel belangloseren
2724 1472 3248 1545 Empörung über die
1564 1505 2700 1604 Falle Juden sogar gegen Nationsgenossen zu tun nicht
2732 1524 3256 1582 Volkstheaters“ öffentl
439 1511 1493 1611 Ein Erfolg der Wiener christlichen Jugend.
1559 1554 1894 1638 zögern würden.
2817 1561 3253 1639 Für die deutsch=arisch
487 1577 1551 1671 Die Polizei hat die „Reigen“=Aufführungen bis
2845 1615 3230 1694 Prof. Dr. Heinz
393 1632 1547 1718 auf weiteres, das ist wohl bis zur Entscheidung des Ver¬
1568 1668 2677 1775 Das sozialdemokratische Echo.
398 1685 1545 1791 fassungsgerichtshofes, zur Verhinderung einer Wieder¬
2754 1716 3225 1812 Das „N. Wr. Tagbl.“
388 1739 1280 1819 holung der gestrigen Vorfälle verboten.
1643 1750 2710 1831 Die „A.=Z.“ verlautbart folgende Kundmachung an
2710 1763 3247 1860 Tagen Befürchtungen ge
483 1791 1533 1878 Damit hat ein Skandal sein vorläufiges Ende
1557 1788 2693 1892 die „Wiener Bezirksobmänner der politischen Organi¬
2721 1839 3244 1912 wegen der Aufführungen
1567 1843 1739 1916 alion“:
391 1840 1535 1934 erreicht, den von vorneherein zu verhüten die berufenen
2717 1884 3257 1947 spielen zu- Demonstratione
1625 1872 2692 1972 „Heute Donnerstag, 3 Uhr nachmittags sehr wich¬
398 1900 1534 1986 Hüter der Ehre Wiens verpflichtet gewesen wären. Es
2707 1933 3255 2001 der Gewissenszustand der A
1563 1934 2705 2024 tigeSitzung in der Gewerkschaftskommission. Be¬
386 1952 1532 2040 wäre aber auch klüger vom Herrn Landeshauptmann¬
1560 1978 2516 2064 stimmtes und vollzähliges Erscheinen notwendig!“
2713 1978 3258 2054 ausreichend gekennzeichne
388 2004 1524 2090 Bürgermeister gewesen, die Stadt Wien durch ein recht¬
2802 2029 3245 2102 Das „N. W. Jour
383 2063 1529 2136 zeitiges Aufführungsverbot vor dem „Reigen"=Skandal
2705 2068 3249 2154 ausgabe höchst freiheitlich:
1595 2052 2648 2162 Die deutsch=arischen Vereine
383 2119 1533 2200 zu bewahren. Die Marxistenfürsorge für die abendlichen
2715 2120 3252 2199 beschuldigt die Demonstra
1644 2148 2612 2238 gegen den Theaterschmutz.
392 2165 1528 2239 Schieberbedürfnisse in Ehren — aber es macht sich nicht
2703 2178 3261 2254 lich auf die kostbaren P#
381 2223 1531 2303 gut, wenn dann gelegentlich eines Ausbruchs des Volks¬
1630 2200 2609 2317 Eine Eingabe an den Verein „Deutsches
2703 2218 3258 2314 „Reigen“=Gesellschaft abge
1933 2274 2304 2342 Volkstheater“.
377 2277 1524 2356 zorns ob der frechen öffentlichen Verhöhnung der
2792 2275 3250 2346 Die „W. Mittag
2703 2320 3248 2391 zerns appelliert an die B
1626 2312 2682 2402 Die Vertreter der deutsch=arischen Vereinigungen
374 2323 1531 2399 deutschen Sitte und christlichen Moral, des primitiosten
2704 2373 3241 2458 kraten und behauptet u. a.
1543 2363 2679 2448 Oesterreichs haben mit dem 14. d. folgendes Schreiben
377 2374 1513 2458 gesellschaftlichen Anstands in dem Publikum, das auf
2709 2418 3264 2499 nicht gescheut hatten, eini
1538 2426 2671 2516 an den Verein „Deutsches Volkstheater“
380 2427 1520 2512 derartige „Unterhaltungen“, nicht verzichten zu können
1548 2461 1751 2544 gerichtet:
2706 2468 3250 2541 solchen Exzessen aufzuford
379 2479 1512 2558 glaubt, neben den vielen jüdischen Schiebern und ihren
2702 2506 3257 2603 eine leicht erweisliche Unw
1634 2490 2680 2589 Die in den Räumen des Deutschen Klubs“ ver¬
371 2531 1518 2605 Begleiterinnen und neben dem von der sozialdemokrati¬
2712 2563 3006 2648 Schwärmerin.
1544 2549 2684 2637 sammelten Vertreter der deutsch=arischen Vereinigungen
385 2587 1514 2683 schen Presse oft genug als „monarchistischen Provokateur“
1538 2607 1793 2673 Oesterreichs,
1794 2614 2676 2688 die zum Großteil auch Kultur¬
3016 2604 3255 2711 Die Lic
373 2642 1509 2728 angesprochenen Grafen Louis Salm auch der Stell¬
1530 2657 2676 2733 belange der in den Ländern wohnenden Stammes¬
2793 2662 3255 2766 Im Finanz= und Bud
374 2692 1520 2778 vertreter des Herrn Bürgermeisters, Genosse Vize¬
1535 2694 2298 2774 deutschen zu hüten perpflichtet
2281 2709 2682 2782 sind, beehren
2699 2707 3240 2801 Bericht der Liquidie
364 2740 1507 2827 bürgermeister Emmerling agnosziert wird!
1537 2752 2670 2838 sich hiemit, demVerein „DeutschesVolkstheater“ in Wien
2700 2780 3241 2857 Verhandlung gezogen. Es
456 2799 1504 2875 Solche Sachen können dem Marxismus unmöglich
1544 2808 2670 2890 folgenden Schritt nahe zu legen: Der Verein möge, ein¬
2702 2826 3250 2915 erstatter Pauly und L##
361 2839 1518 2943 zum Vorteil gereichen, unmöglich zur Hebung seines
1527 2860 2673 2935 gedent seiner im Gründungsjahre des D. V. fest¬
2693 2874 3074 2948 neter Smitka.
1533 2900 2687 2983 gelegten ideellen Aufgaben, ehestens in einer
363 2898 1513 2990 Ansehens im Proletariat beitragen. Wie sagte doch
1528 2952 2674 3025 außerordentlichen Vollversammlung seiner Mitglieder
370 2950 1499 3039 Präsident Seitz in der „Reigen“=Debatte im Parla¬
1523 2997 2670 3073 den derzeitigen Direktor des D. V. Bernau für die
364 3002 1504 3092 ment? Die Sittlichkeit der Wiener Arbeiter, sagte Seitz,
1528 3048 2674 3123 Aufführung der Sexualspiele „Flamme" und
361 3058 1498 3145 könne durch den „Reigen“ nicht gefährdet werden, denn
1526 3094 2679 3174 „Reigen“ zur Verantwortung ziehen und
351 3107 1501 3188 die Arbeiter gehen schon aus dem Grunde nicht hin, weil
1530 3151 2673 3231 auf Entfernung dieser Werke aus dem
357 3162 1497 3254 ihnen der Eintrittspreis unerschvinglich sei. Wenn dem
1521 3191 2668 3272 Spielplane dringen. Die immer weiter greifende,
454 3216 1490 3303 ist, dann ist es für einen „Proletarier¬
1528 3239 2663 3314 auf Verfasser wie Direktor in gleichem Maße bezügliche
360 3266 1496 3347 Führer“ nicht gut, mitten unterm „Reigen"=Publikum
1525 3285 2672 3371 Entrüstung über die genannten Aufführungen stellt
349 3325 1499 3392 ertappt zu werden. Proletarierführer gehören auch abends
1526 3333 2658 3416 keineswegs bloß die Aufmachung einer einseitig partei¬
347 3363 1490 3458 dorthin, wo das Proletariat ist, nicht in die Schieber¬
1511 3380 2653 3473 politischen („bürgerlichen") Hetze oder Kraftprobe dar; sie
341 3418 1499 3508 gesellschaft, gegen die man tagsüber in den Brusttönen
1515 3431 2655 3506 will vielmehr im Sinne des bodenständigen Wien,
380 3472 1492 3550 oralischer Entrüstung gewettert! Die Arbeiterschaft wird
1518 3477 2660 3558 sowie des Kulturzusammenhanges mit
1520 3524 2656 3610 Deutschland und dem Norden beurteilt werden, wo
378 3523 1493 3604 ch ihre Gedanken machen über Führer, die am Abend
1519 3570 2655 3679 Oesterreichs Not und Wiens Schande rein¬
342 3579 1489 3665 von ihr nichts mehr wissen wollen und zur Erholung
1504 3615 2184 3710 lich geschiedene Erkenntnisse sind.
335 3628 1499 3717 von den Mühen der Proletariatsführung Lokale,
345 3668 1488 3769 aufsuchen, in denen sich das Schiebertum auf seine Weise
337 3736 1484 3813 unterhält und von deren Besuch das Proletariat
337 3782 1494 3888 sowohl durch seine höheren Sittlichkeit wie durch seine
335 3839 1123 3916 geringern Zahlkraft ferngehalten wird.
425 3882 1488 3980 Da die sozialdemokratische Regierung von Wien
332 3918 1492 4023 an den Geboten der Sittlichkeit wie
323 3998 1491 4085 an den Aufträgen der Bundes¬
326 4042 1483 4134 regierung Sabotage übt, um bei allen
323 4090 459 4162 1
837 4106 1409 4162 — 1— —E PT
