3532 4192
400 84 485 160 11
588 93 891 180 Reigen
1092 95 1508 184 box 18/2
2202 99 3264 218 Schnißzlers „Reigen“ vor Gericht.
2152 186 3292 285 Die Direktion des Kleinen Schauspielhauses unter Anklage.
2171 262 3303 334 Vor der sechsten Strafkammer des Landgerichts III begann heute
2129 310 3294 367 unter Vorsitz des Landgerichtsdirektors Braunhausen die Ver¬
2128 343 3290 414 handlung gegen die Direktoren Frau Eysold und Sladek, den
2134 383 3298 462 Regisseur Rengel und gegen zehn Schauspieler und Schauspielerin¬
2128 430 3302 498 nen des Kleinen Schauspielhauses wegen Erregung öffentlichen
2127 468 3295 546 Nergernisses durch die Darstellung des Schnitzlerschen
2127 525 3289 591 „Reigen“. Die Verhandlung findet im Schwurgerichtssaale statt,
2124 555 3296 620 der sich bald mit zahlreichen Zuhörern, Zeugen und Sachverständigen
2123 592 3302 672 follt. Die Anklage wird durch Staatsanwaltschaftsrat v. Bradik¬
2120 645 3292 725 vertreten, die Verteidigung führen die Rechtsanwälte Wolfgang
2119 677 3226 746 Heine. Justrizrat Dr. Rosenberger und Rechtsanwalt Neumond.
2174 722 3294 798 Der Kampf hat bekanntlich schon eine lange Vorgeschichte. Er be¬
2114 759 3294 838 gann mit dem Zivilprozeß der Direktion der Hochschule für Musik
2116 805 3288 864 gegen die Direktion des Kleinen Schauspielhauses auf Unterlassung
2116 838 3289 910 der Vorstellungen. Die Zivilkammer hatte damals zugunsten des
2113 873 3287 934 Kleinen Schauspielhauses erkannt und die Schnitzlerschen Szenen
2122 910 3295 982 nicht für unzüchtig, sondern für eine sittliche Tat erklärt.
2116 948 3287 1021 Gegen die Angeklagten war dann ein strafrechtliches Verfahren ein¬
2114 990 3291 1055 geleitet worden, sie sind aber durch Beschluß vom 22. Juni außer
2116 1026 3286 1087 Verfolgung gesetzt worden, in dem Beschluß wurde aber zum Aus¬
2109 1059 3285 1126 druck gebracht, daß objektiv eine Unzüchtigkeit in der Darstellung er¬
2117 1097 3279 1171 blickt werden könne. Die Angeklagten setzten aber die Vorstellungen
2109 1133 3284 1210 fort, weil sie ihr eigenes Urteil und das des Landgerichts in Zivil¬
2116 1171 3283 1248 achen und schließlich das der Sachverständigen für maßgebender er¬
2115 1214 3287 1281 achteten als diesen Beschluß. Am 4. Januar, nach der Entscheidung
2106 1246 3277 1319 der Zivilkammer, war das erste Verfahren durch den Leiter der Zen¬
2099 1282 3281 1353 tralstelle für Prüfung unzüchtiger Darstellungen und Schriften, Pro¬
2114 1318 3284 1409 fessor Brunner, eingeleitet worden. Neuerdings ist dann wieder
2110 1362 3102 1426 ein Verfahren inszeniert worden, das zur Anklage führte.
2162 1398 3275 1477 Als Sachverständige sind vom Gericht Regierungsrat Professor
2092 1436 3285 1515 Brunner und Geheimer Regierungsrat Professor Faßbender
2100 1479 3274 1554 geladen worden. Von der Verteidigung sind als Sachverständige
2100 1522 3271 1574 geladen Professor Dr. Witkowski (Leipzig), Dr. Max Osborn
2100 1554 3266 1625 Landgerichtsdirektor Geheimer Justizrat Bock, Oberverwaltungs
2110 1594 3274 1661 gerichtsrat Dr. Lindenau Professor Klahre, Schriftsteller
2109 1632 3269 1693 Ludwig Sternaux. Regisseur Lindt, berregierungsrat Dr.
2098 1664 3260 1724 Bulke, Regisseur Dr. Heim. Theaterdirektor Holländer
2106 1701 3283 1768 Dr. Hochdorf, Schriftsteller Artur Eloesser. Dr. Alfred
2098 1737 3269 1809 Kerr Redakteur Hupfeld, Direktor Robitschek, Professor
2090 1778 3273 1849 Bie, Gerhart Hauptmann, Schriftsteller Zapp, Maler
2097 1813 3046 1877 Karl Walser, Justizrat Dr. Lubczynski.
3046 1828 3274 1887 Dr. Ludwig
2100 1850 3270 1934 Fulda, Dr. Artur Wolff, Kapellmeister Meyrowitz, Frau
2099 1886 2862 1946 Troisch, M. d. R., und Minna Cauer.
2157 1918 3272 1986 Nach Aufruf der Zeugen und Suichverständigen gibt Rechtsanwalt
2100 1960 3261 2027 Wolfgang Heine folgende Erklärung ab: Die Angeklagten erbieten
2100 2001 3270 2065 sich für das Gericht, die Zeugen und Sachverständigen eine
2093 2041 3265 2098 Separatvorstellung des „Reigen“ im Kleinen Schau¬
2095 2074 3258 2134 spielhause zu veranstalten, da das Gericht die Aufführung größten¬
2092 2111 3263 2169 teils nicht gesehen hat. Wenn das Gericht dies beschließen würde,
2088 2147 3261 2221 so würde sich die ganze Zeugenvernehmung zum größten Teil er¬
2083 2180 2238 2230 übrigen.
2149 2221 3257 2275 Staatsanwalt v. Bradke: Ich würde es auch für sehr
2077 2263 3253 2320 wünschenswert halten, wenn das Gericht die Aufführung selbst sieht
2081 2295 3269 2354 Es würde sich dann empfehlen heute überhaupt nicht zu verhandeln,
2085 2329 2694 2391 sondern erst nach der Aufführung.
2136 2369 3254 2423 Zwischen den Verteidigern und dem Angeklagten einerseits, und
2087 2409 3264 2457 dem Gericht und dem Staatsanwalt andererseits entstehen nun län¬
2081 2450 2965 2507 gere Debatten über den Termin der Vorste###
2083 2483 2799 2531 dazu neigt, die Separatvorstellung am
2802 2500 3254 2535 # g. vormittags un
2084 2520 3261 2565 10 Uhr, stattfinden zu lossen, erklärt eine von der Staatsanwalt¬
2080 2559 3252 2600 schaft als Zeugin geladere ältere Dame, daß sie dagegen pro¬
2073 2590 3262 2647 testieren müsse, daß der Reigen am Sonntag während des
2086 2631 3254 2686 Gottesdienstes in den Kirchen stattfinde. Hierdurch werde das
2076 2671 3167 2717 religiöse Gefühl eines jeden Deutschen auf das tiefste verletzt¬
3175 2679 3253 2726 Sie
2084 2705 3259 2764 selbst würde jedenfalls zu der Vorstellung nicht erscheinen. (Zuruf
2073 2744 3016 2806 von der Anklagebank: „Gehen Sie lieber in die Kirche!
2123 2789 3254 2849 Rechtsanwalt Heine: Ich möchte bei dieser Gelegenheit auf sol
2079 2826 3248 2870 gendes hinweisen und einen Antrag stellen. Unter den hier er¬
2088 2868 3252 2912 chienenen von der Staatsanwaltschaft geladenen Zeugen befinden
2082 2903 3246 2949 sich mehrere, die an den bekannten Lärmszenen im Kleinen
2084 2937 3252 2993 Schauspielhaus anläßlich der Reigen=Aufführung am 22. Februa#
2079 2976 3248 3024 beteiligt gewesen und sogar verhaftet worden waren. Ich bitte des¬
2078 3015 3250 3056 halb, die Akten des Polizeipräsidiums über diese Zeugen und diese
2073 3048 3241 3097 Vorfälle herbeizuschaffen. Staatsanwalt v. Bradke widersprich
2069 3084 2344 3141 idesem Antrage.
2122 3121 3247 3181 Dann beschließt das Gericht, morgen mittag um 12 Uhr eine ge¬
2075 3164 3251 3216 richtliche Augenscheinsnahme in Gestalt einer
2070 3202 3242 3245 Separatvorstellung des „Reigens“ im Kleinen Schai¬
2070 3239 3242 3286 spielhause stattfinden zu lassen, zu der sämtliche Zeugen und Sach¬
2065 3280 3243 3342 verständige unter Strafandrohung im Falle ihres Nichterscheinens
2067 3317 2291 3366 geladen sind.
2125 3342 3243 3404 Staatsanwalt v. Bradke stellt den Antrag auf Ausschluß
2064 3392 3226 3438 der Oeffentlichleit wegen Gefährdung der Sittlichkeit. Recht
2061 3432 3233 3471 anwalt Wolfgang Heine, ebenso der Angeklagte Sladek widersprechen
2062 3462 3243 3506 Nach kurzer Beratung beschließt das Gericht, den Antrag des
2073 3503 3237 3554 Staatsanwalté abzulehnen, da von einer öffent¬
2066 3540 3235 3581 lichen Verhandlung eine Gefährdung der Sitt¬
2062 3572 3237 3628 lichkeit nicht zuerwarten ist. In der Vernehmung erklärt
2067 3618 3243 3667 die Angeklagte Frau Eysoldt, daß sie jede strafbare Handlung
2067 3653 3236 3695 bestreiten und den Vorwurf, etwas Unzüchtiges auf die Bühne ge¬
2060 3692 3149 3733 bracht zu haben, mit aller Entschiedenheit zurückweisen müsse.
2062 3731 3229 3770 habe sich lediglich von rein künstlerischen Motiven leiten lassen. Der
2064 3767 3143 3810 Vorsitzende erinnert daran, daß sich Schnitzler selbst im Jahre
3161 3769 3238 3816 1912
2062 3802 3145 3848 über die Aussichtslosigkeit einer Aufführung geäußert habe.
3142 3801 3240 3854 Frau
2057 3841 3226 3881 Eysoldt erklärt dies damit, daß seinerzeit die Zensur bestand und
2069 3875 3234 3919 Schnitzler offenbar mit Rücksicht auf diese von einer Aussichtslosigkeit
2059 3919 3239 3956 der Aufführung gesprochen habe. Frau Eysoldt entwickelt sodann
2053 3951 3228 4009 des längeren ihre künstlerischen Anschauungen, die sie veranlaßt
2058 3993 2653 4042 hatten, den „Reigen“ aufzuführen.
2199 4064 3088 4129 Die Beileauna des Kellnerstreiks.
3260 3848 3296 3900 E
3263 3308 3306 3374 1
3274 3485 3321 3521 W
3279 3517 3315 3574 N
3279 3593 3313 3634 E
3265 3664 3313 3715 D
3292 2814 3327 2859 1
3273 2891 3319 2935 si
3290 2931 3325 2971 e
3283 3001 3329 3048 T
3275 3040 3321 3108 8
3278 3171 3314 3226 ir
3317 1284 3352 1328 t
3319 1324 3354 1363 t
3322 1412 3362 1475 n
3308 1507 3354 1564 a
3321 1618 3356 1671 0
3304 1662 3347 1701 I
3314 1696 3361 1733 al
3311 1724 3358 1766 sc
3312 1764 3365 1834 a
3306 1824 3341 1866 P
3305 1892 3351 1933 ei
3310 2010 3341 2050 W
3294 2040 3339 2087 H
3299 2114 3345 2159 re
3296 2187 3351 2233 D
3293 2225 3352 2275 si
3292 2262 3353 2307 TU
3298 2300 3343 2344 di
3297 2408 3345 2455 *
3293 2448 3339 2491 a
3288 2519 3333 2562 6
3293 2559 3329 2599 0
3325 1041 3366 1102 1
3326 1100 3359 1137 7
