<?xml version="1.0" encoding="UTF-8" standalone="yes"?>
<PcGts xmlns="http://schema.primaresearch.org/PAGE/gts/pagecontent/2013-07-15" xmlns:xsi="http://www.w3.org/2001/XMLSchema-instance" xsi:schemaLocation="http://schema.primaresearch.org/PAGE/gts/pagecontent/2013-07-15 http://schema.primaresearch.org/PAGE/gts/pagecontent/2013-07-15/pagecontent.xsd">
    <Metadata>
        <Creator>prov=University of Rostock/Institute of Mathematics/CITlab/Gundram Leifert/gundram.leifert@uni-rostock.de:name=ONB_Newseye_GT_M1+(htr_id=10810)::::v=2.4.3
prov=University of Rostock/Institute of Mathematics/CITlab/Tobias Gruening/tobias.gruening@uni-rostock.de:name=de.uros.citlab.module.baseline2polygon.B2PSeamMultiOriented:v=2.4.3
prov=University of Rostock/Institute of Mathematics/CITlab/Tobias Gruening/tobias.gruening@uni-rostock.de:name=/net_tf/LA73_249_0mod360.pb:de.uros.citlab.segmentation.CITlab_LA_ML:v=2.4.3
Transkribus</Creator>
        <Created>2019-10-07T11:38:44.335+02:00</Created>
        <LastChange>2019-12-04T16:35:40.838+01:00</LastChange>
        <TranskribusMetadata docId="223982" pageId="9503273" pageNr="388" tsid="20403478" status="IN_PROGRESS" userId="40391" imgUrl="https://files.transkribus.eu/Get?id=SVXSWZFICPQBBYKMMJNMURSE&amp;fileType=view" xmlUrl="https://files.transkribus.eu/Get?id=NYKQUZVMEBWFYLXOQFEYVVVA" imageId="6193487"/>
    </Metadata>
    <Page imageFilename="223982_0388.jpeg" imageWidth="3336" imageHeight="4416">
        <ReadingOrder>
            <OrderedGroup id="ro_1711448415749" caption="Regions reading order">
                <RegionRefIndexed index="0" regionRef="r1"/>
                <RegionRefIndexed index="1" regionRef="r2"/>
                <RegionRefIndexed index="2" regionRef="r3"/>
            </OrderedGroup>
        </ReadingOrder>
        <TextRegion orientation="0.0" id="r1" custom="readingOrder {index:0;}">
            <Coords points="363,127 363,4074 1227,4074 1227,127"/>
            <TextLine id="r1l1" custom="readingOrder {index:0;}">
                <Coords points="477,174 854,149 1101,165 1109,125 1052,109 760,134 476,115"/>
                <Baseline points="482,154 513,154 544,154 575,154 606,153 637,153 668,153 699,153 730,153 761,152 792,152 823,152 854,151 885,151 916,150 947,150 978,149 1009,149 1040,149 1071,148 1103,147"/>
                <TextEquiv>
                    <Unicode>Tumuliszenen auf der Straße.</Unicode>
                </TextEquiv>
            </TextLine>
            <TextLine id="r1l2" custom="readingOrder {index:1;}">
                <Coords points="445,211 1147,217 1207,210 1207,159 445,168"/>
                <Baseline points="451,205 488,205 526,206 563,206 601,206 638,205 676,205 713,205 751,205 788,204 826,204 864,204 901,203 939,203 976,202 1014,202 1051,201 1089,200 1126,199 1164,198 1202,197"/>
                <TextEquiv>
                    <Unicode>Die schon seit einigen Tagen gehegten</Unicode>
                </TextEquiv>
            </TextLine>
            <TextLine id="r1l3" custom="readingOrder {index:2;}">
                <Coords points="364,255 1066,263 1130,236 1206,256 1206,209 1169,201 774,232 654,203 428,224 364,202"/>
                <Baseline points="370,247 411,247 453,247 494,248 536,248 577,248 619,248 660,248 702,248 743,248 785,248 827,247 868,247 910,246 951,245 993,245 1034,244 1076,243 1117,242 1159,241 1201,239"/>
                <TextEquiv>
                    <Unicode>Vermutungen wegen der Aufführungen der</Unicode>
                </TextEquiv>
            </TextLine>
            <TextLine id="r1l4" custom="readingOrder {index:3;}">
                <Coords points="360,301 1206,299 1205,257 1146,245 1060,268 359,263"/>
                <Baseline points="365,291 406,292 448,292 490,292 532,292 573,292 615,292 657,292 699,291 740,291 782,291 824,290 866,290 907,289 949,289 991,288 1033,287 1074,287 1116,286 1158,285 1200,285"/>
                <TextEquiv>
                    <Unicode>„Reigen“ haben sich während der gestrigen</Unicode>
                </TextEquiv>
            </TextLine>
            <TextLine id="r1l5" custom="readingOrder {index:4;}">
                <Coords points="367,340 1203,339 1202,298 1137,288 819,310 774,291 666,318 367,301"/>
                <Baseline points="373,335 414,335 455,335 496,335 537,335 579,335 620,334 661,334 702,334 743,334 785,334 826,333 867,333 908,333 949,332 991,331 1032,331 1073,330 1114,329 1155,328 1197,327"/>
                <TextEquiv>
                    <Unicode>Abendvorstellung ersüllt. Es kam zu wüste</Unicode>
                </TextEquiv>
            </TextLine>
            <TextLine id="r1l6" custom="readingOrder {index:5;}">
                <Coords points="372,387 1203,377 1202,346 1165,334 501,362 371,340"/>
                <Baseline points="377,379 418,379 459,379 500,379 541,378 582,378 623,378 664,378 705,378 746,377 787,377 828,376 869,376 910,375 951,375 992,374 1033,373 1074,373 1115,372 1156,371 1197,370"/>
                <TextEquiv>
                    <Unicode>Szenen, wie sich solche in einem Wienen</Unicode>
                </TextEquiv>
            </TextLine>
            <TextLine id="r1l7" custom="readingOrder {index:6;}">
                <Coords points="364,427 1137,415 1176,435 1213,423 1213,379 363,385"/>
                <Baseline points="369,422 413,423 457,422 501,422 545,422 589,422 633,421 678,421 722,421 766,420 810,420 854,419 898,419 943,419 987,418 1031,417 1075,417 1119,417 1163,416 1208,416"/>
                <TextEquiv>
                    <Unicode>Theater noch nie abgespielt haben. Im</Unicode>
                </TextEquiv>
            </TextLine>
            <TextLine id="r1l8" custom="readingOrder {index:7;}">
                <Coords points="365,478 1202,471 1181,427 725,428 662,451 365,427"/>
                <Baseline points="371,468 412,467 453,467 494,466 536,466 577,465 618,465 659,464 701,464 742,463 783,463 824,463 866,462 907,462 948,462 989,461 1031,461 1072,460 1113,459 1154,459 1196,458"/>
                <TextEquiv>
                    <Unicode>Zuschauerraum waren Demonstranten an</Unicode>
                </TextEquiv>
            </TextLine>
            <TextLine id="r1l9" custom="readingOrder {index:8;}">
                <Coords points="369,513 1203,515 1189,467 368,480"/>
                <Baseline points="374,510 415,509 456,509 497,508 538,508 579,508 620,507 662,507 703,507 744,506 785,506 826,506 867,505 908,505 950,504 991,504 1032,503 1073,503 1114,502 1155,501 1197,501"/>
                <TextEquiv>
                    <Unicode>wesend, die darauf warteten, bis die anderer</Unicode>
                </TextEquiv>
            </TextLine>
            <TextLine id="r1l10" custom="readingOrder {index:9;}">
                <Coords points="363,558 1214,555 1214,511 921,536 809,511 362,513"/>
                <Baseline points="368,553 410,552 452,552 494,552 536,551 578,551 620,551 662,551 704,550 746,550 788,550 830,550 872,549 914,549 956,548 998,547 1040,547 1082,546 1124,545 1166,544 1209,543"/>
                <TextEquiv>
                    <Unicode>Gruppen der Demonstranten, etwa 600 Per¬</Unicode>
                </TextEquiv>
            </TextLine>
            <TextLine id="r1l11" custom="readingOrder {index:10;}">
                <Coords points="369,598 1192,603 1207,551 369,569"/>
                <Baseline points="375,596 416,596 457,595 498,595 540,595 581,594 622,594 664,594 705,593 746,593 788,593 829,592 870,592 911,592 953,591 994,591 1035,591 1077,590 1118,590 1159,589 1201,589"/>
                <TextEquiv>
                    <Unicode>onen, die verabredetermaßen von der Straße</Unicode>
                </TextEquiv>
            </TextLine>
            <TextLine id="r1l12" custom="readingOrder {index:11;}">
                <Coords points="364,649 1092,655 1207,642 1207,597 364,607"/>
                <Baseline points="370,638 411,638 453,638 494,638 536,638 578,638 619,638 661,638 702,638 744,638 786,638 827,638 869,637 910,637 952,637 994,636 1035,636 1077,635 1118,635 1160,634 1202,633"/>
                <TextEquiv>
                    <Unicode>aus in das Theater eindringen sollten, dei</Unicode>
                </TextEquiv>
            </TextLine>
            <TextLine id="r1l13" custom="readingOrder {index:12;}">
                <Coords points="358,711 469,683 896,693 912,659 768,638 694,655 357,648"/>
                <Baseline points="363,685 390,684 417,683 444,683 471,682 499,682 526,682 553,682 580,681 607,681 635,681 662,682 689,682 716,682 743,682 771,681 798,681 825,681 852,681 879,680 907,679"/>
                <TextEquiv>
                    <Unicode>Zuschauerraum erreicht hatten.</Unicode>
                </TextEquiv>
            </TextLine>
            <TextLine id="r1l14" custom="readingOrder {index:13;}">
                <Coords points="443,734 1192,732 1213,688 443,692"/>
                <Baseline points="449,723 488,724 528,724 568,725 608,725 648,725 688,725 728,725 768,725 808,725 848,724 888,723 928,723 968,722 1008,721 1048,721 1088,719 1128,719 1168,718 1208,717"/>
                <TextEquiv>
                    <Unicode>Es kam zu Kämpfen zwischen den Demon¬</Unicode>
                </TextEquiv>
            </TextLine>
            <TextLine id="r1l15" custom="readingOrder {index:14;}">
                <Coords points="364,774 1209,779 1209,725 605,750 364,731"/>
                <Baseline points="369,767 410,768 452,768 494,768 536,769 577,769 619,769 661,769 703,769 744,769 786,768 828,768 870,767 911,767 953,767 995,766 1037,765 1078,765 1120,764 1162,763 1204,762"/>
                <TextEquiv>
                    <Unicode>stranten, der Wache, dem Theaterpersonal und</Unicode>
                </TextEquiv>
            </TextLine>
            <TextLine id="r1l16" custom="readingOrder {index:15;}">
                <Coords points="373,818 1031,827 1197,817 1214,780 373,781"/>
                <Baseline points="378,810 419,810 461,811 502,811 544,811 585,811 627,812 668,812 710,812 751,812 793,812 834,812 876,811 917,811 959,811 1000,810 1042,809 1083,809 1125,808 1166,807 1208,806"/>
                <TextEquiv>
                    <Unicode>dem Publikum, zu Verwüstungen im</Unicode>
                </TextEquiv>
            </TextLine>
            <TextLine id="r1l17" custom="readingOrder {index:16;}">
                <Coords points="369,867 1211,852 1211,818 1173,815 741,815 656,839 569,813 501,834 369,816"/>
                <Baseline points="375,854 416,855 458,855 499,856 541,856 582,856 624,857 665,857 707,856 748,856 790,856 832,855 873,855 915,854 956,854 998,853 1039,852 1081,852 1122,851 1164,850 1206,849"/>
                <TextEquiv>
                    <Unicode>Theatergebäude, zu Zertrümmerungen</Unicode>
                </TextEquiv>
            </TextLine>
            <TextLine id="r1l18" custom="readingOrder {index:17;}">
                <Coords points="366,905 1188,905 1210,859 1002,879 803,857 750,887 700,860 366,872"/>
                <Baseline points="371,899 412,899 454,899 495,899 537,899 579,899 620,899 662,899 704,899 745,899 787,899 829,898 870,898 912,898 954,897 995,896 1037,896 1079,894 1120,893 1162,891 1204,890"/>
                <TextEquiv>
                    <Unicode>von Fenstern, Sesseln, Musik¬</Unicode>
                </TextEquiv>
            </TextLine>
            <TextLine id="r1l19" custom="readingOrder {index:18;}">
                <Coords points="380,946 1207,951 1207,904 1132,898 380,904"/>
                <Baseline points="386,940 426,941 467,941 508,941 549,942 590,942 630,942 671,942 712,942 753,941 794,941 834,941 875,941 916,940 957,939 998,939 1038,938 1079,938 1120,937 1161,936 1202,935"/>
                <TextEquiv>
                    <Unicode>nstrumenten, wie auch zu tätlichen</Unicode>
                </TextEquiv>
            </TextLine>
            <TextLine id="r1l20" custom="readingOrder {index:19;}">
                <Coords points="371,987 1215,984 1215,949 988,937 910,961 371,945"/>
                <Baseline points="376,982 417,983 459,984 501,984 542,985 584,985 626,985 667,985 709,985 751,985 793,984 834,984 876,984 918,983 959,983 1001,982 1043,982 1084,981 1126,980 1168,979 1210,978"/>
                <TextEquiv>
                    <Unicode>Mißhandlungen von Theater¬</Unicode>
                </TextEquiv>
            </TextLine>
            <TextLine id="r1l21" custom="readingOrder {index:20;}">
                <Coords points="379,1032 1206,1030 1205,982 379,1007"/>
                <Baseline points="384,1028 424,1028 465,1028 506,1028 547,1027 588,1027 628,1027 669,1027 710,1027 751,1026 792,1026 832,1026 873,1026 914,1025 955,1025 996,1025 1036,1024 1077,1024 1118,1024 1159,1024 1200,1024"/>
                <TextEquiv>
                    <Unicode>esuchern, Männern und Frauen, die ge¬</Unicode>
                </TextEquiv>
            </TextLine>
            <TextLine id="r1l22" custom="readingOrder {index:21;}">
                <Coords points="388,1087 1169,1076 1211,1072 1211,1030 387,1033"/>
                <Baseline points="393,1071 433,1071 474,1071 514,1071 555,1071 596,1071 636,1071 677,1071 718,1071 758,1071 799,1070 840,1070 880,1070 921,1069 962,1069 1002,1068 1043,1068 1084,1067 1124,1066 1165,1065 1206,1064"/>
                <TextEquiv>
                    <Unicode>chlagen und bei den Haaren</Unicode>
                </TextEquiv>
            </TextLine>
            <TextLine id="r1l23" custom="readingOrder {index:22;}">
                <Coords points="376,1125 1202,1119 1205,1070 376,1084"/>
                <Baseline points="381,1116 421,1115 462,1115 503,1115 544,1114 585,1114 626,1114 667,1113 708,1113 749,1112 790,1112 830,1112 871,1111 912,1111 953,1111 994,1110 1035,1110 1076,1109 1117,1109 1158,1108 1199,1108"/>
                <TextEquiv>
                    <Unicode>ezerrt wurden. Die Vorstellun</Unicode>
                </TextEquiv>
            </TextLine>
            <TextLine id="r1l24" custom="readingOrder {index:23;}">
                <Coords points="371,1161 767,1174 869,1150 977,1174 1031,1144 1209,1157 1209,1117 371,1129"/>
                <Baseline points="377,1154 418,1155 459,1156 500,1156 542,1157 583,1157 624,1157 666,1157 707,1157 748,1156 790,1156 831,1156 872,1155 913,1155 955,1154 996,1153 1037,1152 1079,1152 1120,1150 1161,1150 1203,1149"/>
                <TextEquiv>
                    <Unicode>nußte abgebrochen werden und die</Unicode>
                </TextEquiv>
            </TextLine>
            <TextLine id="r1l25" custom="readingOrder {index:24;}">
                <Coords points="371,1207 1123,1211 1211,1202 1211,1165 370,1160"/>
                <Baseline points="376,1202 417,1201 459,1201 500,1200 542,1200 583,1199 625,1199 666,1199 708,1199 749,1199 791,1199 832,1198 874,1198 915,1198 957,1197 998,1197 1040,1196 1081,1195 1123,1195 1164,1194 1206,1193"/>
                <TextEquiv>
                    <Unicode>Tumultszenen im Theatergebäude selbst führten</Unicode>
                </TextEquiv>
            </TextLine>
            <TextLine id="r1l26" custom="readingOrder {index:25;}">
                <Coords points="376,1243 1212,1249 1196,1197 376,1210"/>
                <Baseline points="382,1243 423,1243 464,1243 505,1243 546,1243 588,1242 629,1242 670,1242 711,1242 752,1242 794,1242 835,1242 876,1242 917,1241 958,1241 1000,1241 1041,1240 1082,1239 1123,1239 1164,1238 1206,1237"/>
                <TextEquiv>
                    <Unicode>ine Panik der Theaterbesucher herbei, die</Unicode>
                </TextEquiv>
            </TextLine>
            <TextLine id="r1l27" custom="readingOrder {index:26;}">
                <Coords points="380,1291 750,1286 882,1314 943,1287 992,1306 1211,1287 1211,1251 1148,1242 380,1250"/>
                <Baseline points="386,1287 427,1286 468,1286 509,1286 550,1285 591,1285 632,1286 673,1286 714,1286 755,1286 796,1286 837,1286 878,1286 919,1286 960,1286 1001,1286 1042,1285 1083,1285 1124,1284 1165,1282 1206,1281"/>
                <TextEquiv>
                    <Unicode>ich zu flüchten oder in Verstecken zu sichern</Unicode>
                </TextEquiv>
            </TextLine>
            <TextLine id="r1l28" custom="readingOrder {index:27;}">
                <Coords points="449,1388 1205,1388 1195,1335 449,1341"/>
                <Baseline points="454,1381 491,1380 528,1380 565,1380 603,1379 640,1379 677,1379 714,1379 752,1379 789,1379 826,1379 863,1380 901,1380 938,1379 975,1379 1012,1379 1050,1379 1087,1379 1124,1378 1161,1377 1199,1377"/>
                <TextEquiv>
                    <Unicode>Die Pansk vermehrte sich noch dadurch</Unicode>
                </TextEquiv>
            </TextLine>
            <TextLine id="r1l29" custom="readingOrder {index:28;}">
                <Coords points="375,1432 1219,1426 1218,1384 958,1380 821,1407 374,1380"/>
                <Baseline points="380,1427 421,1427 463,1427 504,1428 546,1428 588,1427 629,1427 671,1427 713,1426 754,1426 796,1425 838,1425 879,1424 921,1424 963,1423 1004,1422 1046,1422 1088,1422 1129,1421 1171,1421 1213,1421"/>
                <TextEquiv>
                    <Unicode>aß sich plötzlich ein Wasserstrahl</Unicode>
                </TextEquiv>
            </TextLine>
            <TextLine id="r1l30" custom="readingOrder {index:29;}">
                <Coords points="383,1478 1211,1476 1199,1423 994,1447 383,1437"/>
                <Baseline points="388,1468 428,1469 469,1469 510,1469 551,1470 592,1470 633,1469 673,1469 714,1469 755,1468 796,1468 837,1467 878,1467 919,1467 959,1466 1000,1466 1041,1465 1082,1465 1123,1465 1164,1465 1205,1465"/>
                <TextEquiv>
                    <Unicode>ber den Zuschauerraum ergoß</Unicode>
                </TextEquiv>
            </TextLine>
            <TextLine id="r1l31" custom="readingOrder {index:30;}">
                <Coords points="380,1524 1178,1518 1220,1508 1220,1478 379,1477"/>
                <Baseline points="385,1511 426,1511 468,1510 509,1510 551,1510 592,1510 634,1510 675,1510 717,1509 758,1509 800,1509 841,1509 883,1509 924,1509 966,1508 1007,1508 1049,1508 1090,1507 1132,1506 1173,1506 1215,1505"/>
                <TextEquiv>
                    <Unicode>nachdem einer der Demonstranten den</Unicode>
                </TextEquiv>
            </TextLine>
            <TextLine id="r1l32" custom="readingOrder {index:31;}">
                <Coords points="387,1566 1214,1554 1213,1523 1152,1505 387,1519"/>
                <Baseline points="392,1556 432,1555 473,1555 514,1554 555,1554 596,1554 636,1554 677,1554 718,1553 759,1553 800,1553 840,1553 881,1553 922,1552 963,1552 1004,1552 1044,1551 1085,1550 1126,1550 1167,1549 1208,1548"/>
                <TextEquiv>
                    <Unicode>ächst der Bühne befindlichen Hydranten</Unicode>
                </TextEquiv>
            </TextLine>
            <TextLine id="r1l33" custom="readingOrder {index:32;}">
                <Coords points="377,1601 522,1595 583,1622 814,1587 875,1611 1148,1590 1184,1612 1208,1608 1207,1554 1145,1573 953,1552 913,1582 777,1558 376,1573"/>
                <Baseline points="382,1600 423,1599 464,1599 505,1599 546,1598 587,1598 628,1598 669,1597 710,1597 751,1597 792,1596 833,1596 874,1595 915,1595 956,1594 997,1594 1038,1593 1079,1593 1120,1592 1161,1592 1202,1591"/>
                <TextEquiv>
                    <Unicode>rufgedreht und das Mundstück des</Unicode>
                </TextEquiv>
            </TextLine>
            <TextLine id="r1l34" custom="readingOrder {index:33;}">
                <Coords points="371,1647 1215,1644 1215,1612 1042,1596 808,1597 784,1621 371,1605"/>
                <Baseline points="377,1642 418,1642 460,1642 501,1642 543,1641 585,1641 626,1641 668,1641 710,1640 751,1640 793,1640 835,1639 876,1639 918,1639 960,1638 1001,1638 1043,1637 1085,1637 1126,1636 1168,1635 1210,1635"/>
                <TextEquiv>
                    <Unicode>Schlauches gegen den Zuschauer¬</Unicode>
                </TextEquiv>
            </TextLine>
            <TextLine id="r1l35" custom="readingOrder {index:34;}">
                <Coords points="372,1690 1179,1691 1206,1685 1206,1638 1003,1658 920,1635 818,1672 774,1643 372,1657"/>
                <Baseline points="377,1685 418,1685 459,1685 500,1684 541,1684 583,1684 624,1683 665,1683 706,1683 747,1683 789,1682 830,1682 871,1682 912,1681 953,1681 995,1680 1036,1680 1077,1679 1118,1679 1159,1678 1201,1677"/>
                <TextEquiv>
                    <Unicode>raum gerichtet hatte. Nachdem die Sicher</Unicode>
                </TextEquiv>
            </TextLine>
            <TextLine id="r1l36" custom="readingOrder {index:35;}">
                <Coords points="378,1742 1182,1734 1208,1732 1208,1692 377,1701"/>
                <Baseline points="383,1729 424,1728 465,1728 506,1727 547,1727 588,1727 629,1726 670,1726 711,1726 752,1726 793,1725 834,1725 875,1725 916,1725 957,1724 998,1724 1039,1723 1080,1723 1121,1722 1162,1722 1203,1721"/>
                <TextEquiv>
                    <Unicode>eitswache Verstärkung erhalten hatte, konnte</Unicode>
                </TextEquiv>
            </TextLine>
            <TextLine id="r1l37" custom="readingOrder {index:36;}">
                <Coords points="376,1782 1138,1778 1208,1766 1208,1732 1100,1722 969,1755 892,1729 376,1740"/>
                <Baseline points="381,1771 422,1771 463,1771 504,1771 545,1771 586,1771 627,1771 668,1771 709,1771 750,1771 792,1770 833,1770 874,1770 915,1769 956,1768 997,1768 1038,1767 1079,1766 1120,1765 1161,1764 1203,1763"/>
                <TextEquiv>
                    <Unicode>das Theatergebäude geräum</Unicode>
                </TextEquiv>
            </TextLine>
            <TextLine id="r1l38" custom="readingOrder {index:37;}">
                <Coords points="370,1816 1187,1821 1217,1814 1217,1769 370,1783"/>
                <Baseline points="375,1813 416,1813 458,1813 500,1813 542,1813 584,1813 625,1813 667,1813 709,1812 751,1812 793,1812 834,1812 876,1812 918,1811 960,1811 1002,1810 1043,1810 1085,1809 1127,1808 1169,1807 1211,1807"/>
                <TextEquiv>
                    <Unicode>werden; die Tumultizenen auf der Straße</Unicode>
                </TextEquiv>
            </TextLine>
            <TextLine id="r1l39" custom="readingOrder {index:38;}">
                <Coords points="370,1869 1156,1869 1206,1857 1206,1817 369,1817"/>
                <Baseline points="375,1857 416,1857 457,1857 498,1857 540,1857 581,1857 622,1857 664,1857 705,1856 746,1856 788,1856 829,1856 870,1855 911,1855 953,1854 994,1854 1035,1853 1077,1852 1118,1852 1159,1851 1201,1850"/>
                <TextEquiv>
                    <Unicode>dauerten noch eine Zeitlang fort, doch schließlich</Unicode>
                </TextEquiv>
            </TextLine>
            <TextLine id="r1l40" custom="readingOrder {index:39;}">
                <Coords points="376,1915 1175,1911 1210,1898 1210,1854 376,1870"/>
                <Baseline points="381,1902 422,1902 463,1901 504,1901 545,1901 587,1900 628,1900 669,1900 710,1899 751,1899 793,1898 834,1898 875,1898 916,1897 957,1897 999,1897 1040,1897 1081,1896 1122,1896 1163,1896 1205,1895"/>
                <TextEquiv>
                    <Unicode>zelang es der Wache, die Demonstranten gegen</Unicode>
                </TextEquiv>
            </TextLine>
            <TextLine id="r1l41" custom="readingOrder {index:40;}">
                <Coords points="491,1951 784,1937 824,1961 883,1933 1184,1951 1209,1945 1209,1907 491,1911"/>
                <Baseline points="497,1940 532,1942 567,1943 603,1943 638,1944 673,1944 709,1944 744,1944 779,1943 815,1943 850,1942 885,1941 921,1940 956,1940 991,1939 1027,1939 1062,1938 1097,1938 1133,1938 1168,1938 1204,1938"/>
                <TextEquiv>
                    <Unicode>oberen Teil der Rotenturmstraße</Unicode>
                </TextEquiv>
            </TextLine>
            <TextLine id="r1l42" custom="readingOrder {index:41;}">
                <Coords points="378,1959 394,1950 400,1955 406,1950 418,1950 429,1957 451,1938 471,1950 489,1948 489,1924 472,1926 457,1919 443,1920 425,1907 411,1912 405,1910 392,1918 379,1916"/>
                <Baseline points="383,1944 408,1943 433,1945 458,1947 483,1944"/>
                <TextEquiv>
                    <Unicode>en</Unicode>
                </TextEquiv>
            </TextLine>
            <TextLine id="r1l43" custom="readingOrder {index:42;}">
                <Coords points="365,2001 715,1983 979,2003 1153,1978 1198,1997 1218,1949 364,1959"/>
                <Baseline points="370,1988 412,1987 454,1987 496,1986 538,1986 580,1986 622,1986 665,1986 707,1986 749,1986 791,1986 833,1985 875,1985 917,1985 960,1985 1002,1984 1044,1984 1086,1983 1128,1982 1170,1980 1213,1979"/>
                <TextEquiv>
                    <Unicode>abzudrängen. Die Leute zogen geschlossen bis</Unicode>
                </TextEquiv>
            </TextLine>
            <TextLine id="r1l44" custom="readingOrder {index:43;}">
                <Coords points="374,2039 1214,2030 1213,1990 1170,1984 974,2009 374,2004"/>
                <Baseline points="379,2031 420,2031 461,2030 503,2030 544,2030 586,2030 627,2029 669,2029 710,2029 752,2029 793,2029 834,2029 876,2028 917,2028 959,2028 1000,2027 1042,2027 1083,2026 1125,2026 1166,2025 1208,2024"/>
                <TextEquiv>
                    <Unicode>zum Stephansplatz und fangen während des</Unicode>
                </TextEquiv>
            </TextLine>
            <TextLine id="r1l45" custom="readingOrder {index:44;}">
                <Coords points="376,2081 888,2089 976,2079 976,2034 375,2039"/>
                <Baseline points="381,2073 410,2074 440,2074 469,2074 499,2074 528,2074 558,2074 587,2073 617,2073 646,2073 676,2072 705,2072 735,2072 764,2071 794,2071 823,2071 853,2071 882,2071 912,2071 941,2071 971,2071"/>
                <TextEquiv>
                    <Unicode>Marsches deutschnationale Lieder.</Unicode>
                </TextEquiv>
            </TextLine>
            <TextLine id="r1l46" custom="readingOrder {index:45;}">
                <Coords points="453,2129 916,2133 947,2111 986,2129 1144,2102 1183,2125 1212,2117 1212,2065 941,2090 453,2083"/>
                <Baseline points="458,2116 495,2116 532,2116 570,2116 607,2116 645,2116 682,2115 720,2115 757,2115 795,2115 832,2115 869,2114 907,2114 944,2114 982,2113 1019,2113 1057,2112 1094,2112 1132,2111 1169,2111 1207,2110"/>
                <TextEquiv>
                    <Unicode>Auf dem Stephansplatz forderte die</Unicode>
                </TextEquiv>
            </TextLine>
            <TextLine id="r1l47" custom="readingOrder {index:46;}">
                <Coords points="370,2167 1209,2161 1208,2118 1157,2109 916,2133 370,2124"/>
                <Baseline points="375,2159 416,2159 457,2159 499,2158 540,2158 582,2158 623,2158 664,2158 706,2158 747,2158 789,2158 830,2158 871,2158 913,2158 954,2157 996,2157 1037,2157 1078,2156 1120,2156 1161,2155 1203,2154"/>
                <TextEquiv>
                    <Unicode>Sicherheitswache die Demonstranten zur Auf¬</Unicode>
                </TextEquiv>
            </TextLine>
            <TextLine id="r1l48" custom="readingOrder {index:47;}">
                <Coords points="371,2212 768,2219 815,2191 1119,2214 1208,2205 1208,2162 1064,2182 371,2166"/>
                <Baseline points="376,2203 417,2203 458,2203 500,2203 541,2203 582,2203 624,2203 665,2203 706,2203 748,2202 789,2202 830,2202 872,2201 913,2201 954,2200 996,2200 1037,2199 1078,2199 1120,2198 1161,2198 1203,2197"/>
                <TextEquiv>
                    <Unicode>lösung des Zuges aus. Ein Mann, der die</Unicode>
                </TextEquiv>
            </TextLine>
            <TextLine id="r1l49" custom="readingOrder {index:48;}">
                <Coords points="371,2257 959,2241 1131,2261 1214,2247 1214,2208 371,2210"/>
                <Baseline points="377,2247 418,2246 460,2246 501,2246 543,2246 585,2246 626,2245 668,2245 709,2245 751,2244 793,2244 834,2244 876,2243 917,2243 959,2243 1001,2243 1042,2242 1084,2242 1125,2242 1167,2241 1209,2241"/>
                <TextEquiv>
                    <Unicode>Kundgebungen mit dem Signal einer Sirenen¬</Unicode>
                </TextEquiv>
            </TextLine>
            <TextLine id="r1l50" custom="readingOrder {index:49;}">
                <Coords points="370,2298 1104,2304 1213,2293 1213,2248 369,2256"/>
                <Baseline points="375,2289 416,2290 458,2290 499,2290 541,2290 583,2290 624,2290 666,2290 708,2289 749,2289 791,2288 833,2288 874,2287 916,2287 958,2286 999,2286 1041,2286 1083,2285 1124,2285 1166,2285 1208,2284"/>
                <TextEquiv>
                    <Unicode>pfeife dirigiert hatte, hielt hier eine kurze An¬</Unicode>
                </TextEquiv>
            </TextLine>
            <TextLine id="r1l51" custom="readingOrder {index:50;}">
                <Coords points="370,2345 1134,2345 1225,2338 1225,2291 369,2299"/>
                <Baseline points="375,2336 417,2335 459,2334 501,2333 544,2333 586,2333 628,2332 670,2332 713,2331 755,2331 797,2331 839,2331 882,2331 924,2330 966,2330 1008,2330 1051,2330 1093,2329 1135,2329 1177,2328 1220,2328"/>
                <TextEquiv>
                    <Unicode>sprache, in der er ausführte, daß der Zweck</Unicode>
                </TextEquiv>
            </TextLine>
            <TextLine id="r1l52" custom="readingOrder {index:51;}">
                <Coords points="370,2381 1217,2371 1209,2333 369,2348"/>
                <Baseline points="375,2377 416,2377 458,2377 500,2377 542,2377 584,2376 625,2376 667,2376 709,2375 751,2375 793,2374 834,2374 876,2373 918,2373 960,2372 1002,2372 1043,2372 1085,2372 1127,2372 1169,2372 1211,2372"/>
                <TextEquiv>
                    <Unicode>erreicht sei und daß die Teilnehmer nun nach</Unicode>
                </TextEquiv>
            </TextLine>
            <TextLine id="r1l53" custom="readingOrder {index:52;}">
                <Coords points="372,2439 1083,2420 1118,2441 1224,2428 1224,2383 371,2381"/>
                <Baseline points="377,2421 419,2420 461,2420 503,2420 545,2420 587,2419 629,2419 671,2419 713,2418 755,2418 798,2418 840,2418 882,2418 924,2417 966,2417 1008,2417 1050,2417 1092,2417 1134,2417 1176,2418 1219,2418"/>
                <TextEquiv>
                    <Unicode>Hause gehen mögen, welcher Aufforderung auch</Unicode>
                </TextEquiv>
            </TextLine>
            <TextLine id="r1l54" custom="readingOrder {index:53;}">
                <Coords points="378,2487 478,2471 507,2489 558,2466 643,2470 665,2483 779,2471 778,2442 716,2423 510,2435 485,2422 457,2437 429,2425 401,2443 377,2439"/>
                <Baseline points="383,2467 409,2468 435,2469 461,2469 487,2468 513,2466 539,2465 565,2464 591,2463 617,2461 643,2460 669,2460 695,2460 721,2461 747,2462 773,2465"/>
                <TextEquiv>
                    <Unicode>Folge geleistet wurde.</Unicode>
                </TextEquiv>
            </TextLine>
            <TextLine id="r1l55" custom="readingOrder {index:54;}">
                <Coords points="542,2555 817,2561 867,2547 935,2565 962,2544 1046,2556 1086,2541 1086,2497 1034,2481 891,2496 735,2473 637,2487 542,2476"/>
                <Baseline points="547,2538 573,2539 600,2540 626,2541 653,2541 680,2541 706,2541 733,2541 760,2541 786,2541 813,2541 840,2540 866,2540 893,2540 920,2539 946,2539 973,2539 1000,2538 1026,2538 1053,2539 1080,2539"/>
                <TextEquiv>
                    <Unicode>Die Vorgänge im Theater.</Unicode>
                </TextEquiv>
            </TextLine>
            <TextLine id="r1l56" custom="readingOrder {index:55;}">
                <Coords points="371,2611 1228,2610 1227,2571 1131,2554 931,2581 371,2560"/>
                <Baseline points="376,2601 418,2601 460,2600 502,2600 545,2600 587,2600 629,2599 672,2599 714,2599 756,2599 799,2598 841,2598 883,2598 925,2598 968,2598 1010,2598 1052,2598 1095,2598 1137,2598 1179,2598 1222,2598"/>
                <TextEquiv>
                    <Unicode>Besucher mit Stinkbomben. — Der Sturm</Unicode>
                </TextEquiv>
            </TextLine>
            <TextLine id="r1l57" custom="readingOrder {index:56;}">
                <Coords points="657,2650 706,2661 789,2647 852,2662 886,2649 966,2650 965,2609 950,2603 905,2613 883,2601 824,2619 801,2607 773,2618 739,2603 688,2618 657,2611"/>
                <Baseline points="662,2643 689,2644 716,2644 743,2644 770,2643 797,2643 824,2643 851,2643 878,2643 905,2643 932,2643 960,2644"/>
                <TextEquiv>
                    <Unicode>auf das Haus.</Unicode>
                </TextEquiv>
            </TextLine>
            <TextLine id="r1l58" custom="readingOrder {index:57;}">
                <Coords points="460,2700 1231,2705 1231,2665 1166,2651 1082,2669 996,2645 460,2652"/>
                <Baseline points="465,2695 503,2695 541,2696 579,2696 617,2696 655,2696 693,2696 731,2696 769,2696 807,2695 845,2695 883,2695 921,2695 959,2695 997,2694 1035,2694 1073,2694 1111,2693 1149,2693 1187,2692 1226,2692"/>
                <TextEquiv>
                    <Unicode>Die Abendvorstellung begann in vollster</Unicode>
                </TextEquiv>
            </TextLine>
            <TextLine id="r1l59" custom="readingOrder {index:58;}">
                <Coords points="367,2746 1226,2751 1225,2704 1197,2697 734,2696 699,2718 529,2696 484,2717 366,2690"/>
                <Baseline points="372,2739 414,2739 456,2739 499,2739 541,2740 584,2740 626,2739 668,2739 711,2739 753,2739 796,2739 838,2738 880,2738 923,2738 965,2738 1008,2737 1050,2737 1092,2737 1135,2736 1177,2736 1220,2736"/>
                <TextEquiv>
                    <Unicode>Rühe. Es hatten sich aber bereits Gerüchte</Unicode>
                </TextEquiv>
            </TextLine>
            <TextLine id="r1l60" custom="readingOrder {index:59;}">
                <Coords points="381,2792 1227,2792 1227,2755 1140,2739 381,2752"/>
                <Baseline points="387,2782 428,2782 470,2782 512,2782 554,2782 595,2782 637,2782 679,2782 721,2782 762,2782 804,2782 846,2782 888,2781 929,2781 971,2781 1013,2781 1055,2780 1096,2780 1138,2780 1180,2780 1222,2780"/>
                <TextEquiv>
                    <Unicode>verbreitet, daß es zu Kundgebungen kommen</Unicode>
                </TextEquiv>
            </TextLine>
            <TextLine id="r1l61" custom="readingOrder {index:60;}">
                <Coords points="377,2832 983,2845 1041,2815 1229,2831 1229,2792 376,2795"/>
                <Baseline points="382,2826 424,2826 466,2826 508,2826 550,2826 592,2826 634,2826 676,2826 718,2826 760,2826 803,2826 845,2826 887,2826 929,2825 971,2825 1013,2825 1055,2824 1097,2823 1139,2822 1181,2821 1224,2820"/>
                <TextEquiv>
                    <Unicode>würde, und es hieß, daß Gegner der Auf¬</Unicode>
                </TextEquiv>
            </TextLine>
            <TextLine id="r1l62" custom="readingOrder {index:61;}">
                <Coords points="383,2875 1223,2880 1222,2825 1098,2848 905,2824 383,2834"/>
                <Baseline points="389,2870 430,2870 471,2869 513,2869 554,2869 596,2868 637,2868 678,2868 720,2868 761,2868 803,2867 844,2867 885,2867 927,2867 968,2867 1010,2866 1051,2866 1092,2866 1134,2866 1175,2866 1217,2866"/>
                <TextEquiv>
                    <Unicode>ührungen Sitze gekauft hätten. Eine gewisse</Unicode>
                </TextEquiv>
            </TextLine>
            <TextLine id="r1l63" custom="readingOrder {index:62;}">
                <Coords points="372,2917 920,2925 1024,2898 1190,2922 1220,2915 1220,2875 371,2878"/>
                <Baseline points="377,2915 418,2914 460,2914 502,2913 544,2913 586,2912 628,2912 669,2911 711,2911 753,2911 795,2910 837,2910 879,2910 921,2909 962,2909 1004,2909 1046,2909 1088,2909 1130,2908 1172,2908 1214,2908"/>
                <TextEquiv>
                    <Unicode>Unruhe entstand schon während der ersten</Unicode>
                </TextEquiv>
            </TextLine>
            <TextLine id="r1l64" custom="readingOrder {index:63;}">
                <Coords points="382,2964 1226,2959 1225,2925 1172,2915 382,2920"/>
                <Baseline points="387,2957 428,2957 470,2957 511,2956 553,2956 595,2956 636,2955 678,2955 720,2955 761,2955 803,2954 845,2954 886,2954 928,2953 970,2953 1011,2953 1053,2952 1095,2952 1136,2952 1178,2952 1220,2952"/>
                <TextEquiv>
                    <Unicode>Dialoge, als ein scharser Geruch sich bemerkbar</Unicode>
                </TextEquiv>
            </TextLine>
            <TextLine id="r1l65" custom="readingOrder {index:64;}">
                <Coords points="374,3008 1216,3009 1204,2957 1084,2978 1005,2957 374,2960"/>
                <Baseline points="379,3001 420,3001 462,3000 503,3000 545,2999 586,2999 628,2998 669,2998 711,2997 752,2997 794,2997 836,2996 877,2996 919,2996 960,2995 1002,2995 1043,2995 1085,2995 1126,2995 1168,2994 1210,2994"/>
                <TextEquiv>
                    <Unicode>machte, der auf Stinkbomben zurück¬</Unicode>
                </TextEquiv>
            </TextLine>
            <TextLine id="r1l66" custom="readingOrder {index:65;}">
                <Coords points="372,3057 656,3037 844,3058 958,3024 1017,3052 1227,3042 1226,3006 1148,2998 1111,3022 1032,2999 372,3009"/>
                <Baseline points="377,3046 419,3045 461,3044 503,3043 545,3043 588,3042 630,3041 672,3041 714,3041 756,3040 799,3040 841,3040 883,3039 925,3039 967,3039 1010,3038 1052,3038 1094,3037 1136,3036 1178,3036 1221,3035"/>
                <TextEquiv>
                    <Unicode>geführt wurde. Man versuchte diesem üblen</Unicode>
                </TextEquiv>
            </TextLine>
            <TextLine id="r1l67" custom="readingOrder {index:66;}">
                <Coords points="381,3094 808,3105 864,3078 1136,3102 1227,3080 1227,3042 381,3050"/>
                <Baseline points="387,3085 428,3085 470,3086 512,3086 554,3086 595,3086 637,3085 679,3085 721,3085 762,3085 804,3084 846,3084 888,3084 929,3083 971,3082 1013,3082 1055,3081 1096,3081 1138,3080 1180,3080 1222,3079"/>
                <TextEquiv>
                    <Unicode>Geruche durch Ausspritzen von Desinfektions¬</Unicode>
                </TextEquiv>
            </TextLine>
            <TextLine id="r1l68" custom="readingOrder {index:67;}">
                <Coords points="376,3144 488,3130 539,3144 562,3130 634,3149 717,3134 752,3145 752,3104 736,3098 655,3105 592,3092 569,3106 552,3094 502,3106 412,3091 396,3105 376,3100"/>
                <Baseline points="381,3129 407,3130 433,3130 459,3130 485,3130 511,3130 537,3130 564,3130 590,3130 616,3129 642,3129 668,3129 694,3129 720,3129 747,3129"/>
                <TextEquiv>
                    <Unicode>mittein zu begegnen.</Unicode>
                </TextEquiv>
            </TextLine>
            <TextLine id="r1l69" custom="readingOrder {index:68;}">
                <Coords points="457,3182 1227,3185 1227,3123 776,3128 753,3147 457,3131"/>
                <Baseline points="463,3172 502,3172 542,3172 582,3172 622,3172 662,3171 702,3171 742,3171 782,3170 822,3170 862,3170 902,3169 942,3169 982,3168 1022,3168 1062,3168 1102,3168 1142,3167 1182,3167 1222,3167"/>
                <TextEquiv>
                    <Unicode>Die Aufführung war bis za dem Dialog</Unicode>
                </TextEquiv>
            </TextLine>
            <TextLine id="r1l70" custom="readingOrder {index:69;}">
                <Coords points="385,3223 1214,3215 1214,3182 1163,3174 746,3193 385,3169"/>
                <Baseline points="391,3218 431,3217 472,3217 513,3216 554,3216 595,3215 636,3215 677,3215 718,3215 759,3214 800,3214 840,3214 881,3214 922,3214 963,3213 1004,3213 1045,3212 1086,3212 1127,3211 1168,3210 1209,3209"/>
                <TextEquiv>
                    <Unicode>„Junger Herr und junge Frau“ gediehen</Unicode>
                </TextEquiv>
            </TextLine>
            <TextLine id="r1l71" custom="readingOrder {index:70;}">
                <Coords points="375,3265 1223,3262 1222,3222 1132,3211 375,3225"/>
                <Baseline points="381,3260 422,3260 464,3260 506,3259 548,3259 590,3259 631,3258 673,3258 715,3257 757,3256 799,3256 840,3255 882,3255 924,3254 966,3254 1008,3253 1049,3253 1091,3252 1133,3252 1175,3252 1217,3252"/>
                <TextEquiv>
                    <Unicode>Plötzlich horte man von der Rotenturmstraße</Unicode>
                </TextEquiv>
            </TextLine>
            <TextLine id="r1l72" custom="readingOrder {index:71;}">
                <Coords points="384,3304 1112,3315 1217,3300 1218,3263 384,3273"/>
                <Baseline points="389,3302 430,3302 471,3302 512,3302 553,3301 595,3301 636,3300 677,3300 718,3300 759,3299 801,3299 842,3298 883,3298 924,3297 965,3297 1007,3296 1048,3296 1089,3295 1130,3295 1171,3295 1213,3294"/>
                <TextEquiv>
                    <Unicode>aus und aus dem Vorraum des Theaters</Unicode>
                </TextEquiv>
            </TextLine>
            <TextLine id="r1l73" custom="readingOrder {index:72;}">
                <Coords points="373,3355 1229,3345 1229,3308 1163,3300 373,3306"/>
                <Baseline points="379,3347 421,3346 463,3346 505,3345 547,3345 590,3344 632,3344 674,3343 716,3343 758,3342 801,3342 843,3341 885,3341 927,3340 969,3340 1012,3339 1054,3339 1096,3339 1138,3338 1180,3338 1223,3337"/>
                <TextEquiv>
                    <Unicode>Sirenenpfiffe und laute Hurrarufe. Es hatten</Unicode>
                </TextEquiv>
            </TextLine>
            <TextLine id="r1l74" custom="readingOrder {index:73;}">
                <Coords points="377,3399 1229,3390 1220,3342 377,3352"/>
                <Baseline points="383,3388 425,3388 467,3388 509,3388 551,3388 593,3388 635,3387 677,3387 719,3386 761,3386 803,3386 845,3385 887,3384 929,3384 971,3383 1013,3383 1055,3382 1097,3381 1139,3380 1181,3380 1223,3379"/>
                <TextEquiv>
                    <Unicode>sich nämlich in der Umgebung des Theaters</Unicode>
                </TextEquiv>
            </TextLine>
            <TextLine id="r1l75" custom="readingOrder {index:74;}">
                <Coords points="375,3438 1221,3440 1221,3394 375,3400"/>
                <Baseline points="381,3431 422,3431 464,3431 506,3431 548,3430 589,3430 631,3430 673,3429 715,3429 756,3428 798,3428 840,3427 882,3427 923,3426 965,3426 1007,3426 1049,3425 1090,3425 1132,3425 1174,3425 1216,3425"/>
                <TextEquiv>
                    <Unicode>etwa 600 junge Leute aupesammelt, gegen</Unicode>
                </TextEquiv>
            </TextLine>
            <TextLine id="r1l76" custom="readingOrder {index:75;}">
                <Coords points="373,3492 646,3469 738,3490 902,3467 1205,3480 1215,3435 373,3439"/>
                <Baseline points="379,3475 420,3474 462,3474 503,3474 545,3473 586,3473 628,3472 669,3472 711,3471 752,3471 794,3470 835,3470 877,3469 918,3469 960,3468 1001,3468 1043,3468 1084,3467 1126,3467 1167,3467 1209,3467"/>
                <TextEquiv>
                    <Unicode>deren Ansturm die zehn vor dem Theater auf</Unicode>
                </TextEquiv>
            </TextLine>
            <TextLine id="r1l77" custom="readingOrder {index:76;}">
                <Coords points="1066,3518 1087,3513 1103,3521 1119,3514 1138,3528 1156,3524 1168,3513 1184,3519 1191,3514 1198,3519 1205,3514 1228,3516 1228,3473 1218,3472 1203,3481 1185,3472 1173,3479 1143,3472 1122,3480 1065,3484"/>
                <Baseline points="1071,3511 1096,3510 1121,3509 1147,3509 1172,3508 1197,3508 1223,3509"/>
                <TextEquiv>
                    <Unicode>machtlos</Unicode>
                </TextEquiv>
            </TextLine>
            <TextLine id="r1l78" custom="readingOrder {index:77;}">
                <Coords points="372,3532 551,3515 591,3532 766,3515 900,3530 999,3520 1056,3483 606,3477 541,3504 428,3474 371,3494"/>
                <Baseline points="377,3521 410,3520 444,3519 478,3518 511,3517 545,3516 579,3516 612,3515 646,3515 680,3514 714,3514 747,3514 781,3514 815,3513 848,3513 882,3513 916,3513 949,3512 983,3512 1017,3511 1051,3511"/>
                <TextEquiv>
                    <Unicode>gestellten Sicherheitswachmänner</Unicode>
                </TextEquiv>
            </TextLine>
            <TextLine id="r1l79" custom="readingOrder {index:78;}">
                <Coords points="382,3564 1201,3561 1217,3517 382,3535"/>
                <Baseline points="388,3560 429,3559 470,3559 511,3559 552,3559 594,3558 635,3558 676,3557 717,3557 758,3557 800,3556 841,3556 882,3555 923,3555 964,3554 1006,3554 1047,3554 1088,3553 1129,3553 1170,3552 1212,3552"/>
                <TextEquiv>
                    <Unicode>waren. Sie wurden überrannt, und auch</Unicode>
                </TextEquiv>
            </TextLine>
            <TextLine id="r1l80" custom="readingOrder {index:79;}">
                <Coords points="380,3608 1218,3608 1217,3556 380,3574"/>
                <Baseline points="385,3603 426,3603 467,3603 509,3603 550,3603 591,3602 633,3602 674,3601 715,3601 757,3599 798,3599 839,3598 881,3597 922,3596 963,3596 1005,3595 1046,3595 1087,3594 1129,3594 1170,3594 1212,3594"/>
                <TextEquiv>
                    <Unicode>auf die Wachleute wurde mit Stöcken und</Unicode>
                </TextEquiv>
            </TextLine>
            <TextLine id="r1l81" custom="readingOrder {index:80;}">
                <Coords points="383,3652 1231,3650 1230,3606 1136,3598 859,3602 814,3631 726,3602 383,3609"/>
                <Baseline points="389,3645 430,3645 472,3646 514,3646 556,3646 598,3646 639,3646 681,3645 723,3644 765,3644 807,3643 848,3642 890,3641 932,3641 974,3640 1016,3639 1057,3639 1099,3639 1141,3638 1183,3639 1225,3639"/>
                <TextEquiv>
                    <Unicode>Knütteln losgeschlagen. Die Wacht versuchte,</Unicode>
                </TextEquiv>
            </TextLine>
            <TextLine id="r1l82" custom="readingOrder {index:81;}">
                <Coords points="384,3693 1232,3692 1231,3650 1091,3641 974,3670 803,3644 601,3670 384,3652"/>
                <Baseline points="390,3689 431,3689 473,3690 515,3690 557,3689 599,3689 640,3688 682,3688 724,3687 766,3686 808,3685 849,3685 891,3684 933,3683 975,3682 1017,3682 1058,3681 1100,3681 1142,3681 1184,3681 1226,3682"/>
                <TextEquiv>
                    <Unicode>die Türen, die zum Vorraum des Theaters</Unicode>
                </TextEquiv>
            </TextLine>
            <TextLine id="r1l83" custom="readingOrder {index:82;}">
                <Coords points="382,3739 1125,3744 1219,3731 1219,3694 381,3694"/>
                <Baseline points="387,3731 428,3732 469,3732 511,3732 552,3732 593,3732 635,3732 676,3731 717,3731 759,3730 800,3729 841,3729 883,3728 924,3727 965,3726 1007,3726 1048,3725 1089,3724 1131,3724 1172,3724 1214,3724"/>
                <TextEquiv>
                    <Unicode>führen, besetzt zu halten, doch auch hier konnter</Unicode>
                </TextEquiv>
            </TextLine>
            <TextLine id="r1l84" custom="readingOrder {index:83;}">
                <Coords points="389,3781 1232,3783 1232,3733 1206,3728 745,3755 389,3735"/>
                <Baseline points="395,3775 436,3775 478,3775 519,3774 561,3774 603,3773 644,3773 686,3772 727,3772 769,3771 811,3771 852,3770 894,3770 935,3769 977,3769 1019,3769 1060,3768 1102,3768 1143,3768 1185,3768 1227,3767"/>
                <TextEquiv>
                    <Unicode>ie dem Sturmlauf der Demonstranten nicht</Unicode>
                </TextEquiv>
            </TextLine>
            <TextLine id="r1l85" custom="readingOrder {index:84;}">
                <Coords points="383,3825 1224,3821 1223,3778 1119,3768 929,3794 383,3782"/>
                <Baseline points="388,3818 429,3818 471,3817 512,3817 554,3817 595,3816 637,3816 678,3816 720,3815 761,3815 803,3815 844,3815 886,3814 927,3814 969,3814 1010,3813 1052,3813 1093,3812 1135,3812 1176,3811 1218,3811"/>
                <TextEquiv>
                    <Unicode>standhalten. Klirrend gingen zwei der großen</Unicode>
                </TextEquiv>
            </TextLine>
            <TextLine id="r1l86" custom="readingOrder {index:85;}">
                <Coords points="385,3878 913,3864 912,3826 898,3824 384,3827"/>
                <Baseline points="390,3862 415,3862 441,3862 467,3861 493,3861 519,3861 545,3861 570,3861 596,3860 622,3860 648,3860 674,3859 700,3859 726,3859 751,3858 777,3858 803,3858 829,3857 855,3857 881,3856 907,3856"/>
                <TextEquiv>
                    <Unicode>Spiegelscheiben in Trümmer.</Unicode>
                </TextEquiv>
            </TextLine>
            <TextLine id="r1l87" custom="readingOrder {index:86;}">
                <Coords points="452,3940 1116,3926 1144,3915 1143,3874 719,3895 521,3875 451,3904"/>
                <Baseline points="457,3926 491,3925 525,3924 559,3923 593,3922 627,3921 661,3921 695,3920 729,3920 763,3919 798,3919 832,3919 866,3918 900,3918 934,3918 968,3917 1002,3917 1036,3916 1070,3915 1104,3914 1139,3913"/>
                <TextEquiv>
                    <Unicode>„Weg mit dem Schiebergefindel!“</Unicode>
                </TextEquiv>
            </TextLine>
            <TextLine id="r1l88" custom="readingOrder {index:87;}">
                <Coords points="467,3981 1223,3978 1214,3920 1096,3943 1056,3926 1027,3950 900,3927 467,3935"/>
                <Baseline points="472,3974 509,3974 546,3974 583,3974 621,3973 658,3973 695,3973 732,3973 770,3973 807,3972 844,3972 881,3972 919,3971 956,3971 993,3970 1030,3969 1068,3969 1105,3968 1142,3967 1179,3967 1217,3965"/>
                <TextEquiv>
                    <Unicode>Bei der Vorstellung waren inzwischer</Unicode>
                </TextEquiv>
            </TextLine>
            <TextLine id="r1l89" custom="readingOrder {index:88;}">
                <Coords points="381,4027 1215,4026 1224,3979 381,3992"/>
                <Baseline points="386,4020 427,4020 469,4019 510,4019 552,4019 594,4019 635,4018 677,4018 719,4018 760,4017 802,4017 844,4017 885,4016 927,4016 969,4015 1010,4015 1052,4014 1094,4014 1135,4013 1177,4012 1219,4011"/>
                <TextEquiv>
                    <Unicode>einzelne Mißbilligungsrufe laut geworden</Unicode>
                </TextEquiv>
            </TextLine>
            <TextLine id="r1l90" custom="readingOrder {index:89;}">
                <Coords points="378,4067 846,4065 927,4092 1094,4055 1233,4091 1233,4033 1183,4013 378,4025"/>
                <Baseline points="384,4064 426,4064 468,4063 510,4063 552,4063 594,4063 636,4063 679,4062 721,4062 763,4062 805,4061 847,4061 889,4061 931,4061 974,4060 1016,4060 1058,4059 1100,4059 1142,4058 1184,4058 1227,4057"/>
                <TextEquiv>
                    <Unicode>Während des vierten Dialoges wurde im Zu¬</Unicode>
                </TextEquiv>
            </TextLine>
            <TextEquiv>
                <Unicode>Tumuliszenen auf der Straße.
Die schon seit einigen Tagen gehegten
Vermutungen wegen der Aufführungen der
„Reigen“ haben sich während der gestrigen
Abendvorstellung ersüllt. Es kam zu wüste
Szenen, wie sich solche in einem Wienen
Theater noch nie abgespielt haben. Im
Zuschauerraum waren Demonstranten an
wesend, die darauf warteten, bis die anderer
Gruppen der Demonstranten, etwa 600 Per¬
onen, die verabredetermaßen von der Straße
aus in das Theater eindringen sollten, dei
Zuschauerraum erreicht hatten.
Es kam zu Kämpfen zwischen den Demon¬
stranten, der Wache, dem Theaterpersonal und
dem Publikum, zu Verwüstungen im
Theatergebäude, zu Zertrümmerungen
von Fenstern, Sesseln, Musik¬
nstrumenten, wie auch zu tätlichen
Mißhandlungen von Theater¬
esuchern, Männern und Frauen, die ge¬
chlagen und bei den Haaren
ezerrt wurden. Die Vorstellun
nußte abgebrochen werden und die
Tumultszenen im Theatergebäude selbst führten
ine Panik der Theaterbesucher herbei, die
ich zu flüchten oder in Verstecken zu sichern
Die Pansk vermehrte sich noch dadurch
aß sich plötzlich ein Wasserstrahl
ber den Zuschauerraum ergoß
nachdem einer der Demonstranten den
ächst der Bühne befindlichen Hydranten
rufgedreht und das Mundstück des
Schlauches gegen den Zuschauer¬
raum gerichtet hatte. Nachdem die Sicher
eitswache Verstärkung erhalten hatte, konnte
das Theatergebäude geräum
werden; die Tumultizenen auf der Straße
dauerten noch eine Zeitlang fort, doch schließlich
zelang es der Wache, die Demonstranten gegen
oberen Teil der Rotenturmstraße
en
abzudrängen. Die Leute zogen geschlossen bis
zum Stephansplatz und fangen während des
Marsches deutschnationale Lieder.
Auf dem Stephansplatz forderte die
Sicherheitswache die Demonstranten zur Auf¬
lösung des Zuges aus. Ein Mann, der die
Kundgebungen mit dem Signal einer Sirenen¬
pfeife dirigiert hatte, hielt hier eine kurze An¬
sprache, in der er ausführte, daß der Zweck
erreicht sei und daß die Teilnehmer nun nach
Hause gehen mögen, welcher Aufforderung auch
Folge geleistet wurde.
Die Vorgänge im Theater.
Besucher mit Stinkbomben. — Der Sturm
auf das Haus.
Die Abendvorstellung begann in vollster
Rühe. Es hatten sich aber bereits Gerüchte
verbreitet, daß es zu Kundgebungen kommen
würde, und es hieß, daß Gegner der Auf¬
ührungen Sitze gekauft hätten. Eine gewisse
Unruhe entstand schon während der ersten
Dialoge, als ein scharser Geruch sich bemerkbar
machte, der auf Stinkbomben zurück¬
geführt wurde. Man versuchte diesem üblen
Geruche durch Ausspritzen von Desinfektions¬
mittein zu begegnen.
Die Aufführung war bis za dem Dialog
„Junger Herr und junge Frau“ gediehen
Plötzlich horte man von der Rotenturmstraße
aus und aus dem Vorraum des Theaters
Sirenenpfiffe und laute Hurrarufe. Es hatten
sich nämlich in der Umgebung des Theaters
etwa 600 junge Leute aupesammelt, gegen
deren Ansturm die zehn vor dem Theater auf
machtlos
gestellten Sicherheitswachmänner
waren. Sie wurden überrannt, und auch
auf die Wachleute wurde mit Stöcken und
Knütteln losgeschlagen. Die Wacht versuchte,
die Türen, die zum Vorraum des Theaters
führen, besetzt zu halten, doch auch hier konnter
ie dem Sturmlauf der Demonstranten nicht
standhalten. Klirrend gingen zwei der großen
Spiegelscheiben in Trümmer.
„Weg mit dem Schiebergefindel!“
Bei der Vorstellung waren inzwischer
einzelne Mißbilligungsrufe laut geworden
Während des vierten Dialoges wurde im Zu¬</Unicode>
            </TextEquiv>
        </TextRegion>
        <TextRegion orientation="0.0" id="r2" custom="readingOrder {index:1;}">
            <Coords points="1245,105 1245,4062 2115,4062 2115,105"/>
            <TextLine id="r2l1" custom="readingOrder {index:0;}">
                <Coords points="1240,146 2071,139 2087,102 1240,108"/>
                <Baseline points="1246,138 1287,137 1329,136 1371,135 1413,135 1455,134 1496,133 1538,133 1580,132 1622,132 1664,132 1705,131 1747,131 1789,130 1831,130 1873,130 1914,129 1956,128 1998,128 2040,127 2082,126"/>
                <TextEquiv>
                    <Unicode>ins Parterre und in die Logen. Von den</Unicode>
                </TextEquiv>
            </TextLine>
            <TextLine id="r2l2" custom="readingOrder {index:1;}">
                <Coords points="1252,190 1415,196 1486,168 1565,194 1747,167 1796,189 2068,183 2078,139 1251,146"/>
                <Baseline points="1257,181 1297,180 1338,180 1379,179 1420,179 1461,178 1501,178 1542,177 1583,177 1624,176 1665,176 1705,175 1746,175 1787,174 1828,174 1869,173 1909,173 1950,172 1991,171 2032,170 2073,169"/>
                <TextEquiv>
                    <Unicode>ogen aus warsen sie zusammengeballt</Unicode>
                </TextEquiv>
            </TextLine>
            <TextLine id="r2l3" custom="readingOrder {index:2;}">
                <Coords points="1248,234 1882,235 2084,215 2084,179 1247,188"/>
                <Baseline points="1253,225 1294,224 1335,223 1376,222 1418,222 1459,221 1500,220 1542,220 1583,220 1624,219 1666,219 1707,219 1748,218 1789,218 1831,217 1872,217 1913,216 1955,216 1996,215 2037,214 2079,213"/>
                <TextEquiv>
                    <Unicode>Papiere, die mit Teergetränk</Unicode>
                </TextEquiv>
            </TextLine>
            <TextLine id="r2l4" custom="readingOrder {index:3;}">
                <Coords points="1242,271 2071,272 2084,221 1242,238"/>
                <Baseline points="1248,268 1289,267 1331,267 1372,267 1414,266 1455,266 1497,265 1538,264 1580,264 1621,263 1663,262 1705,262 1746,261 1788,260 1829,259 1871,259 1912,258 1954,258 1995,258 2037,257 2079,257"/>
                <TextEquiv>
                    <Unicode>waren, in den Zuschauerraum, und auch</Unicode>
                </TextEquiv>
            </TextLine>
            <TextLine id="r2l5" custom="readingOrder {index:4;}">
                <Coords points="1245,318 2077,308 2090,267 1757,261 1581,289 1245,271"/>
                <Baseline points="1251,309 1292,310 1334,310 1376,310 1417,310 1459,309 1501,309 1542,309 1584,308 1626,307 1668,307 1709,306 1751,305 1793,304 1834,303 1876,303 1918,302 1959,301 2001,300 2043,300 2085,299"/>
                <TextEquiv>
                    <Unicode>Eierschalen, deren Inneres mit</Unicode>
                </TextEquiv>
            </TextLine>
            <TextLine id="r2l6" custom="readingOrder {index:5;}">
                <Coords points="1242,369 2086,352 2086,310 1779,306 1744,332 1698,314 1631,334 1549,311 1368,335 1241,316"/>
                <Baseline points="1247,354 1288,354 1330,353 1372,353 1413,353 1455,352 1497,352 1538,351 1580,350 1622,350 1664,349 1705,348 1747,348 1789,347 1830,346 1872,345 1914,344 1955,343 1997,342 2039,341 2081,341"/>
                <TextEquiv>
                    <Unicode>Teer ausgefüllt war. Auch Stühle</Unicode>
                </TextEquiv>
            </TextLine>
            <TextLine id="r2l7" custom="readingOrder {index:6;}">
                <Coords points="1242,413 1610,411 1763,382 1999,404 2079,391 2079,358 1241,371"/>
                <Baseline points="1247,395 1288,395 1329,395 1371,395 1412,395 1453,394 1495,394 1536,394 1577,393 1619,393 1660,392 1701,392 1743,391 1784,390 1825,389 1867,389 1908,388 1949,387 1991,386 2032,385 2074,384"/>
                <TextEquiv>
                    <Unicode>wurden von den Logen aus in den Zuschauer</Unicode>
                </TextEquiv>
            </TextLine>
            <TextLine id="r2l8" custom="readingOrder {index:7;}">
                <Coords points="1249,455 2082,445 2081,395 1248,413"/>
                <Baseline points="1254,442 1295,442 1336,441 1377,440 1418,440 1459,439 1500,439 1541,438 1582,438 1623,437 1665,437 1706,436 1747,436 1788,435 1829,434 1870,434 1911,433 1952,432 1993,431 2034,430 2076,428"/>
                <TextEquiv>
                    <Unicode>aum sowohl als auf die Bühne geschleudert</Unicode>
                </TextEquiv>
            </TextLine>
            <TextLine id="r2l9" custom="readingOrder {index:8;}">
                <Coords points="1344,525 1443,503 1741,503 1781,520 1846,499 1981,500 1980,467 1949,454 1497,475 1343,461"/>
                <Baseline points="1349,504 1380,503 1411,503 1442,502 1474,502 1505,501 1536,501 1568,500 1599,499 1630,499 1662,498 1693,498 1724,497 1755,497 1787,496 1818,496 1849,495 1881,494 1912,494 1943,493 1975,493"/>
                <TextEquiv>
                    <Unicode>Die Panik im Zuschauerraum.</Unicode>
                </TextEquiv>
            </TextLine>
            <TextLine id="r2l10" custom="readingOrder {index:9;}">
                <Coords points="1317,575 2086,569 2092,519 1317,529"/>
                <Baseline points="1323,564 1361,564 1399,564 1437,564 1475,563 1514,563 1552,562 1590,562 1628,561 1666,561 1705,560 1743,559 1781,558 1819,558 1857,557 1896,556 1934,555 1972,555 2010,555 2048,554 2087,554"/>
                <TextEquiv>
                    <Unicode>Unter solchen Umständen mußte natürlich</Unicode>
                </TextEquiv>
            </TextLine>
            <TextLine id="r2l11" custom="readingOrder {index:10;}">
                <Coords points="2019,611 2027,611 2030,607 2038,604 2046,606 2053,601 2068,607 2077,598 2084,598 2083,568 2074,567 2064,561 2056,562 2049,567 2044,565 2036,567 2028,572 2017,571"/>
                <Baseline points="2024,598 2051,596 2078,596"/>
                <TextEquiv>
                    <Unicode>a b¬</Unicode>
                </TextEquiv>
            </TextLine>
            <TextLine id="r2l12" custom="readingOrder {index:11;}">
                <Coords points="1762,610 1782,615 1798,605 1818,615 1848,606 1874,609 1889,600 1900,608 1933,611 1967,595 1977,597 1976,574 1951,566 1914,566 1891,578 1877,571 1864,576 1848,563 1823,577 1788,563 1777,570 1761,567"/>
                <Baseline points="1767,605 1792,604 1818,602 1843,601 1869,600 1895,599 1920,599 1946,599 1972,600"/>
                <TextEquiv>
                    <Unicode>sofort</Unicode>
                </TextEquiv>
            </TextLine>
            <TextLine id="r2l13" custom="readingOrder {index:12;}">
                <Coords points="1239,618 1276,624 1321,601 1382,619 1639,607 1679,628 1711,613 1711,591 1685,576 1494,568 1410,583 1388,569 1353,587 1299,587 1239,573"/>
                <Baseline points="1245,609 1270,610 1296,610 1321,610 1347,610 1373,609 1398,609 1424,608 1449,608 1475,607 1501,606 1526,606 1552,606 1577,606 1603,606 1629,606 1654,607 1680,608 1706,609"/>
                <TextEquiv>
                    <Unicode>die Vorstellung</Unicode>
                </TextEquiv>
            </TextLine>
            <TextLine id="r2l14" custom="readingOrder {index:13;}">
                <Coords points="1244,665 1673,660 1720,629 1760,656 2047,652 2085,643 2084,598 1243,626"/>
                <Baseline points="1249,652 1290,652 1332,652 1373,651 1415,651 1456,650 1498,650 1539,649 1581,649 1622,648 1664,647 1706,647 1747,646 1789,645 1830,644 1872,643 1913,642 1955,641 1996,640 2038,639 2080,638"/>
                <TextEquiv>
                    <Unicode>gebrochen werden. Die Schauspielerin</Unicode>
                </TextEquiv>
            </TextLine>
            <TextLine id="r2l15" custom="readingOrder {index:14;}">
                <Coords points="1248,710 2039,695 2087,686 2087,655 1247,662"/>
                <Baseline points="1253,697 1294,696 1335,696 1377,695 1418,694 1460,694 1501,693 1543,692 1584,692 1626,691 1667,690 1708,689 1750,688 1791,688 1833,687 1874,686 1916,685 1957,685 1999,684 2040,683 2082,682"/>
                <TextEquiv>
                    <Unicode>Marietta Olly, die eben auftreten sollte, wurde</Unicode>
                </TextEquiv>
            </TextLine>
            <TextLine id="r2l16" custom="readingOrder {index:15;}">
                <Coords points="1251,746 1979,743 2032,713 1949,689 1250,713"/>
                <Baseline points="1256,740 1294,739 1333,739 1371,738 1410,738 1448,737 1487,736 1525,736 1564,735 1602,735 1641,734 1680,733 1718,733 1757,732 1795,732 1834,731 1872,730 1911,729 1949,729 1988,728 2027,727"/>
                <TextEquiv>
                    <Unicode>von einem Weinkrampf befallen,</Unicode>
                </TextEquiv>
            </TextLine>
            <TextLine id="r2l17" custom="readingOrder {index:16;}">
                <Coords points="1248,792 2084,779 2063,734 1993,755 1912,733 1247,745"/>
                <Baseline points="1253,782 1294,782 1335,782 1376,782 1418,781 1459,781 1500,780 1541,780 1583,778 1624,778 1665,777 1706,776 1748,775 1789,774 1830,773 1871,773 1913,772 1954,771 1995,771 2036,771 2078,771"/>
                <TextEquiv>
                    <Unicode>Vorhang mußte herabgelassen werden, unc</Unicode>
                </TextEquiv>
            </TextLine>
            <TextLine id="r2l18" custom="readingOrder {index:17;}">
                <Coords points="1251,838 2077,826 2080,779 1250,803"/>
                <Baseline points="1256,829 1299,828 1342,828 1385,827 1428,826 1471,825 1514,824 1557,823 1600,822 1643,821 1687,820 1730,819 1773,818 1816,817 1859,816 1902,816 1945,815 1988,814 2031,814 2075,813"/>
                <TextEquiv>
                    <Unicode>uuch gegen den herabgelassenen Vorhan</Unicode>
                </TextEquiv>
            </TextLine>
            <TextLine id="r2l19" custom="readingOrder {index:18;}">
                <Coords points="1252,875 1934,858 1971,883 2092,867 2092,829 1251,839"/>
                <Baseline points="1257,869 1298,868 1340,868 1381,867 1423,866 1464,866 1506,865 1547,864 1589,864 1630,863 1672,863 1713,863 1755,862 1796,861 1838,861 1879,860 1921,860 1962,859 2004,858 2045,858 2087,857"/>
                <TextEquiv>
                    <Unicode>vurden noch Stühle und mit Teer gefüllte</Unicode>
                </TextEquiv>
            </TextLine>
            <TextLine id="r2l20" custom="readingOrder {index:19;}">
                <Coords points="1245,926 1415,915 1514,927 1543,912 1586,923 1605,909 1670,920 1676,880 1515,873 1443,886 1398,869 1244,879"/>
                <Baseline points="1251,913 1277,913 1303,912 1329,912 1356,911 1382,911 1408,910 1434,910 1461,910 1487,909 1513,909 1539,908 1566,907 1592,907 1618,906 1644,906 1671,905"/>
                <TextEquiv>
                    <Unicode>Eierschalen geschleudert.</Unicode>
                </TextEquiv>
            </TextLine>
            <TextLine id="r2l21" custom="readingOrder {index:20;}">
                <Coords points="1328,974 2088,962 2061,907 1934,929 1822,908 1625,934 1327,919"/>
                <Baseline points="1333,964 1370,963 1407,962 1445,961 1482,961 1520,960 1557,959 1595,959 1632,959 1670,958 1707,958 1744,958 1782,957 1819,957 1857,957 1894,956 1932,956 1969,955 2007,954 2044,953 2082,951"/>
                <TextEquiv>
                    <Unicode>Des Publikums hatte sich eine furcht¬</Unicode>
                </TextEquiv>
            </TextLine>
            <TextLine id="r2l22" custom="readingOrder {index:21;}">
                <Coords points="1248,1018 2009,1017 2094,999 2094,967 1248,971"/>
                <Baseline points="1253,1009 1294,1008 1336,1008 1378,1007 1420,1007 1462,1007 1503,1006 1545,1006 1587,1005 1629,1005 1671,1004 1712,1004 1754,1003 1796,1003 1838,1002 1880,1001 1921,1000 1963,999 2005,999 2047,998 2089,996"/>
                <TextEquiv>
                    <Unicode>bare Panik bemächtigt. Das Wacheaufgebot</Unicode>
                </TextEquiv>
            </TextLine>
            <TextLine id="r2l23" custom="readingOrder {index:22;}">
                <Coords points="1248,1061 2083,1045 2082,1004 1247,1017"/>
                <Baseline points="1253,1052 1294,1052 1335,1052 1376,1052 1417,1052 1459,1051 1500,1051 1541,1050 1582,1050 1623,1049 1665,1049 1706,1048 1747,1047 1788,1047 1829,1046 1871,1045 1912,1044 1953,1043 1994,1042 2035,1042 2077,1041"/>
                <TextEquiv>
                    <Unicode>erwies sich als zu schwach, um dem Treiben</Unicode>
                </TextEquiv>
            </TextLine>
            <TextLine id="r2l24" custom="readingOrder {index:23;}">
                <Coords points="1253,1106 2092,1092 2092,1049 1252,1072"/>
                <Baseline points="1258,1098 1299,1097 1340,1096 1382,1096 1423,1095 1465,1095 1506,1094 1548,1094 1589,1093 1631,1093 1672,1092 1713,1092 1755,1091 1796,1091 1838,1090 1879,1089 1921,1089 1962,1088 2004,1087 2045,1086 2087,1085"/>
                <TextEquiv>
                    <Unicode>er Demonstranten Einhalt zu tun. Die Leute</Unicode>
                </TextEquiv>
            </TextLine>
            <TextLine id="r2l25" custom="readingOrder {index:24;}">
                <Coords points="1250,1148 2094,1138 2076,1090 1430,1123 1250,1107"/>
                <Baseline points="1255,1140 1296,1140 1338,1140 1379,1140 1421,1140 1463,1139 1504,1139 1546,1139 1588,1138 1629,1138 1671,1137 1713,1137 1754,1136 1796,1135 1838,1134 1879,1133 1921,1133 1963,1132 2004,1131 2046,1130 2088,1128"/>
                <TextEquiv>
                    <Unicode>türmten aus den Sitzreihen, um sich in</Unicode>
                </TextEquiv>
            </TextLine>
            <TextLine id="r2l26" custom="readingOrder {index:25;}">
                <Coords points="1248,1191 1539,1180 1632,1203 1734,1169 2064,1190 2093,1179 2093,1139 1554,1143 1445,1170 1397,1145 1247,1148"/>
                <Baseline points="1253,1184 1294,1185 1336,1185 1378,1185 1420,1185 1461,1184 1503,1184 1545,1183 1587,1183 1628,1182 1670,1181 1712,1180 1754,1179 1795,1179 1837,1177 1879,1177 1921,1176 1962,1175 2004,1175 2046,1174 2088,1174"/>
                <TextEquiv>
                    <Unicode>Sicherheit zu bringen. Sie ließen ihre</Unicode>
                </TextEquiv>
            </TextLine>
            <TextLine id="r2l27" custom="readingOrder {index:26;}">
                <Coords points="1248,1240 2088,1233 2087,1191 1982,1178 1248,1198"/>
                <Baseline points="1253,1230 1294,1230 1335,1229 1377,1228 1418,1228 1460,1227 1501,1227 1543,1226 1584,1225 1626,1225 1667,1224 1708,1224 1750,1223 1791,1223 1833,1222 1874,1222 1916,1221 1957,1221 1999,1220 2040,1220 2082,1220"/>
                <TextEquiv>
                    <Unicode>Garderobe im Stich. Nur mit Mühe gelang</Unicode>
                </TextEquiv>
            </TextLine>
            <TextLine id="r2l28" custom="readingOrder {index:27;}">
                <Coords points="2031,1271 2039,1272 2050,1262 2061,1268 2066,1266 2077,1271 2080,1269 2087,1273 2088,1271 2094,1272 2095,1234 2081,1234 2071,1226 2060,1227 2053,1231 2041,1227 2039,1224 2033,1224"/>
                <Baseline points="2037,1262 2063,1262 2089,1264"/>
                <TextEquiv>
                    <Unicode>den</Unicode>
                </TextEquiv>
            </TextLine>
            <TextLine id="r2l29" custom="readingOrder {index:28;}">
                <Coords points="1246,1280 1674,1273 1760,1294 1833,1260 1990,1269 1990,1237 1246,1241"/>
                <Baseline points="1252,1275 1288,1274 1325,1274 1361,1273 1398,1272 1435,1272 1471,1272 1508,1271 1545,1271 1581,1270 1618,1270 1655,1269 1691,1269 1728,1268 1765,1268 1801,1267 1838,1267 1875,1266 1911,1265 1948,1264 1985,1263"/>
                <TextEquiv>
                    <Unicode>es den Theaterbediensteten, die in</Unicode>
                </TextEquiv>
            </TextLine>
            <TextLine id="r2l30" custom="readingOrder {index:29;}">
                <Coords points="2027,1319 2035,1319 2046,1313 2052,1313 2054,1309 2074,1320 2075,1318 2079,1321 2089,1319 2085,1269 2077,1271 2064,1266 2049,1279 2042,1277 2024,1281"/>
                <Baseline points="2032,1308 2057,1307 2082,1304"/>
                <TextEquiv>
                    <Unicode>gs¬</Unicode>
                </TextEquiv>
            </TextLine>
            <TextLine id="r2l31" custom="readingOrder {index:30;}">
                <Coords points="1248,1325 1578,1332 1797,1300 2021,1317 2020,1283 1913,1263 1753,1290 1549,1277 1466,1303 1416,1279 1247,1280"/>
                <Baseline points="1253,1318 1291,1318 1329,1318 1367,1317 1405,1317 1443,1317 1481,1316 1519,1316 1557,1315 1595,1315 1634,1314 1672,1314 1710,1312 1748,1312 1786,1311 1824,1310 1862,1309 1900,1308 1938,1307 1976,1306 2015,1305"/>
                <TextEquiv>
                    <Unicode>Garderoben abgegebenen Kleidun</Unicode>
                </TextEquiv>
            </TextLine>
            <TextLine id="r2l32" custom="readingOrder {index:31;}">
                <Coords points="2033,1362 2040,1360 2043,1362 2044,1360 2056,1365 2058,1362 2067,1364 2075,1357 2088,1357 2084,1321 2073,1320 2057,1309 2039,1318 2029,1319"/>
                <Baseline points="2037,1351 2081,1347"/>
                <TextEquiv>
                    <Unicode>In</Unicode>
                </TextEquiv>
            </TextLine>
            <TextLine id="r2l33" custom="readingOrder {index:32;}">
                <Coords points="1256,1372 1981,1357 1980,1323 1914,1312 1684,1334 1494,1315 1368,1346 1334,1324 1256,1329"/>
                <Baseline points="1261,1363 1296,1362 1332,1361 1368,1361 1403,1360 1439,1360 1475,1359 1510,1359 1546,1358 1582,1358 1618,1357 1653,1357 1689,1357 1725,1356 1760,1355 1796,1354 1832,1353 1867,1352 1903,1351 1939,1350 1975,1349"/>
                <TextEquiv>
                    <Unicode>tücke vor Verwüstungen zu schützen.</Unicode>
                </TextEquiv>
            </TextLine>
            <TextLine id="r2l34" custom="readingOrder {index:33;}">
                <Coords points="1246,1423 2077,1404 2087,1358 1245,1382"/>
                <Baseline points="1251,1411 1292,1410 1334,1408 1375,1408 1417,1407 1459,1406 1500,1405 1542,1404 1583,1403 1625,1402 1667,1401 1708,1400 1750,1399 1791,1398 1833,1398 1875,1397 1916,1396 1958,1395 1999,1394 2041,1394 2083,1393"/>
                <TextEquiv>
                    <Unicode>großer Angst suchten die Theaterzuschauer</Unicode>
                </TextEquiv>
            </TextLine>
            <TextLine id="r2l35" custom="readingOrder {index:34;}">
                <Coords points="1254,1467 1564,1443 1647,1465 1777,1433 1824,1461 2079,1454 2080,1405 1253,1424"/>
                <Baseline points="1259,1450 1299,1450 1340,1450 1381,1450 1422,1450 1463,1449 1503,1449 1544,1448 1585,1447 1626,1446 1667,1445 1707,1445 1748,1444 1789,1443 1830,1442 1871,1441 1911,1440 1952,1440 1993,1439 2034,1439 2075,1438"/>
                <TextEquiv>
                    <Unicode>illerlei Verstecke auf. Sie versuchten auch</Unicode>
                </TextEquiv>
            </TextLine>
            <TextLine id="r2l36" custom="readingOrder {index:35;}">
                <Coords points="1242,1504 2083,1489 2082,1453 2050,1442 1242,1466"/>
                <Baseline points="1248,1498 1289,1497 1330,1496 1372,1495 1413,1494 1455,1494 1496,1493 1538,1492 1579,1492 1621,1491 1662,1490 1703,1490 1745,1489 1786,1488 1828,1487 1869,1486 1911,1485 1952,1484 1994,1482 2035,1481 2077,1479"/>
                <TextEquiv>
                    <Unicode>auf die Bühne selbst zu gelangen, deren Tür</Unicode>
                </TextEquiv>
            </TextLine>
            <TextLine id="r2l37" custom="readingOrder {index:36;}">
                <Coords points="1243,1547 1360,1524 1575,1553 1792,1549 1876,1518 1932,1545 2087,1527 2086,1487 1243,1504"/>
                <Baseline points="1249,1541 1290,1540 1332,1539 1373,1539 1415,1538 1457,1537 1498,1537 1540,1536 1582,1535 1623,1534 1665,1534 1707,1533 1748,1533 1790,1532 1832,1531 1873,1530 1915,1529 1957,1528 1998,1527 2040,1526 2082,1524"/>
                <TextEquiv>
                    <Unicode>aber aus Sicherheitsgründen geschlossen</Unicode>
                </TextEquiv>
            </TextLine>
            <TextLine id="r2l38" custom="readingOrder {index:37;}">
                <Coords points="1246,1594 1805,1588 1860,1566 2041,1589 2082,1582 2082,1539 1245,1554"/>
                <Baseline points="1251,1584 1292,1584 1333,1584 1374,1584 1416,1584 1457,1583 1498,1582 1540,1581 1581,1581 1622,1580 1664,1578 1705,1577 1746,1577 1787,1575 1829,1574 1870,1573 1911,1572 1953,1571 1994,1570 2035,1569 2077,1569"/>
                <TextEquiv>
                    <Unicode>werden mußte, nachdem dort ein kleine</Unicode>
                </TextEquiv>
            </TextLine>
            <TextLine id="r2l39" custom="readingOrder {index:38;}">
                <Coords points="1252,1648 1437,1618 1470,1642 2050,1631 2094,1622 2093,1581 1250,1595"/>
                <Baseline points="1257,1627 1298,1628 1340,1628 1381,1628 1423,1628 1464,1627 1506,1626 1547,1626 1589,1625 1630,1624 1672,1623 1714,1622 1755,1621 1797,1620 1838,1618 1880,1617 1921,1617 1963,1615 2004,1615 2046,1614 2088,1614"/>
                <TextEquiv>
                    <Unicode>Teil der geflüchteten Zuschauer Schutz ge¬</Unicode>
                </TextEquiv>
            </TextLine>
            <TextLine id="r2l40" custom="readingOrder {index:39;}">
                <Coords points="1256,1678 2027,1678 2087,1662 2086,1622 1255,1647"/>
                <Baseline points="1261,1672 1302,1672 1343,1672 1384,1672 1425,1671 1466,1671 1507,1670 1548,1669 1589,1669 1630,1668 1671,1666 1712,1665 1753,1665 1794,1663 1835,1662 1876,1662 1917,1661 1958,1660 1999,1660 2040,1659 2081,1659"/>
                <TextEquiv>
                    <Unicode>unden hatte. Ein anderer Teil fand in den</Unicode>
                </TextEquiv>
            </TextLine>
            <TextLine id="r2l41" custom="readingOrder {index:40;}">
                <Coords points="1922,1714 1927,1714 1929,1717 1946,1708 1950,1709 1952,1712 1961,1711 1964,1714 1966,1712 1971,1713 1973,1681 1968,1680 1961,1685 1948,1671 1940,1667 1938,1668 1933,1664 1925,1665"/>
                <Baseline points="1928,1705 1966,1707"/>
                <TextEquiv>
                    <Unicode>8.</Unicode>
                </TextEquiv>
            </TextLine>
            <TextLine id="r2l42" custom="readingOrder {index:41;}">
                <Coords points="1257,1736 1918,1715 1918,1679 1256,1679"/>
                <Baseline points="1263,1717 1295,1717 1328,1717 1360,1717 1393,1716 1425,1716 1458,1715 1490,1715 1523,1714 1555,1713 1588,1713 1620,1712 1653,1711 1685,1710 1718,1709 1750,1709 1783,1708 1815,1707 1848,1707 1880,1706 1913,1705"/>
                <TextEquiv>
                    <Unicode>arderoben der Darsteller Untersta</Unicode>
                </TextEquiv>
            </TextLine>
            <TextLine id="r2l43" custom="readingOrder {index:42;}">
                <Coords points="1324,1787 2087,1764 2086,1723 2038,1714 1770,1719 1725,1740 1323,1730"/>
                <Baseline points="1329,1771 1366,1771 1404,1770 1441,1769 1479,1769 1517,1768 1554,1767 1592,1766 1629,1765 1667,1764 1705,1763 1742,1762 1780,1761 1817,1760 1855,1759 1893,1758 1930,1756 1968,1756 2005,1755 2043,1754 2081,1753"/>
                <TextEquiv>
                    <Unicode>Im Saale wurde eine förmliche</Unicode>
                </TextEquiv>
            </TextLine>
            <TextLine id="r2l44" custom="readingOrder {index:43;}">
                <Coords points="1247,1808 1325,1834 1388,1807 1466,1827 2093,1812 2084,1762 1371,1790 1246,1767"/>
                <Baseline points="1253,1819 1294,1818 1336,1817 1378,1816 1419,1815 1461,1814 1503,1812 1544,1811 1586,1810 1628,1808 1670,1807 1711,1806 1753,1805 1795,1804 1836,1803 1878,1802 1920,1801 1961,1801 2003,1800 2045,1800 2087,1800"/>
                <TextEquiv>
                    <Unicode>Jagd auf die Flüchtenden veranstaltet,</Unicode>
                </TextEquiv>
            </TextLine>
            <TextLine id="r2l45" custom="readingOrder {index:44;}">
                <Coords points="1256,1866 2087,1847 2086,1817 2052,1809 1255,1827"/>
                <Baseline points="1261,1859 1302,1858 1343,1858 1384,1857 1425,1857 1466,1856 1507,1855 1548,1855 1589,1854 1630,1853 1671,1853 1712,1852 1753,1851 1794,1850 1835,1849 1876,1848 1917,1847 1958,1846 1999,1846 2040,1845 2082,1844"/>
                <TextEquiv>
                    <Unicode>Männer, die ihre bedrohten Frauer</Unicode>
                </TextEquiv>
            </TextLine>
            <TextLine id="r2l46" custom="readingOrder {index:45;}">
                <Coords points="1247,1913 1360,1922 1430,1892 1980,1910 2087,1896 2086,1846 1811,1876 1655,1860 1617,1883 1519,1856 1246,1868"/>
                <Baseline points="1252,1902 1293,1902 1334,1902 1376,1902 1417,1901 1459,1901 1500,1900 1542,1900 1583,1899 1625,1898 1666,1897 1707,1896 1749,1896 1790,1894 1832,1894 1873,1893 1915,1892 1956,1891 1998,1890 2039,1889 2081,1889"/>
                <TextEquiv>
                    <Unicode>beschützen wollten, wurden geprügelt</Unicode>
                </TextEquiv>
            </TextLine>
            <TextLine id="r2l47" custom="readingOrder {index:46;}">
                <Coords points="1242,1960 2087,1937 2086,1896 2046,1892 1241,1916"/>
                <Baseline points="1247,1947 1288,1947 1330,1947 1372,1947 1413,1947 1455,1946 1497,1945 1538,1945 1580,1943 1622,1942 1664,1941 1705,1940 1747,1939 1789,1938 1830,1936 1872,1935 1914,1934 1955,1933 1997,1932 2039,1931 2081,1930"/>
                <TextEquiv>
                    <Unicode>viele von ihnen durch Hiebe mit Stocken</Unicode>
                </TextEquiv>
            </TextLine>
            <TextLine id="r2l48" custom="readingOrder {index:47;}">
                <Coords points="1249,1999 1336,1979 1390,2003 1773,2000 1868,1972 2048,1993 2090,1988 2089,1943 1248,1963"/>
                <Baseline points="1254,1994 1295,1993 1337,1992 1378,1991 1420,1990 1461,1989 1503,1988 1544,1987 1586,1986 1627,1985 1669,1985 1710,1984 1752,1983 1793,1982 1835,1982 1876,1981 1918,1980 1959,1979 2001,1978 2042,1977 2084,1976"/>
                <TextEquiv>
                    <Unicode>und mit Schlagringen verletzt.</Unicode>
                </TextEquiv>
            </TextLine>
            <TextLine id="r2l49" custom="readingOrder {index:48;}">
                <Coords points="1256,2044 2087,2025 2086,1984 1255,1999"/>
                <Baseline points="1261,2034 1302,2034 1343,2034 1384,2034 1425,2033 1466,2033 1507,2032 1548,2031 1589,2030 1630,2029 1671,2028 1712,2027 1753,2026 1794,2025 1835,2024 1876,2023 1917,2022 1958,2021 1999,2020 2040,2020 2081,2019"/>
                <TextEquiv>
                    <Unicode>Weibliche Theaterbesucher wurden bei den</Unicode>
                </TextEquiv>
            </TextLine>
            <TextLine id="r2l50" custom="readingOrder {index:49;}">
                <Coords points="1243,2099 2094,2069 2079,2028 1449,2061 1242,2046"/>
                <Baseline points="1249,2086 1291,2083 1333,2082 1375,2080 1417,2079 1459,2078 1501,2077 1543,2076 1585,2075 1627,2074 1669,2073 1711,2073 1753,2072 1795,2071 1837,2070 1879,2069 1921,2069 1963,2068 2005,2066 2047,2064 2089,2063"/>
                <TextEquiv>
                    <Unicode>Haaren zu Boden gerissen und</Unicode>
                </TextEquiv>
            </TextLine>
            <TextLine id="r2l51" custom="readingOrder {index:50;}">
                <Coords points="1246,2144 2097,2112 2096,2081 1980,2069 1245,2102"/>
                <Baseline points="1251,2127 1293,2126 1335,2125 1377,2123 1419,2122 1461,2121 1503,2120 1545,2119 1587,2118 1629,2117 1671,2116 1713,2115 1755,2114 1797,2113 1839,2112 1881,2111 1923,2111 1965,2110 2007,2109 2049,2108 2091,2107"/>
                <TextEquiv>
                    <Unicode>geschleift. Während der Panik stürzten einzelne</Unicode>
                </TextEquiv>
            </TextLine>
            <TextLine id="r2l52" custom="readingOrder {index:51;}">
                <Coords points="1252,2186 2093,2164 2074,2112 1251,2138"/>
                <Baseline points="1257,2171 1298,2170 1340,2169 1381,2168 1423,2167 1464,2167 1506,2166 1547,2165 1589,2164 1630,2163 1672,2162 1714,2161 1755,2160 1797,2159 1838,2159 1880,2158 1921,2157 1963,2156 2004,2156 2046,2155 2088,2155"/>
                <TextEquiv>
                    <Unicode>Personen zu Boden und wurden durch Fuß¬</Unicode>
                </TextEquiv>
            </TextLine>
            <TextLine id="r2l53" custom="readingOrder {index:52;}">
                <Coords points="1245,2220 1314,2219 1329,2231 1363,2215 1412,2216 1466,2232 1482,2219 1546,2234 1632,2220 1631,2172 1579,2166 1533,2181 1477,2169 1390,2189 1351,2177 1296,2175 1269,2189 1244,2180"/>
                <Baseline points="1251,2213 1276,2214 1301,2214 1326,2214 1351,2214 1376,2214 1401,2213 1426,2212 1451,2212 1476,2211 1501,2211 1526,2210 1551,2209 1576,2208 1601,2208 1627,2208"/>
                <TextEquiv>
                    <Unicode>tritte mißhandelt.</Unicode>
                </TextEquiv>
            </TextLine>
            <TextLine id="r2l54" custom="readingOrder {index:53;}">
                <Coords points="1331,2279 1659,2275 1707,2251 1735,2272 1972,2270 2091,2258 2090,2208 1329,2226"/>
                <Baseline points="1336,2267 1373,2266 1411,2265 1448,2264 1486,2263 1523,2262 1561,2261 1598,2261 1636,2260 1673,2259 1711,2258 1748,2257 1786,2257 1823,2256 1861,2254 1898,2253 1936,2253 1973,2252 2011,2250 2048,2249 2086,2248"/>
                <TextEquiv>
                    <Unicode>Die Hilferafe der Geängstigten wit</Unicode>
                </TextEquiv>
            </TextLine>
            <TextLine id="r2l55" custom="readingOrder {index:54;}">
                <Coords points="1250,2324 1745,2294 1907,2315 2091,2298 2099,2258 1248,2274"/>
                <Baseline points="1255,2313 1299,2311 1343,2310 1387,2308 1431,2307 1475,2306 1519,2305 1564,2304 1608,2303 1652,2302 1696,2301 1740,2300 1784,2299 1829,2299 1873,2298 1917,2297 1961,2296 2005,2295 2049,2294 2094,2292"/>
                <TextEquiv>
                    <Unicode>auch die der Mißhandelten erfüllten den Saal</Unicode>
                </TextEquiv>
            </TextLine>
            <TextLine id="r2l56" custom="readingOrder {index:55;}">
                <Coords points="1258,2360 2022,2358 2095,2346 2094,2296 1257,2326"/>
                <Baseline points="1263,2355 1304,2354 1345,2353 1386,2352 1428,2351 1469,2350 1510,2349 1552,2348 1593,2347 1634,2346 1676,2346 1717,2345 1758,2344 1799,2343 1841,2342 1882,2341 1923,2340 1965,2339 2006,2338 2047,2337 2089,2335"/>
                <TextEquiv>
                    <Unicode>und dazwischen mengte sich der so grelle Pfiff</Unicode>
                </TextEquiv>
            </TextLine>
            <TextLine id="r2l57" custom="readingOrder {index:56;}">
                <Coords points="1248,2408 2033,2394 2090,2385 2089,2357 1246,2360"/>
                <Baseline points="1253,2399 1294,2398 1336,2396 1377,2395 1419,2394 1460,2393 1502,2392 1543,2391 1585,2390 1626,2389 1668,2388 1710,2387 1751,2386 1793,2385 1834,2384 1876,2384 1917,2383 1959,2381 2000,2380 2042,2379 2084,2378"/>
                <TextEquiv>
                    <Unicode>der Sirene, die das Kommando war, und</Unicode>
                </TextEquiv>
            </TextLine>
            <TextLine id="r2l58" custom="readingOrder {index:57;}">
                <Coords points="1248,2448 2059,2433 2090,2429 2089,2385 1247,2408"/>
                <Baseline points="1253,2441 1294,2440 1336,2439 1377,2437 1419,2436 1460,2435 1502,2434 1543,2434 1585,2433 1626,2432 1668,2431 1710,2430 1751,2430 1793,2429 1834,2428 1876,2427 1917,2427 1959,2425 2000,2425 2042,2423 2084,2422"/>
                <TextEquiv>
                    <Unicode>das Gejohle der Demonstranten, die durch all</Unicode>
                </TextEquiv>
            </TextLine>
            <TextLine id="r2l59" custom="readingOrder {index:58;}">
                <Coords points="1252,2492 2096,2480 2095,2431 1251,2445"/>
                <Baseline points="1257,2485 1298,2484 1340,2482 1381,2481 1423,2480 1465,2479 1506,2478 1548,2477 1590,2476 1631,2475 1673,2474 1715,2473 1756,2473 1798,2472 1840,2471 1881,2471 1923,2470 1965,2469 2006,2468 2048,2467 2090,2466"/>
                <TextEquiv>
                    <Unicode>Teile des Theaters umherliefen und mit ihren</Unicode>
                </TextEquiv>
            </TextLine>
            <TextLine id="r2l60" custom="readingOrder {index:59;}">
                <Coords points="1243,2535 1455,2551 1576,2522 1768,2540 1805,2511 1926,2530 1932,2471 1242,2496"/>
                <Baseline points="1248,2529 1283,2528 1319,2527 1355,2526 1390,2525 1426,2524 1462,2523 1498,2522 1533,2522 1569,2521 1605,2520 1641,2519 1676,2518 1712,2518 1748,2517 1784,2516 1819,2515 1855,2515 1891,2514 1927,2513"/>
                <TextEquiv>
                    <Unicode>Stöcken losschlugen, wohin sie trafen.</Unicode>
                </TextEquiv>
            </TextLine>
            <TextLine id="r2l61" custom="readingOrder {index:60;}">
                <Coords points="1402,2614 1775,2599 1828,2618 1940,2599 1939,2544 1920,2537 1815,2548 1790,2529 1684,2559 1554,2555 1536,2540 1401,2551"/>
                <Baseline points="1407,2601 1433,2601 1459,2600 1486,2600 1512,2599 1539,2599 1565,2598 1591,2597 1618,2597 1644,2596 1671,2596 1697,2595 1723,2595 1750,2595 1776,2595 1803,2594 1829,2594 1855,2594 1882,2594 1908,2594 1935,2595"/>
                <TextEquiv>
                    <Unicode>Die Räumung des Hauses.</Unicode>
                </TextEquiv>
            </TextLine>
            <TextLine id="r2l62" custom="readingOrder {index:61;}">
                <Coords points="1393,2671 1598,2667 1655,2683 1760,2660 1811,2680 1975,2659 1974,2621 1925,2609 1689,2606 1527,2633 1392,2615"/>
                <Baseline points="1399,2660 1427,2660 1456,2660 1484,2659 1513,2659 1541,2658 1570,2657 1598,2657 1627,2656 1655,2656 1684,2655 1712,2654 1741,2654 1769,2653 1798,2652 1826,2652 1855,2651 1883,2651 1912,2651 1940,2651 1969,2650"/>
                <TextEquiv>
                    <Unicode>Sieben Personen verhaftet.</Unicode>
                </TextEquiv>
            </TextLine>
            <TextLine id="r2l63" custom="readingOrder {index:62;}">
                <Coords points="1331,2730 2043,2726 2095,2718 2094,2658 1898,2684 1330,2684"/>
                <Baseline points="1336,2724 1373,2723 1411,2722 1449,2722 1486,2721 1524,2720 1562,2719 1599,2719 1637,2718 1675,2717 1713,2717 1750,2716 1788,2715 1826,2714 1863,2714 1901,2713 1939,2712 1976,2711 2014,2710 2052,2710 2090,2709"/>
                <TextEquiv>
                    <Unicode>Unterdessen hatte die Sicherheits</Unicode>
                </TextEquiv>
            </TextLine>
            <TextLine id="r2l64" custom="readingOrder {index:63;}">
                <Coords points="1257,2775 1977,2752 2081,2771 2093,2718 1256,2741"/>
                <Baseline points="1262,2770 1303,2769 1344,2768 1386,2768 1427,2767 1468,2765 1510,2765 1551,2763 1592,2762 1634,2761 1675,2760 1716,2759 1758,2758 1799,2757 1840,2756 1882,2756 1923,2755 1964,2755 2006,2755 2047,2755 2089,2755"/>
                <TextEquiv>
                    <Unicode>wache von der Wachstube in der Postgass</Unicode>
                </TextEquiv>
            </TextLine>
            <TextLine id="r2l65" custom="readingOrder {index:64;}">
                <Coords points="1254,2822 2095,2803 2094,2767 1955,2760 1253,2776"/>
                <Baseline points="1259,2811 1300,2811 1342,2811 1383,2810 1425,2810 1466,2809 1508,2808 1549,2807 1591,2806 1632,2805 1674,2804 1715,2803 1757,2802 1798,2801 1840,2800 1881,2799 1923,2798 1964,2798 2006,2798 2047,2797 2089,2797"/>
                <TextEquiv>
                    <Unicode>Verstärkung erhalten, und unterstützt vor</Unicode>
                </TextEquiv>
            </TextLine>
            <TextLine id="r2l66" custom="readingOrder {index:65;}">
                <Coords points="1256,2863 2099,2851 2098,2806 2046,2801 1467,2813 1439,2836 1380,2814 1336,2845 1256,2825"/>
                <Baseline points="1262,2857 1303,2856 1345,2855 1386,2854 1428,2853 1470,2851 1511,2851 1553,2850 1594,2849 1636,2848 1678,2847 1719,2846 1761,2845 1802,2844 1844,2843 1886,2843 1927,2842 1969,2842 2010,2841 2052,2840 2094,2840"/>
                <TextEquiv>
                    <Unicode>den im Theater den Dienst versehenden</Unicode>
                </TextEquiv>
            </TextLine>
            <TextLine id="r2l67" custom="readingOrder {index:66;}">
                <Coords points="1249,2909 2107,2893 2106,2848 1248,2863"/>
                <Baseline points="1254,2897 1296,2897 1338,2896 1381,2896 1423,2895 1465,2894 1508,2894 1550,2893 1592,2892 1635,2891 1677,2890 1719,2889 1762,2888 1804,2888 1846,2887 1889,2886 1931,2886 1973,2885 2016,2885 2058,2885 2101,2885"/>
                <TextEquiv>
                    <Unicode>Feverwehrleuten wie aulch von den</Unicode>
                </TextEquiv>
            </TextLine>
            <TextLine id="r2l68" custom="readingOrder {index:67;}">
                <Coords points="1259,2949 1946,2923 2007,2943 2095,2930 2095,2889 1936,2917 1807,2897 1775,2923 1703,2896 1259,2907"/>
                <Baseline points="1264,2941 1305,2940 1346,2940 1387,2939 1429,2938 1470,2938 1511,2937 1553,2936 1594,2935 1635,2934 1677,2934 1718,2933 1759,2932 1800,2931 1842,2931 1883,2930 1924,2930 1966,2929 2007,2929 2048,2929 2090,2928"/>
                <TextEquiv>
                    <Unicode>Bühnenarbeitern, wurde an die</Unicode>
                </TextEquiv>
            </TextLine>
            <TextLine id="r2l69" custom="readingOrder {index:68;}">
                <Coords points="1249,2993 2089,2981 2088,2944 2047,2930 1249,2948"/>
                <Baseline points="1255,2985 1296,2983 1337,2982 1379,2982 1420,2981 1462,2980 1503,2979 1544,2979 1586,2978 1627,2978 1669,2977 1710,2977 1751,2976 1793,2975 1834,2975 1876,2974 1917,2973 1958,2972 2000,2970 2041,2969 2083,2968"/>
                <TextEquiv>
                    <Unicode>Räumung des Saales geschritten. Als die Ver</Unicode>
                </TextEquiv>
            </TextLine>
            <TextLine id="r2l70" custom="readingOrder {index:69;}">
                <Coords points="1254,3035 2105,3022 2098,2977 1832,2976 1724,3003 1659,2981 1253,2991"/>
                <Baseline points="1259,3027 1301,3026 1343,3026 1385,3025 1427,3024 1469,3023 1511,3022 1553,3022 1595,3021 1637,3020 1679,3020 1721,3019 1763,3018 1805,3017 1847,3016 1889,3016 1931,3015 1973,3015 2015,3014 2057,3014 2099,3013"/>
                <TextEquiv>
                    <Unicode>stärkung der Wache kam. gab der Führer der</Unicode>
                </TextEquiv>
            </TextLine>
            <TextLine id="r2l71" custom="readingOrder {index:70;}">
                <Coords points="1256,3078 2033,3077 2102,3070 2102,3034 1256,3036"/>
                <Baseline points="1261,3069 1302,3068 1344,3068 1386,3067 1428,3067 1470,3066 1511,3065 1553,3064 1595,3063 1637,3062 1679,3061 1720,3060 1762,3060 1804,3059 1846,3059 1888,3058 1929,3058 1971,3059 2013,3059 2055,3059 2097,3060"/>
                <TextEquiv>
                    <Unicode>Kundgebungen das Kommando zum Rückzug.</Unicode>
                </TextEquiv>
            </TextLine>
            <TextLine id="r2l72" custom="readingOrder {index:71;}">
                <Coords points="1257,3122 1822,3120 1857,3093 1905,3116 2096,3108 2095,3068 1992,3063 1256,3078"/>
                <Baseline points="1262,3114 1303,3112 1344,3111 1386,3110 1427,3109 1469,3108 1510,3107 1551,3106 1593,3106 1634,3105 1676,3105 1717,3104 1758,3104 1800,3103 1841,3103 1883,3102 1924,3101 1965,3101 2007,3100 2048,3099 2090,3098"/>
                <TextEquiv>
                    <Unicode>Auch während der Räumung des Saales</Unicode>
                </TextEquiv>
            </TextLine>
            <TextLine id="r2l73" custom="readingOrder {index:72;}">
                <Coords points="1256,3168 2093,3155 2093,3114 1255,3119"/>
                <Baseline points="1261,3159 1302,3157 1343,3155 1385,3153 1426,3152 1467,3151 1509,3150 1550,3149 1591,3148 1633,3148 1674,3147 1715,3147 1757,3146 1798,3146 1839,3146 1881,3146 1922,3145 1963,3145 2005,3145 2046,3145 2088,3144"/>
                <TextEquiv>
                    <Unicode>spielten sich noch immer Kämpfe zwischen De¬</Unicode>
                </TextEquiv>
            </TextLine>
            <TextLine id="r2l74" custom="readingOrder {index:73;}">
                <Coords points="1260,3220 1959,3196 1958,3169 1916,3148 1884,3169 1847,3150 1259,3171"/>
                <Baseline points="1265,3200 1299,3199 1333,3198 1368,3197 1402,3196 1437,3195 1471,3194 1505,3194 1540,3193 1574,3192 1609,3192 1643,3191 1677,3191 1712,3190 1746,3190 1781,3189 1815,3189 1849,3189 1884,3189 1918,3189 1953,3189"/>
                <TextEquiv>
                    <Unicode>nonstranten und Theaterbesuchern ab.</Unicode>
                </TextEquiv>
            </TextLine>
            <TextLine id="r2l75" custom="readingOrder {index:74;}">
                <Coords points="1342,3256 2102,3254 2102,3199 1342,3205"/>
                <Baseline points="1348,3248 1385,3247 1422,3246 1460,3246 1497,3245 1535,3245 1572,3244 1610,3244 1647,3243 1685,3243 1722,3243 1759,3242 1797,3242 1834,3241 1872,3241 1909,3241 1947,3241 1984,3240 2022,3240 2059,3240 2097,3240"/>
                <TextEquiv>
                    <Unicode>Es wurden sieben Personen darch</Unicode>
                </TextEquiv>
            </TextLine>
            <TextLine id="r2l76" custom="readingOrder {index:75;}">
                <Coords points="1264,3298 2098,3284 2097,3255 1968,3240 1823,3272 1721,3249 1263,3257"/>
                <Baseline points="1269,3293 1310,3293 1351,3292 1392,3292 1433,3291 1474,3291 1515,3290 1557,3289 1598,3289 1639,3288 1680,3287 1721,3286 1762,3286 1803,3285 1845,3284 1886,3284 1927,3283 1968,3283 2009,3283 2050,3282 2092,3282"/>
                <TextEquiv>
                    <Unicode>die Wache angehalten, die Personer</Unicode>
                </TextEquiv>
            </TextLine>
            <TextLine id="r2l77" custom="readingOrder {index:76;}">
                <Coords points="1267,3341 2011,3339 2096,3332 2096,3294 1266,3304"/>
                <Baseline points="1272,3337 1315,3335 1358,3334 1401,3334 1444,3333 1487,3332 1530,3331 1573,3330 1616,3330 1659,3329 1703,3329 1746,3328 1789,3328 1832,3328 1875,3327 1918,3327 1961,3326 2004,3326 2047,3326 2091,3325"/>
                <TextEquiv>
                    <Unicode>nißhandelt hatten und im Besitz von schwerer</Unicode>
                </TextEquiv>
            </TextLine>
            <TextLine id="r2l78" custom="readingOrder {index:77;}">
                <Coords points="1252,3391 2098,3381 2097,3346 2056,3331 1819,3355 1603,3328 1251,3341"/>
                <Baseline points="1257,3379 1298,3379 1340,3377 1382,3376 1424,3376 1465,3375 1507,3374 1549,3374 1591,3373 1632,3373 1674,3372 1716,3372 1758,3371 1799,3371 1841,3370 1883,3370 1925,3370 1966,3369 2008,3369 2050,3368 2092,3368"/>
                <TextEquiv>
                    <Unicode>Knütteln angetroffen worden sind. Die An¬</Unicode>
                </TextEquiv>
            </TextLine>
            <TextLine id="r2l79" custom="readingOrder {index:78;}">
                <Coords points="1258,3442 1562,3413 2080,3422 2105,3380 2033,3401 1971,3375 1258,3390"/>
                <Baseline points="1263,3422 1304,3421 1346,3420 1388,3420 1430,3419 1472,3418 1514,3417 1555,3417 1597,3416 1639,3415 1681,3415 1723,3414 1765,3414 1807,3413 1848,3413 1890,3413 1932,3413 1974,3412 2016,3412 2058,3412 2100,3412"/>
                <TextEquiv>
                    <Unicode>gehaltenen sind ein Handelsakademiker, ein</Unicode>
                </TextEquiv>
            </TextLine>
            <TextLine id="r2l80" custom="readingOrder {index:79;}">
                <Coords points="1264,3474 2102,3469 2102,3418 1264,3432"/>
                <Baseline points="1269,3464 1310,3463 1351,3462 1393,3462 1434,3461 1476,3460 1517,3460 1558,3459 1600,3458 1641,3458 1683,3458 1724,3457 1765,3457 1807,3457 1848,3456 1890,3456 1931,3456 1972,3456 2014,3457 2055,3457 2097,3457"/>
                <TextEquiv>
                    <Unicode>Techniker, ein Mediziner, ein Handlungsgehilfe,</Unicode>
                </TextEquiv>
            </TextLine>
            <TextLine id="r2l81" custom="readingOrder {index:80;}">
                <Coords points="1254,3517 1618,3517 1755,3488 1788,3514 2043,3516 2103,3507 2103,3469 1254,3480"/>
                <Baseline points="1259,3509 1303,3508 1347,3507 1391,3506 1435,3505 1479,3504 1523,3503 1568,3503 1612,3502 1656,3501 1700,3501 1744,3500 1788,3500 1833,3499 1877,3499 1921,3499 1965,3499 2009,3499 2053,3499 2098,3498"/>
                <TextEquiv>
                    <Unicode>ein Tapezierergehilfe, ein Schuhmachergehilfe</Unicode>
                </TextEquiv>
            </TextLine>
            <TextLine id="r2l82" custom="readingOrder {index:81;}">
                <Coords points="1265,3558 2049,3555 2101,3543 2101,3510 1264,3519"/>
                <Baseline points="1270,3550 1311,3550 1352,3549 1393,3549 1435,3548 1476,3547 1517,3547 1559,3546 1600,3545 1641,3544 1683,3544 1724,3543 1765,3542 1806,3542 1848,3541 1889,3541 1930,3541 1972,3541 2013,3541 2054,3541 2096,3542"/>
                <TextEquiv>
                    <Unicode>ind ein Zahntechnikerlehrling. Die Angehaltenen</Unicode>
                </TextEquiv>
            </TextLine>
            <TextLine id="r2l83" custom="readingOrder {index:82;}">
                <Coords points="1258,3600 1820,3599 1863,3573 1892,3595 2103,3590 2102,3543 1258,3567"/>
                <Baseline points="1263,3593 1304,3593 1346,3592 1388,3591 1429,3591 1471,3590 1513,3589 1554,3589 1596,3588 1638,3588 1680,3587 1721,3587 1763,3586 1805,3586 1846,3586 1888,3586 1930,3585 1971,3585 2013,3585 2055,3585 2097,3585"/>
                <TextEquiv>
                    <Unicode>wurden dem Polizeikommissariat Innere Stadt</Unicode>
                </TextEquiv>
            </TextLine>
            <TextLine id="r2l84" custom="readingOrder {index:83;}">
                <Coords points="1261,3641 1475,3649 1541,3622 1590,3648 2014,3634 2069,3654 2096,3649 2096,3600 1993,3608 1863,3575 1665,3608 1260,3601"/>
                <Baseline points="1266,3637 1307,3636 1348,3635 1389,3634 1430,3634 1472,3633 1513,3633 1554,3632 1595,3632 1636,3632 1678,3632 1719,3631 1760,3631 1801,3631 1842,3631 1884,3631 1925,3631 1966,3631 2007,3630 2048,3630 2090,3630"/>
                <TextEquiv>
                    <Unicode>überstellt und dort nach Feststellung ihres</Unicode>
                </TextEquiv>
            </TextLine>
            <TextLine id="r2l85" custom="readingOrder {index:84;}">
                <Coords points="1258,3687 1400,3697 1468,3676 1516,3699 1601,3675 1777,3687 1776,3640 1723,3635 1608,3649 1546,3634 1475,3650 1258,3642"/>
                <Baseline points="1264,3680 1289,3679 1314,3679 1340,3678 1365,3678 1390,3678 1416,3677 1441,3677 1466,3677 1492,3676 1517,3676 1542,3675 1568,3675 1593,3675 1618,3675 1644,3675 1669,3674 1694,3674 1720,3674 1745,3674 1771,3675"/>
                <TextEquiv>
                    <Unicode>Nationales wieder entlassen.</Unicode>
                </TextEquiv>
            </TextLine>
            <TextLine id="r2l86" custom="readingOrder {index:85;}">
                <Coords points="1262,3748 2106,3748 2105,3708 2013,3677 1902,3706 1261,3698"/>
                <Baseline points="1267,3739 1308,3739 1350,3739 1391,3739 1433,3739 1475,3739 1516,3738 1558,3737 1600,3737 1641,3736 1683,3736 1725,3735 1766,3735 1808,3735 1850,3734 1891,3734 1933,3734 1975,3735 2016,3735 2058,3736 2100,3738"/>
                <TextEquiv>
                    <Unicode>Die Verwüstungen in den Kammerspielen.</Unicode>
                </TextEquiv>
            </TextLine>
            <TextLine id="r2l87" custom="readingOrder {index:86;}">
                <Coords points="1335,3798 1732,3806 1845,3780 2067,3801 2098,3795 2098,3752 1817,3747 1746,3772 1468,3746 1419,3774 1334,3745"/>
                <Baseline points="1340,3793 1377,3792 1415,3792 1452,3792 1490,3791 1528,3791 1565,3790 1603,3790 1641,3789 1678,3789 1716,3788 1754,3788 1791,3788 1829,3787 1867,3787 1904,3787 1942,3787 1980,3786 2017,3786 2055,3787 2093,3787"/>
                <TextEquiv>
                    <Unicode>Die Theaterbesucher, die während der</Unicode>
                </TextEquiv>
            </TextLine>
            <TextLine id="r2l88" custom="readingOrder {index:87;}">
                <Coords points="1260,3854 2109,3842 2109,3804 2050,3792 1260,3797"/>
                <Baseline points="1265,3837 1309,3836 1353,3836 1397,3836 1441,3835 1485,3835 1529,3834 1574,3834 1618,3833 1662,3833 1706,3832 1750,3832 1794,3831 1839,3831 1883,3831 1927,3830 1971,3830 2015,3830 2059,3830 2104,3830"/>
                <TextEquiv>
                    <Unicode>Panik fluchtartig das Theater verlassen und in</Unicode>
                </TextEquiv>
            </TextLine>
            <TextLine id="r2l89" custom="readingOrder {index:88;}">
                <Coords points="1264,3886 2099,3885 2099,3840 1264,3853"/>
                <Baseline points="1269,3879 1310,3879 1351,3878 1392,3878 1434,3878 1475,3877 1516,3877 1557,3876 1599,3876 1640,3876 1681,3875 1722,3875 1764,3875 1805,3874 1846,3874 1887,3874 1929,3874 1970,3874 2011,3874 2052,3874 2094,3874"/>
                <TextEquiv>
                    <Unicode>umliegenden Straßen, in Nachbarhäusern, in</Unicode>
                </TextEquiv>
            </TextLine>
            <TextLine id="r2l90" custom="readingOrder {index:89;}">
                <Coords points="1259,3932 2084,3929 2101,3887 1258,3888"/>
                <Baseline points="1264,3922 1305,3922 1347,3922 1388,3921 1430,3921 1472,3920 1513,3920 1555,3919 1596,3919 1638,3918 1680,3918 1721,3917 1763,3917 1804,3916 1846,3916 1888,3916 1929,3916 1971,3917 2012,3917 2054,3918 2096,3918"/>
                <TextEquiv>
                    <Unicode>Kaffeehäusern und Restaurants Zuflücht gesucht</Unicode>
                </TextEquiv>
            </TextLine>
            <TextLine id="r2l91" custom="readingOrder {index:90;}">
                <Coords points="1261,3978 2100,3976 2100,3924 1261,3932"/>
                <Baseline points="1267,3967 1308,3966 1349,3965 1391,3965 1432,3964 1473,3963 1515,3963 1556,3962 1597,3962 1639,3961 1680,3961 1721,3961 1763,3960 1804,3960 1845,3960 1887,3960 1928,3960 1969,3960 2011,3960 2052,3960 2094,3961"/>
                <TextEquiv>
                    <Unicode>hatten, kehrten nun allmählich wieder zurück</Unicode>
                </TextEquiv>
            </TextLine>
            <TextLine id="r2l92" custom="readingOrder {index:91;}">
                <Coords points="1271,4017 2042,4022 2108,4008 2108,3975 1270,3979"/>
                <Baseline points="1276,4010 1317,4009 1358,4009 1400,4008 1441,4008 1482,4007 1524,4007 1565,4007 1606,4006 1648,4006 1689,4005 1730,4005 1772,4004 1813,4004 1854,4004 1896,4003 1937,4003 1978,4002 2020,4002 2061,4002 2103,4001"/>
                <TextEquiv>
                    <Unicode>im ihre in der Theatergarderobe verwahrten</Unicode>
                </TextEquiv>
            </TextLine>
            <TextLine id="r2l93" custom="readingOrder {index:92;}">
                <Coords points="1266,4059 2109,4059 2120,4009 1265,4017"/>
                <Baseline points="1271,4052 1313,4052 1355,4052 1397,4052 1439,4052 1482,4052 1524,4052 1566,4052 1608,4052 1650,4051 1693,4051 1735,4051 1777,4050 1819,4050 1861,4050 1904,4049 1946,4049 1988,4048 2030,4048 2072,4047 2115,4047"/>
                <TextEquiv>
                    <Unicode>Ueberkleider in Empfang zu nehmen. Auch die</Unicode>
                </TextEquiv>
            </TextLine>
            <TextEquiv>
                <Unicode>ins Parterre und in die Logen. Von den
ogen aus warsen sie zusammengeballt
Papiere, die mit Teergetränk
waren, in den Zuschauerraum, und auch
Eierschalen, deren Inneres mit
Teer ausgefüllt war. Auch Stühle
wurden von den Logen aus in den Zuschauer
aum sowohl als auf die Bühne geschleudert
Die Panik im Zuschauerraum.
Unter solchen Umständen mußte natürlich
a b¬
sofort
die Vorstellung
gebrochen werden. Die Schauspielerin
Marietta Olly, die eben auftreten sollte, wurde
von einem Weinkrampf befallen,
Vorhang mußte herabgelassen werden, unc
uuch gegen den herabgelassenen Vorhan
vurden noch Stühle und mit Teer gefüllte
Eierschalen geschleudert.
Des Publikums hatte sich eine furcht¬
bare Panik bemächtigt. Das Wacheaufgebot
erwies sich als zu schwach, um dem Treiben
er Demonstranten Einhalt zu tun. Die Leute
türmten aus den Sitzreihen, um sich in
Sicherheit zu bringen. Sie ließen ihre
Garderobe im Stich. Nur mit Mühe gelang
den
es den Theaterbediensteten, die in
gs¬
Garderoben abgegebenen Kleidun
In
tücke vor Verwüstungen zu schützen.
großer Angst suchten die Theaterzuschauer
illerlei Verstecke auf. Sie versuchten auch
auf die Bühne selbst zu gelangen, deren Tür
aber aus Sicherheitsgründen geschlossen
werden mußte, nachdem dort ein kleine
Teil der geflüchteten Zuschauer Schutz ge¬
unden hatte. Ein anderer Teil fand in den
8.
arderoben der Darsteller Untersta
Im Saale wurde eine förmliche
Jagd auf die Flüchtenden veranstaltet,
Männer, die ihre bedrohten Frauer
beschützen wollten, wurden geprügelt
viele von ihnen durch Hiebe mit Stocken
und mit Schlagringen verletzt.
Weibliche Theaterbesucher wurden bei den
Haaren zu Boden gerissen und
geschleift. Während der Panik stürzten einzelne
Personen zu Boden und wurden durch Fuß¬
tritte mißhandelt.
Die Hilferafe der Geängstigten wit
auch die der Mißhandelten erfüllten den Saal
und dazwischen mengte sich der so grelle Pfiff
der Sirene, die das Kommando war, und
das Gejohle der Demonstranten, die durch all
Teile des Theaters umherliefen und mit ihren
Stöcken losschlugen, wohin sie trafen.
Die Räumung des Hauses.
Sieben Personen verhaftet.
Unterdessen hatte die Sicherheits
wache von der Wachstube in der Postgass
Verstärkung erhalten, und unterstützt vor
den im Theater den Dienst versehenden
Feverwehrleuten wie aulch von den
Bühnenarbeitern, wurde an die
Räumung des Saales geschritten. Als die Ver
stärkung der Wache kam. gab der Führer der
Kundgebungen das Kommando zum Rückzug.
Auch während der Räumung des Saales
spielten sich noch immer Kämpfe zwischen De¬
nonstranten und Theaterbesuchern ab.
Es wurden sieben Personen darch
die Wache angehalten, die Personer
nißhandelt hatten und im Besitz von schwerer
Knütteln angetroffen worden sind. Die An¬
gehaltenen sind ein Handelsakademiker, ein
Techniker, ein Mediziner, ein Handlungsgehilfe,
ein Tapezierergehilfe, ein Schuhmachergehilfe
ind ein Zahntechnikerlehrling. Die Angehaltenen
wurden dem Polizeikommissariat Innere Stadt
überstellt und dort nach Feststellung ihres
Nationales wieder entlassen.
Die Verwüstungen in den Kammerspielen.
Die Theaterbesucher, die während der
Panik fluchtartig das Theater verlassen und in
umliegenden Straßen, in Nachbarhäusern, in
Kaffeehäusern und Restaurants Zuflücht gesucht
hatten, kehrten nun allmählich wieder zurück
im ihre in der Theatergarderobe verwahrten
Ueberkleider in Empfang zu nehmen. Auch die</Unicode>
            </TextEquiv>
        </TextRegion>
        <TextRegion orientation="0.0" id="r3" custom="readingOrder {index:2;}">
            <Coords points="2126,111 2126,4058 2999,4058 2999,111"/>
            <TextLine id="r3l1" custom="readingOrder {index:0;}">
                <Coords points="2123,141 2557,152 2643,125 2977,150 2969,108 2124,107"/>
                <Baseline points="2129,131 2171,131 2213,131 2255,131 2297,131 2339,132 2381,132 2424,133 2466,133 2508,133 2550,134 2592,134 2634,134 2676,135 2719,135 2761,135 2803,135 2845,135 2887,135 2929,134 2972,134"/>
                <TextEquiv>
                    <Unicode>besucher von ihren Plozen — Stinkbomben</Unicode>
                </TextEquiv>
            </TextLine>
            <TextLine id="r3l2" custom="readingOrder {index:1;}">
                <Coords points="2126,183 2983,191 2983,149 2866,140 2126,144"/>
                <Baseline points="2132,173 2174,173 2216,174 2258,174 2301,175 2343,175 2385,176 2428,176 2470,176 2512,176 2555,177 2597,177 2639,177 2681,178 2724,178 2766,178 2808,178 2851,179 2893,179 2935,179 2978,180"/>
                <TextEquiv>
                    <Unicode>verbreiteten eine unertiägliche Almosphäre.</Unicode>
                </TextEquiv>
            </TextLine>
            <TextLine id="r3l3" custom="readingOrder {index:2;}">
                <Coords points="2129,226 2971,238 2971,187 2129,180"/>
                <Baseline points="2135,216 2176,216 2218,217 2259,217 2301,218 2342,218 2384,219 2425,219 2467,219 2508,220 2550,220 2592,221 2633,221 2675,221 2716,222 2758,222 2799,222 2841,222 2882,221 2924,221 2966,220"/>
                <TextEquiv>
                    <Unicode>GBleichzeitig drang von der Straße herein das</Unicode>
                </TextEquiv>
            </TextLine>
            <TextLine id="r3l4" custom="readingOrder {index:3;}">
                <Coords points="2131,272 2597,277 2659,256 2694,281 2751,261 2960,281 2974,239 2131,225"/>
                <Baseline points="2136,259 2177,260 2219,260 2260,261 2302,261 2344,262 2385,262 2427,263 2468,263 2510,264 2552,264 2593,265 2635,265 2676,265 2718,266 2760,266 2801,266 2843,266 2884,266 2926,265 2968,265"/>
                <TextEquiv>
                    <Unicode>Gesohle von Demonstranten. Jett wüßte man,</Unicode>
                </TextEquiv>
            </TextLine>
            <TextLine id="r3l5" custom="readingOrder {index:4;}">
                <Coords points="2123,320 2931,325 2969,316 2970,278 2693,281 2659,256 2630,278 2124,276"/>
                <Baseline points="2129,302 2170,303 2212,304 2254,305 2296,305 2337,306 2379,306 2421,307 2463,307 2504,307 2546,307 2588,308 2630,308 2671,308 2713,308 2755,308 2797,308 2838,308 2880,308 2922,308 2964,308"/>
                <TextEquiv>
                    <Unicode>wieviel es geschlagen habe. Nichtsdestoweniger</Unicode>
                </TextEquiv>
            </TextLine>
            <TextLine id="r3l6" custom="readingOrder {index:5;}">
                <Coords points="2126,355 2975,356 2968,315 2856,335 2678,309 2126,318"/>
                <Baseline points="2131,346 2172,346 2214,347 2256,347 2298,348 2340,348 2382,349 2424,349 2466,350 2508,350 2550,351 2591,351 2633,351 2675,352 2717,352 2759,352 2801,352 2843,353 2885,353 2927,352 2969,352"/>
                <TextEquiv>
                    <Unicode>nahm die Vorstellung ihren Fortgang. Das</Unicode>
                </TextEquiv>
            </TextLine>
            <TextLine id="r3l7" custom="readingOrder {index:6;}">
                <Coords points="2122,402 2911,411 2912,376 2123,354"/>
                <Baseline points="2128,388 2166,389 2205,390 2244,391 2283,392 2322,392 2361,393 2400,393 2439,394 2478,394 2517,395 2555,395 2594,395 2633,395 2672,395 2711,395 2750,395 2789,395 2828,395 2867,394 2906,394"/>
                <TextEquiv>
                    <Unicode>Bild konnte noch zu Ende gespielt werden.</Unicode>
                </TextEquiv>
            </TextLine>
            <TextLine id="r3l8" custom="readingOrder {index:7;}">
                <Coords points="2204,452 2870,466 2976,452 2977,419 2204,411"/>
                <Baseline points="2209,442 2247,442 2285,444 2323,444 2361,445 2399,445 2437,446 2475,446 2513,446 2551,446 2590,446 2628,446 2666,446 2704,446 2742,446 2780,446 2818,447 2856,447 2894,447 2932,447 2971,448"/>
                <TextEquiv>
                    <Unicode>Kaum hatte jedoch die Darstellung der</Unicode>
                </TextEquiv>
            </TextLine>
            <TextLine id="r3l9" custom="readingOrder {index:8;}">
                <Coords points="2124,495 2978,503 2968,454 2561,471 2125,438"/>
                <Baseline points="2130,485 2172,486 2214,487 2256,487 2298,488 2340,488 2382,489 2424,489 2466,489 2508,489 2551,489 2593,489 2635,489 2677,489 2719,489 2761,489 2803,489 2845,490 2887,490 2929,490 2972,490"/>
                <TextEquiv>
                    <Unicode>fünften Szene begonnen, als das Gejohle von</Unicode>
                </TextEquiv>
            </TextLine>
            <TextLine id="r3l10" custom="readingOrder {index:9;}">
                <Coords points="2121,536 2969,550 2957,497 2121,495"/>
                <Baseline points="2126,529 2167,530 2209,530 2251,531 2293,531 2335,531 2377,532 2419,532 2461,532 2503,532 2545,532 2586,532 2628,532 2670,532 2712,533 2754,533 2796,533 2838,533 2880,533 2922,534 2964,534"/>
                <TextEquiv>
                    <Unicode>der Straße her immer durchdringender wurde,</Unicode>
                </TextEquiv>
            </TextLine>
            <TextLine id="r3l11" custom="readingOrder {index:10;}">
                <Coords points="2122,578 2976,588 2976,552 2917,536 2122,544"/>
                <Baseline points="2128,572 2170,573 2212,573 2254,574 2296,575 2338,575 2380,575 2422,576 2464,576 2506,576 2549,576 2591,576 2633,576 2675,576 2717,576 2759,576 2801,576 2843,576 2885,576 2927,576 2970,576"/>
                <TextEquiv>
                    <Unicode>und im nächsten Augenblick Leute von außen</Unicode>
                </TextEquiv>
            </TextLine>
            <TextLine id="r3l12" custom="readingOrder {index:11;}">
                <Coords points="2121,634 2978,634 2978,589 2951,579 2817,605 2788,582 2121,583"/>
                <Baseline points="2126,617 2168,617 2210,618 2252,618 2295,618 2337,619 2379,619 2422,619 2464,619 2506,619 2549,619 2591,619 2633,619 2675,619 2718,619 2760,619 2802,619 2845,619 2887,619 2929,619 2972,619"/>
                <TextEquiv>
                    <Unicode>her in den Zuschauerraum und auch auf die</Unicode>
                </TextEquiv>
            </TextLine>
            <TextLine id="r3l13" custom="readingOrder {index:12;}">
                <Coords points="2124,663 2973,674 2973,636 2937,625 2124,630"/>
                <Baseline points="2129,659 2173,660 2217,661 2261,661 2305,662 2349,662 2393,663 2438,663 2482,663 2526,663 2570,663 2614,662 2658,662 2703,662 2747,662 2791,662 2835,661 2879,661 2923,661 2968,661"/>
                <TextEquiv>
                    <Unicode>Bühne eindrangen. Siebzehn= bis Zwanzig¬</Unicode>
                </TextEquiv>
            </TextLine>
            <TextLine id="r3l14" custom="readingOrder {index:13;}">
                <Coords points="2133,712 2977,715 2977,673 2133,668"/>
                <Baseline points="2138,703 2179,704 2221,705 2263,705 2304,706 2346,706 2388,706 2429,706 2471,706 2513,706 2555,706 2596,706 2638,706 2680,706 2721,706 2763,706 2805,706 2846,706 2888,706 2930,705 2972,705"/>
                <TextEquiv>
                    <Unicode>ährige und zum Teil noch jüngere schwangen</Unicode>
                </TextEquiv>
            </TextLine>
            <TextLine id="r3l15" custom="readingOrder {index:14;}">
                <Coords points="2130,751 2969,761 2959,712 2871,737 2523,705 2130,716"/>
                <Baseline points="2136,745 2177,746 2218,747 2260,748 2301,749 2342,749 2384,749 2425,750 2466,750 2508,749 2549,749 2590,749 2632,749 2673,748 2714,748 2756,748 2797,748 2838,748 2880,748 2921,748 2963,748"/>
                <TextEquiv>
                    <Unicode>nitten im Zuschauerraum Latten und</Unicode>
                </TextEquiv>
            </TextLine>
            <TextLine id="r3l16" custom="readingOrder {index:15;}">
                <Coords points="2123,795 2977,800 2977,752 2123,753"/>
                <Baseline points="2129,788 2171,790 2213,791 2255,792 2297,793 2339,794 2381,794 2424,794 2466,793 2508,793 2550,792 2592,792 2634,791 2676,791 2719,790 2761,790 2803,789 2845,789 2887,790 2929,790 2972,791"/>
                <TextEquiv>
                    <Unicode>Knüppel, beschimpften und bedrohten die</Unicode>
                </TextEquiv>
            </TextLine>
            <TextLine id="r3l17" custom="readingOrder {index:16;}">
                <Coords points="2125,844 2978,843 2978,802 2912,787 2843,810 2125,799"/>
                <Baseline points="2130,833 2172,833 2214,834 2256,834 2298,834 2340,834 2382,834 2425,834 2467,834 2509,834 2551,834 2593,834 2635,834 2677,834 2720,834 2762,834 2804,833 2846,833 2888,833 2930,833 2973,834"/>
                <TextEquiv>
                    <Unicode>Theaterbesucher und drängten sie unter Püssen</Unicode>
                </TextEquiv>
            </TextLine>
            <TextLine id="r3l18" custom="readingOrder {index:17;}">
                <Coords points="2131,890 2981,877 2981,844 2931,841 2641,836 2518,861 2131,843"/>
                <Baseline points="2136,876 2178,877 2220,878 2262,878 2304,878 2346,879 2388,879 2430,879 2472,879 2514,878 2556,878 2598,878 2640,878 2682,878 2724,877 2766,877 2808,877 2850,876 2892,876 2934,876 2976,876"/>
                <TextEquiv>
                    <Unicode>maus. Es entstand eine Panik und, da ein¬</Unicode>
                </TextEquiv>
            </TextLine>
            <TextLine id="r3l19" custom="readingOrder {index:18;}">
                <Coords points="2127,938 2954,930 2981,892 2127,894"/>
                <Baseline points="2133,922 2175,922 2217,922 2259,922 2301,922 2343,922 2385,922 2427,922 2469,922 2511,922 2554,922 2596,922 2638,922 2680,922 2722,922 2764,921 2806,921 2848,920 2890,920 2932,919 2975,917"/>
                <TextEquiv>
                    <Unicode>zelne Zuschauer sich zur Wehr zu setzen ver¬</Unicode>
                </TextEquiv>
            </TextLine>
            <TextLine id="r3l20" custom="readingOrder {index:19;}">
                <Coords points="2138,978 2972,974 2955,931 2138,926"/>
                <Baseline points="2143,962 2184,963 2225,964 2266,964 2307,965 2349,965 2390,966 2431,966 2472,965 2513,965 2555,965 2596,965 2637,964 2678,964 2719,963 2761,963 2802,963 2843,962 2884,962 2925,962 2967,962"/>
                <TextEquiv>
                    <Unicode>uchten, wäre es zu Zusammenstößen gekommen,</Unicode>
                </TextEquiv>
            </TextLine>
            <TextLine id="r3l21" custom="readingOrder {index:20;}">
                <Coords points="2125,1019 2728,1005 2855,1029 2979,1010 2979,974 2125,981"/>
                <Baseline points="2130,1006 2172,1006 2214,1007 2256,1008 2298,1008 2340,1009 2382,1009 2425,1009 2467,1009 2509,1010 2551,1009 2593,1009 2635,1009 2677,1009 2720,1009 2762,1008 2804,1008 2846,1007 2888,1006 2930,1006 2973,1005"/>
                <TextEquiv>
                    <Unicode>wenn nicht die Hydranten geöffnet</Unicode>
                </TextEquiv>
            </TextLine>
            <TextLine id="r3l22" custom="readingOrder {index:21;}">
                <Coords points="2137,1059 2460,1069 2618,1043 2951,1064 2975,1012 2137,1021"/>
                <Baseline points="2142,1050 2183,1050 2224,1050 2266,1051 2307,1051 2349,1051 2390,1051 2431,1051 2473,1051 2514,1051 2556,1051 2597,1051 2638,1051 2680,1051 2721,1051 2763,1050 2804,1050 2845,1050 2887,1050 2928,1050 2970,1049"/>
                <TextEquiv>
                    <Unicode>nd das Haus unter Wasser gesetzt</Unicode>
                </TextEquiv>
            </TextLine>
            <TextLine id="r3l23" custom="readingOrder {index:22;}">
                <Coords points="2126,1100 2969,1103 2969,1059 2858,1051 2437,1052 2395,1077 2126,1062"/>
                <Baseline points="2132,1093 2173,1093 2215,1094 2256,1095 2298,1095 2340,1095 2381,1095 2423,1095 2464,1095 2506,1094 2548,1094 2589,1093 2631,1093 2672,1092 2714,1092 2756,1092 2797,1091 2839,1091 2880,1091 2922,1092 2964,1092"/>
                <TextEquiv>
                    <Unicode>worden wäre. Jetzt leerte sich das Parkett,</Unicode>
                </TextEquiv>
            </TextLine>
            <TextLine id="r3l24" custom="readingOrder {index:23;}">
                <Coords points="2128,1145 2913,1131 2984,1151 2984,1108 2950,1095 2128,1103"/>
                <Baseline points="2134,1137 2176,1137 2218,1137 2260,1137 2302,1137 2345,1137 2387,1137 2429,1137 2471,1137 2513,1137 2556,1136 2598,1136 2640,1136 2682,1136 2724,1135 2767,1135 2809,1135 2851,1135 2893,1136 2935,1136 2978,1136"/>
                <TextEquiv>
                    <Unicode>das bald überschwemmt war, rascher, und ein</Unicode>
                </TextEquiv>
            </TextLine>
            <TextLine id="r3l25" custom="readingOrder {index:24;}">
                <Coords points="2121,1189 2974,1191 2974,1145 2925,1138 2121,1144"/>
                <Baseline points="2127,1181 2169,1181 2211,1181 2253,1181 2295,1181 2337,1181 2379,1181 2421,1180 2463,1180 2505,1180 2548,1180 2590,1179 2632,1179 2674,1179 2716,1178 2758,1178 2800,1178 2842,1178 2884,1178 2926,1178 2969,1178"/>
                <TextEquiv>
                    <Unicode>um so beängstigenderes Gedränge entstand in</Unicode>
                </TextEquiv>
            </TextLine>
            <TextLine id="r3l26" custom="readingOrder {index:25;}">
                <Coords points="2131,1232 2977,1237 2977,1189 2906,1183 2764,1209 2730,1180 2465,1184 2403,1210 2362,1186 2131,1192"/>
                <Baseline points="2136,1223 2177,1223 2219,1224 2261,1224 2303,1224 2345,1224 2386,1224 2428,1224 2470,1224 2512,1223 2554,1223 2595,1222 2637,1222 2679,1222 2721,1221 2763,1221 2804,1221 2846,1222 2888,1222 2930,1223 2972,1224"/>
                <TextEquiv>
                    <Unicode>er Garderobe und im Bestibül. Es gelang</Unicode>
                </TextEquiv>
            </TextLine>
            <TextLine id="r3l27" custom="readingOrder {index:26;}">
                <Coords points="2125,1286 2528,1263 2986,1278 2970,1236 2784,1221 2125,1229"/>
                <Baseline points="2130,1267 2172,1267 2215,1267 2257,1268 2300,1268 2342,1268 2385,1267 2427,1267 2470,1267 2512,1266 2555,1266 2597,1266 2640,1266 2682,1265 2725,1265 2767,1265 2810,1266 2852,1266 2895,1266 2937,1267 2980,1268"/>
                <TextEquiv>
                    <Unicode>den wenigsten, in der allgemeinen Aufregung</Unicode>
                </TextEquiv>
            </TextLine>
            <TextLine id="r3l28" custom="readingOrder {index:27;}">
                <Coords points="2134,1322 2970,1323 2978,1279 2134,1285"/>
                <Baseline points="2139,1311 2180,1310 2222,1310 2264,1309 2305,1309 2347,1309 2389,1308 2430,1308 2472,1308 2514,1308 2556,1308 2597,1309 2639,1309 2681,1309 2722,1309 2764,1309 2806,1309 2847,1308 2889,1308 2931,1308 2973,1307"/>
                <TextEquiv>
                    <Unicode>u ihren Oberkleidern zu gelungen. Herten</Unicode>
                </TextEquiv>
            </TextLine>
            <TextLine id="r3l29" custom="readingOrder {index:28;}">
                <Coords points="2131,1364 2975,1360 2975,1323 2946,1314 2131,1320"/>
                <Baseline points="2137,1353 2178,1353 2220,1352 2261,1352 2303,1352 2345,1352 2386,1351 2428,1351 2470,1351 2511,1351 2553,1351 2595,1351 2636,1350 2678,1350 2720,1350 2761,1350 2803,1350 2845,1350 2886,1350 2928,1350 2970,1350"/>
                <TextEquiv>
                    <Unicode>ohne Winierrock und Damen in leichter Abend¬</Unicode>
                </TextEquiv>
            </TextLine>
            <TextLine id="r3l30" custom="readingOrder {index:29;}">
                <Coords points="2132,1400 2986,1407 2986,1363 2946,1357 2132,1367"/>
                <Baseline points="2137,1395 2179,1395 2221,1395 2263,1395 2305,1395 2347,1396 2389,1396 2432,1396 2474,1396 2516,1396 2558,1396 2600,1396 2642,1396 2684,1396 2727,1396 2769,1396 2811,1396 2853,1395 2895,1395 2937,1394 2980,1394"/>
                <TextEquiv>
                    <Unicode>#ilette flüchteten auf die Straße und in die</Unicode>
                </TextEquiv>
            </TextLine>
            <TextLine id="r3l31" custom="readingOrder {index:30;}">
                <Coords points="2121,1458 2230,1457 2268,1446 2286,1459 2313,1446 2327,1456 2359,1450 2395,1462 2396,1406 2374,1412 2338,1401 2317,1411 2276,1399 2239,1415 2223,1402 2181,1410 2160,1398 2122,1408"/>
                <Baseline points="2127,1440 2153,1439 2179,1439 2205,1438 2232,1438 2258,1438 2284,1439 2311,1439 2337,1440 2363,1440 2390,1441"/>
                <TextEquiv>
                    <Unicode>Nachbarhäuser.</Unicode>
                </TextEquiv>
            </TextLine>
            <TextLine id="r3l32" custom="readingOrder {index:31;}">
                <Coords points="2206,1560 2979,1566 2979,1522 2907,1510 2206,1511"/>
                <Baseline points="2212,1550 2250,1551 2288,1552 2326,1552 2364,1552 2402,1553 2440,1553 2478,1553 2516,1553 2554,1553 2593,1553 2631,1553 2669,1553 2707,1552 2745,1552 2783,1552 2821,1552 2859,1551 2897,1551 2935,1551 2974,1551"/>
                <TextEquiv>
                    <Unicode>Ein anderer Besucher schilderte die Vor¬</Unicode>
                </TextEquiv>
            </TextLine>
            <TextLine id="r3l33" custom="readingOrder {index:32;}">
                <Coords points="2138,1604 2975,1612 2975,1567 2948,1557 2299,1572 2138,1545"/>
                <Baseline points="2143,1595 2184,1595 2225,1596 2267,1596 2308,1596 2349,1596 2391,1596 2432,1596 2473,1596 2515,1595 2556,1595 2597,1595 2639,1595 2680,1595 2721,1595 2763,1595 2804,1595 2845,1595 2887,1596 2928,1596 2970,1596"/>
                <TextEquiv>
                    <Unicode>älle folgendermaßen: Sämtliche Vorstellungen</Unicode>
                </TextEquiv>
            </TextLine>
            <TextLine id="r3l34" custom="readingOrder {index:33;}">
                <Coords points="2127,1645 2983,1646 2983,1610 2948,1607 2127,1608"/>
                <Baseline points="2133,1640 2175,1640 2217,1640 2259,1639 2301,1639 2344,1639 2386,1639 2428,1638 2470,1638 2512,1638 2555,1638 2597,1638 2639,1638 2681,1638 2723,1638 2766,1638 2808,1638 2850,1639 2892,1639 2934,1639 2977,1640"/>
                <TextEquiv>
                    <Unicode>des „Reigen“ bis Montag abends waren aus¬</Unicode>
                </TextEquiv>
            </TextLine>
            <TextLine id="r3l35" custom="readingOrder {index:34;}">
                <Coords points="2126,1693 2883,1700 2977,1690 2977,1652 2126,1655"/>
                <Baseline points="2131,1682 2173,1682 2215,1683 2257,1683 2299,1683 2341,1683 2383,1682 2425,1682 2467,1682 2509,1682 2551,1682 2593,1682 2635,1681 2677,1681 2719,1681 2761,1681 2803,1681 2845,1682 2887,1682 2929,1682 2972,1683"/>
                <TextEquiv>
                    <Unicode>verkauft, und man glaubte deshalb im Theater</Unicode>
                </TextEquiv>
            </TextLine>
            <TextLine id="r3l36" custom="readingOrder {index:35;}">
                <Coords points="2135,1734 2978,1738 2965,1686 2135,1692"/>
                <Baseline points="2141,1726 2182,1726 2224,1727 2265,1727 2307,1726 2349,1726 2390,1726 2432,1726 2473,1726 2515,1725 2557,1725 2598,1725 2640,1725 2681,1725 2723,1725 2765,1725 2806,1725 2848,1725 2889,1726 2931,1727 2973,1728"/>
                <TextEquiv>
                    <Unicode>licht, daß aus dem Zuschauerraum selbst</Unicode>
                </TextEquiv>
            </TextLine>
            <TextLine id="r3l37" custom="readingOrder {index:36;}">
                <Coords points="2136,1779 2979,1774 2979,1739 2926,1729 2661,1750 2136,1735"/>
                <Baseline points="2141,1769 2182,1769 2224,1769 2265,1769 2307,1769 2349,1769 2390,1769 2432,1769 2474,1769 2515,1769 2557,1768 2599,1768 2640,1768 2682,1768 2724,1768 2765,1767 2807,1767 2849,1768 2890,1768 2932,1768 2974,1768"/>
                <TextEquiv>
                    <Unicode>Störungen erfolgen könnten. Unter den Be¬</Unicode>
                </TextEquiv>
            </TextLine>
            <TextLine id="r3l38" custom="readingOrder {index:37;}">
                <Coords points="2138,1827 2983,1818 2968,1773 2778,1773 2748,1801 2653,1770 2138,1778"/>
                <Baseline points="2143,1813 2184,1813 2226,1813 2268,1813 2309,1813 2351,1813 2393,1812 2434,1812 2476,1812 2518,1812 2560,1812 2601,1812 2643,1812 2685,1812 2726,1812 2768,1812 2810,1812 2851,1812 2893,1812 2935,1812 2977,1812"/>
                <TextEquiv>
                    <Unicode>uchern der gestrigen Vorstellung fielen aber</Unicode>
                </TextEquiv>
            </TextLine>
            <TextLine id="r3l39" custom="readingOrder {index:38;}">
                <Coords points="2140,1862 2985,1870 2974,1818 2140,1825"/>
                <Baseline points="2146,1856 2187,1856 2229,1857 2271,1857 2312,1857 2354,1857 2396,1856 2437,1856 2479,1856 2521,1855 2563,1855 2604,1854 2646,1854 2688,1854 2729,1854 2771,1854 2813,1854 2854,1854 2896,1855 2938,1855 2980,1856"/>
                <TextEquiv>
                    <Unicode>unge Burschen, die besonders auf den billigeren</Unicode>
                </TextEquiv>
            </TextLine>
            <TextLine id="r3l40" custom="readingOrder {index:39;}">
                <Coords points="2140,1906 2414,1894 2526,1918 2592,1894 2831,1919 2901,1891 2984,1913 2963,1859 2140,1862"/>
                <Baseline points="2145,1898 2186,1899 2228,1899 2269,1900 2311,1900 2353,1900 2394,1900 2436,1900 2478,1899 2519,1899 2561,1899 2603,1898 2644,1898 2686,1898 2728,1898 2769,1898 2811,1898 2853,1898 2894,1899 2936,1899 2978,1900"/>
                <TextEquiv>
                    <Unicode>Sitzen gaßen, auf und diese bereiteten die</Unicode>
                </TextEquiv>
            </TextLine>
            <TextLine id="r3l41" custom="readingOrder {index:40;}">
                <Coords points="2128,1951 2985,1955 2985,1914 2885,1897 2834,1918 2128,1905"/>
                <Baseline points="2134,1941 2176,1941 2218,1942 2260,1942 2303,1942 2345,1942 2387,1942 2429,1942 2472,1942 2514,1941 2556,1941 2598,1941 2641,1941 2683,1940 2725,1940 2767,1941 2810,1941 2852,1941 2894,1942 2936,1942 2979,1944"/>
                <TextEquiv>
                    <Unicode>Demonstrationen vor. In der vierten Szene</Unicode>
                </TextEquiv>
            </TextLine>
            <TextLine id="r3l42" custom="readingOrder {index:41;}">
                <Coords points="2138,1993 2981,1994 2981,1956 2878,1945 2138,1955"/>
                <Baseline points="2144,1985 2185,1985 2227,1985 2268,1985 2310,1985 2352,1985 2393,1985 2435,1984 2476,1984 2518,1984 2560,1984 2601,1984 2643,1984 2684,1984 2726,1984 2768,1984 2809,1984 2851,1984 2892,1985 2934,1986 2976,1987"/>
                <TextEquiv>
                    <Unicode>am es zu den ersten wesentlichen Störungen.</Unicode>
                </TextEquiv>
            </TextLine>
            <TextLine id="r3l43" custom="readingOrder {index:42;}">
                <Coords points="2139,2035 2615,2049 2982,2026 2960,1985 2574,1988 2547,2011 2490,1989 2139,1990"/>
                <Baseline points="2144,2027 2185,2028 2227,2028 2268,2028 2310,2028 2352,2028 2393,2028 2435,2028 2476,2028 2518,2028 2560,2028 2601,2028 2643,2028 2684,2028 2726,2028 2768,2028 2809,2028 2851,2028 2892,2028 2934,2028 2976,2028"/>
                <TextEquiv>
                    <Unicode>inzelne Besücherriefen: „Skandal! Schweinerei!“</Unicode>
                </TextEquiv>
            </TextLine>
            <TextLine id="r3l44" custom="readingOrder {index:43;}">
                <Coords points="2128,2078 2564,2089 2720,2056 2764,2081 2997,2077 2981,2035 2128,2034"/>
                <Baseline points="2134,2073 2176,2073 2219,2073 2262,2073 2305,2073 2348,2073 2391,2073 2434,2073 2477,2072 2520,2072 2563,2072 2605,2072 2648,2072 2691,2072 2734,2072 2777,2072 2820,2072 2863,2073 2906,2073 2949,2073 2992,2074"/>
                <TextEquiv>
                    <Unicode>Ein Logenbesucher wies die Störer laut</Unicode>
                </TextEquiv>
            </TextLine>
            <TextLine id="r3l45" custom="readingOrder {index:44;}">
                <Coords points="2132,2131 2976,2129 2983,2079 2914,2104 2781,2075 2738,2104 2678,2075 2132,2080"/>
                <Baseline points="2137,2117 2179,2117 2221,2116 2263,2116 2305,2116 2347,2116 2389,2116 2431,2115 2473,2115 2515,2115 2557,2115 2599,2115 2641,2115 2683,2115 2725,2115 2767,2115 2809,2115 2851,2115 2893,2115 2935,2115 2978,2115"/>
                <TextEquiv>
                    <Unicode>zurecht und rief ins Publikum: „Wem es</Unicode>
                </TextEquiv>
            </TextLine>
            <TextLine id="r3l46" custom="readingOrder {index:45;}">
                <Coords points="2126,2169 2607,2150 2641,2172 2952,2172 2991,2132 2125,2134"/>
                <Baseline points="2131,2159 2173,2160 2216,2160 2259,2160 2302,2160 2344,2160 2387,2160 2430,2160 2473,2160 2515,2160 2558,2159 2601,2159 2644,2159 2686,2158 2729,2158 2772,2157 2815,2157 2857,2157 2900,2157 2943,2157 2986,2157"/>
                <TextEquiv>
                    <Unicode>nicht paßt, der soll hinaus¬</Unicode>
                </TextEquiv>
            </TextLine>
            <TextLine id="r3l47" custom="readingOrder {index:46;}">
                <Coords points="2127,2217 2329,2193 2998,2220 2998,2171 2127,2180"/>
                <Baseline points="2133,2206 2178,2205 2223,2204 2268,2203 2313,2202 2359,2201 2404,2201 2449,2201 2494,2200 2539,2200 2585,2200 2630,2200 2675,2201 2720,2201 2765,2201 2811,2201 2856,2201 2901,2201 2946,2202 2992,2202"/>
                <TextEquiv>
                    <Unicode>gehen!“ Nach dem vierten Bilde bemächtigte</Unicode>
                </TextEquiv>
            </TextLine>
            <TextLine id="r3l48" custom="readingOrder {index:47;}">
                <Coords points="2134,2250 2991,2257 2991,2216 2928,2206 2877,2233 2726,2206 2134,2223"/>
                <Baseline points="2140,2247 2182,2246 2224,2245 2266,2245 2309,2244 2351,2244 2393,2244 2436,2244 2478,2244 2520,2244 2563,2245 2605,2245 2647,2245 2689,2246 2732,2246 2774,2246 2816,2246 2859,2246 2901,2246 2943,2246 2986,2246"/>
                <TextEquiv>
                    <Unicode>ich des Publikums große Aufregung. Der</Unicode>
                </TextEquiv>
            </TextLine>
            <TextLine id="r3l49" custom="readingOrder {index:48;}">
                <Coords points="2135,2296 2993,2298 2993,2259 2965,2251 2135,2252"/>
                <Baseline points="2141,2290 2183,2289 2225,2289 2268,2289 2310,2288 2352,2288 2395,2288 2437,2287 2479,2287 2522,2287 2564,2287 2606,2288 2649,2288 2691,2288 2733,2288 2776,2288 2818,2289 2860,2289 2903,2289 2945,2289 2988,2289"/>
                <TextEquiv>
                    <Unicode>Geruch der Stinkbomben war, trotzdem mun</Unicode>
                </TextEquiv>
            </TextLine>
            <TextLine id="r3l50" custom="readingOrder {index:49;}">
                <Coords points="2141,2350 2995,2344 2995,2298 2141,2307"/>
                <Baseline points="2147,2332 2189,2332 2231,2332 2273,2332 2315,2331 2357,2331 2399,2332 2442,2332 2484,2332 2526,2332 2568,2332 2610,2332 2652,2332 2694,2333 2737,2333 2779,2333 2821,2333 2863,2333 2905,2333 2947,2333 2990,2332"/>
                <TextEquiv>
                    <Unicode>n den Zwischenpausen so gut es ging, gelüstet</Unicode>
                </TextEquiv>
            </TextLine>
            <TextLine id="r3l51" custom="readingOrder {index:50;}">
                <Coords points="2140,2391 2771,2369 2992,2396 2992,2348 2914,2333 2757,2361 2391,2333 2140,2348"/>
                <Baseline points="2146,2376 2188,2376 2230,2375 2272,2375 2314,2375 2356,2374 2398,2374 2440,2374 2482,2374 2524,2374 2566,2374 2608,2374 2650,2374 2692,2374 2734,2374 2776,2374 2818,2374 2860,2374 2902,2373 2944,2373 2986,2372"/>
                <TextEquiv>
                    <Unicode>hatte, immer intensiver geworden. Ein Stink¬</Unicode>
                </TextEquiv>
            </TextLine>
            <TextLine id="r3l52" custom="readingOrder {index:51;}">
                <Coords points="2138,2428 2995,2416 2960,2381 2138,2389"/>
                <Baseline points="2143,2418 2185,2418 2227,2418 2270,2418 2312,2418 2354,2418 2397,2418 2439,2418 2481,2418 2524,2418 2566,2417 2608,2417 2651,2417 2693,2417 2735,2417 2778,2417 2820,2417 2862,2417 2905,2417 2947,2417 2990,2417"/>
                <TextEquiv>
                    <Unicode>ombenwerfer wurde arretiert und Polizei¬</Unicode>
                </TextEquiv>
            </TextLine>
            <TextLine id="r3l53" custom="readingOrder {index:52;}">
                <Coords points="2134,2468 2446,2487 2627,2457 2783,2490 2995,2458 2995,2434 2943,2424 2134,2426"/>
                <Baseline points="2140,2462 2182,2462 2225,2463 2267,2463 2310,2463 2352,2463 2395,2463 2437,2463 2480,2463 2522,2463 2565,2463 2607,2463 2650,2463 2692,2463 2735,2462 2777,2462 2820,2462 2862,2462 2905,2462 2947,2462 2990,2462"/>
                <TextEquiv>
                    <Unicode>kommissär Dr. Müller nahm sein Natio¬</Unicode>
                </TextEquiv>
            </TextLine>
            <TextLine id="r3l54" custom="readingOrder {index:53;}">
                <Coords points="2137,2525 2152,2527 2183,2511 2200,2525 2228,2514 2244,2523 2252,2518 2263,2527 2279,2514 2290,2516 2291,2465 2273,2465 2256,2477 2237,2468 2218,2477 2210,2472 2195,2477 2176,2469 2152,2477 2137,2469"/>
                <Baseline points="2142,2505 2170,2506 2199,2505 2227,2505 2256,2506 2285,2508"/>
                <TextEquiv>
                    <Unicode>iale auf.</Unicode>
                </TextEquiv>
            </TextLine>
            <TextLine id="r3l55" custom="readingOrder {index:54;}">
                <Coords points="2211,2570 2450,2561 2558,2584 2606,2550 2649,2574 2998,2553 2982,2512 2797,2496 2655,2530 2211,2517"/>
                <Baseline points="2217,2556 2255,2556 2294,2557 2333,2557 2372,2557 2411,2557 2449,2557 2488,2557 2527,2557 2566,2557 2605,2557 2643,2556 2682,2556 2721,2556 2760,2556 2799,2556 2837,2556 2876,2556 2915,2557 2954,2557 2993,2558"/>
                <TextEquiv>
                    <Unicode>Nach kurzer Pause wurde das Spiel</Unicode>
                </TextEquiv>
            </TextLine>
            <TextLine id="r3l56" custom="readingOrder {index:55;}">
                <Coords points="2128,2607 2236,2616 2266,2595 2294,2612 2358,2617 2483,2603 2548,2615 2538,2570 2477,2574 2448,2561 2411,2579 2385,2562 2368,2576 2339,2562 2268,2577 2172,2559 2128,2570"/>
                <Baseline points="2133,2600 2158,2601 2184,2602 2209,2602 2235,2602 2261,2602 2286,2602 2312,2602 2338,2601 2363,2601 2389,2601 2414,2600 2440,2600 2466,2600 2491,2600 2517,2600 2543,2601"/>
                <TextEquiv>
                    <Unicode>wieder ausgenommen.</Unicode>
                </TextEquiv>
            </TextLine>
            <TextLine id="r3l57" custom="readingOrder {index:56;}">
                <Coords points="2559,2615 2697,2600 2728,2615 2821,2604 2952,2612 2986,2608 2986,2568 2834,2575 2747,2552 2708,2569 2559,2570"/>
                <Baseline points="2565,2603 2591,2603 2617,2603 2643,2603 2669,2603 2695,2603 2721,2602 2747,2602 2773,2602 2799,2602 2825,2602 2851,2601 2877,2601 2903,2601 2929,2601 2955,2601 2981,2602"/>
                <TextEquiv>
                    <Unicode>Im Zuschauerraum</Unicode>
                </TextEquiv>
            </TextLine>
            <TextLine id="r3l58" custom="readingOrder {index:57;}">
                <Coords points="2138,2659 2530,2639 2989,2662 2990,2609 2769,2607 2734,2631 2688,2604 2138,2612"/>
                <Baseline points="2143,2644 2185,2643 2227,2643 2269,2643 2311,2643 2353,2643 2395,2643 2437,2643 2479,2643 2521,2643 2563,2643 2605,2643 2647,2643 2689,2644 2731,2644 2773,2644 2815,2645 2857,2645 2899,2646 2941,2646 2984,2647"/>
                <TextEquiv>
                    <Unicode>wurde es aber immer unruhiger. Plötzlich sah</Unicode>
                </TextEquiv>
            </TextLine>
            <TextLine id="r3l59" custom="readingOrder {index:58;}">
                <Coords points="2131,2694 2976,2699 2993,2648 2910,2669 2734,2643 2131,2659"/>
                <Baseline points="2136,2686 2178,2686 2221,2687 2263,2687 2306,2687 2349,2687 2391,2687 2434,2687 2476,2686 2519,2686 2562,2686 2604,2686 2647,2686 2689,2686 2732,2686 2775,2686 2817,2686 2860,2687 2902,2687 2945,2688 2988,2688"/>
                <TextEquiv>
                    <Unicode>man, wie in die Logen, ins Parkett und auf</Unicode>
                </TextEquiv>
            </TextLine>
            <TextLine id="r3l60" custom="readingOrder {index:59;}">
                <Coords points="2131,2737 2986,2737 2965,2692 2131,2694"/>
                <Baseline points="2137,2730 2179,2730 2221,2730 2263,2730 2305,2730 2348,2730 2390,2730 2432,2730 2474,2730 2516,2730 2559,2730 2601,2730 2643,2730 2685,2730 2727,2730 2770,2730 2812,2730 2854,2729 2896,2729 2938,2729 2981,2729"/>
                <TextEquiv>
                    <Unicode>den Balkon junge Leute mit Hüten und</Unicode>
                </TextEquiv>
            </TextLine>
            <TextLine id="r3l61" custom="readingOrder {index:60;}">
                <Coords points="2139,2783 2993,2786 2993,2738 2965,2731 2139,2735"/>
                <Baseline points="2144,2773 2186,2773 2228,2774 2270,2774 2312,2774 2355,2774 2397,2773 2439,2773 2481,2773 2523,2773 2566,2773 2608,2772 2650,2772 2692,2772 2734,2772 2777,2772 2819,2772 2861,2773 2903,2773 2945,2774 2988,2775"/>
                <TextEquiv>
                    <Unicode>stappen auf dem Kopfe eindrangen und schrien,</Unicode>
                </TextEquiv>
            </TextLine>
            <TextLine id="r3l62" custom="readingOrder {index:61;}">
                <Coords points="2135,2826 2997,2825 2997,2785 2845,2770 2135,2785"/>
                <Baseline points="2141,2818 2183,2818 2226,2817 2268,2817 2311,2817 2353,2817 2396,2817 2438,2817 2481,2817 2523,2816 2566,2816 2609,2816 2651,2816 2694,2816 2736,2816 2779,2816 2821,2816 2864,2816 2906,2816 2949,2816 2992,2817"/>
                <TextEquiv>
                    <Unicode>daß das Theater geräumt werden müsse. Der</Unicode>
                </TextEquiv>
            </TextLine>
            <TextLine id="r3l63" custom="readingOrder {index:62;}">
                <Coords points="2145,2877 2992,2866 2992,2829 2951,2820 2145,2823"/>
                <Baseline points="2150,2860 2191,2860 2233,2859 2275,2859 2317,2859 2359,2859 2400,2859 2442,2860 2484,2860 2526,2860 2568,2860 2609,2860 2651,2860 2693,2860 2735,2860 2777,2860 2818,2860 2860,2860 2902,2860 2944,2860 2986,2860"/>
                <TextEquiv>
                    <Unicode>Zuschauerraum war nahezu ganz voll, da</Unicode>
                </TextEquiv>
            </TextLine>
            <TextLine id="r3l64" custom="readingOrder {index:63;}">
                <Coords points="2138,2910 2830,2925 2989,2907 2989,2868 2138,2877"/>
                <Baseline points="2144,2904 2188,2903 2232,2903 2276,2903 2320,2903 2364,2903 2408,2903 2453,2902 2497,2902 2541,2902 2585,2902 2629,2902 2673,2902 2718,2902 2762,2902 2806,2902 2850,2902 2894,2902 2938,2901 2983,2901"/>
                <TextEquiv>
                    <Unicode>wenige Minuten vorher der Direktionssekretär</Unicode>
                </TextEquiv>
            </TextLine>
            <TextLine id="r3l65" custom="readingOrder {index:64;}">
                <Coords points="2132,2956 2974,2961 2996,2909 2131,2911"/>
                <Baseline points="2137,2947 2179,2947 2222,2947 2264,2947 2307,2947 2350,2947 2392,2947 2435,2947 2478,2946 2520,2946 2563,2946 2606,2945 2648,2945 2691,2945 2734,2945 2776,2945 2819,2945 2862,2945 2904,2945 2947,2945 2990,2946"/>
                <TextEquiv>
                    <Unicode>der Kammerspiele Marseid vom Balkon</Unicode>
                </TextEquiv>
            </TextLine>
            <TextLine id="r3l66" custom="readingOrder {index:65;}">
                <Coords points="2137,2997 2999,3000 2999,2961 2954,2951 2137,2958"/>
                <Baseline points="2142,2990 2184,2990 2227,2990 2269,2990 2312,2990 2355,2990 2397,2990 2440,2990 2482,2990 2525,2990 2568,2990 2610,2989 2653,2989 2695,2989 2738,2989 2781,2989 2823,2989 2866,2988 2908,2988 2951,2988 2994,2988"/>
                <TextEquiv>
                    <Unicode>aus zur Ruhe ermahnt hatte und auf die</Unicode>
                </TextEquiv>
            </TextLine>
            <TextLine id="r3l67" custom="readingOrder {index:66;}">
                <Coords points="2135,3041 2995,3034 2995,2999 2930,2987 2135,2997"/>
                <Baseline points="2141,3033 2183,3033 2225,3033 2268,3033 2310,3033 2353,3033 2395,3033 2438,3033 2480,3033 2523,3033 2565,3033 2607,3032 2650,3032 2692,3032 2735,3032 2777,3032 2820,3032 2862,3031 2905,3031 2947,3031 2990,3030"/>
                <TextEquiv>
                    <Unicode>Sicherheit hingewiesen hatte, in der sich die Be¬</Unicode>
                </TextEquiv>
            </TextLine>
            <TextLine id="r3l68" custom="readingOrder {index:67;}">
                <Coords points="2143,3103 2639,3077 2980,3093 2996,3047 2143,3048"/>
                <Baseline points="2148,3078 2190,3077 2232,3077 2274,3077 2316,3077 2358,3077 2400,3077 2443,3077 2485,3077 2527,3077 2569,3077 2611,3076 2653,3076 2695,3076 2738,3076 2780,3076 2822,3076 2864,3076 2906,3076 2948,3076 2991,3075"/>
                <TextEquiv>
                    <Unicode>ucher befänden. Dann war es licht geworden.</Unicode>
                </TextEquiv>
            </TextLine>
            <TextLine id="r3l69" custom="readingOrder {index:68;}">
                <Coords points="2210,3135 3000,3131 2988,3087 2439,3089 2389,3117 2336,3088 2299,3106 2210,3086"/>
                <Baseline points="2215,3129 2254,3129 2293,3129 2332,3129 2371,3129 2410,3129 2449,3129 2488,3128 2527,3128 2566,3128 2605,3128 2644,3128 2683,3128 2722,3128 2761,3128 2800,3128 2839,3128 2878,3128 2917,3128 2956,3128 2995,3128"/>
                <TextEquiv>
                    <Unicode>Als die Demonstranten eingedrungen</Unicode>
                </TextEquiv>
            </TextLine>
            <TextLine id="r3l70" custom="readingOrder {index:69;}">
                <Coords points="2139,3178 2955,3184 2999,3177 2999,3131 2817,3154 2139,3141"/>
                <Baseline points="2144,3172 2186,3172 2229,3172 2271,3172 2314,3172 2356,3172 2399,3172 2441,3172 2484,3172 2526,3172 2569,3172 2611,3172 2654,3171 2696,3171 2739,3171 2781,3171 2824,3171 2866,3171 2909,3171 2951,3172 2994,3172"/>
                <TextEquiv>
                    <Unicode>waren, fiel der Vorhang und nach wenigen</Unicode>
                </TextEquiv>
            </TextLine>
            <TextLine id="r3l71" custom="readingOrder {index:70;}">
                <Coords points="2138,3223 2968,3224 2995,3217 2995,3178 2138,3180"/>
                <Baseline points="2143,3215 2185,3215 2227,3216 2269,3216 2312,3216 2354,3216 2396,3216 2439,3216 2481,3216 2523,3216 2566,3215 2608,3215 2650,3215 2692,3214 2735,3214 2777,3214 2819,3214 2862,3213 2904,3213 2946,3213 2989,3213"/>
                <TextEquiv>
                    <Unicode>Minuten sah man auch die eiserne Courtine</Unicode>
                </TextEquiv>
            </TextLine>
            <TextLine id="r3l72" custom="readingOrder {index:71;}">
                <Coords points="2142,3271 2741,3256 2834,3279 2992,3265 2992,3218 2142,3226"/>
                <Baseline points="2148,3258 2189,3258 2231,3258 2273,3259 2315,3259 2357,3259 2399,3259 2441,3259 2483,3258 2525,3258 2567,3258 2608,3258 2650,3258 2692,3258 2734,3257 2776,3257 2818,3257 2860,3257 2902,3257 2944,3258 2986,3258"/>
                <TextEquiv>
                    <Unicode>inaufziehen. Die Burschen, die in die Logen</Unicode>
                </TextEquiv>
            </TextLine>
            <TextLine id="r3l73" custom="readingOrder {index:72;}">
                <Coords points="2134,3308 2573,3322 2738,3293 2977,3318 2998,3264 2134,3270"/>
                <Baseline points="2139,3301 2181,3301 2224,3302 2267,3302 2309,3302 2352,3303 2395,3303 2437,3303 2480,3303 2523,3302 2566,3302 2608,3302 2651,3302 2694,3301 2736,3301 2779,3301 2822,3300 2864,3300 2907,3299 2950,3299 2993,3299"/>
                <TextEquiv>
                    <Unicode>eingedrungen waren, warfen nun die</Unicode>
                </TextEquiv>
            </TextLine>
            <TextLine id="r3l74" custom="readingOrder {index:73;}">
                <Coords points="2148,3358 2995,3345 2995,3317 2938,3300 2578,3325 2148,3307"/>
                <Baseline points="2153,3344 2194,3345 2236,3345 2278,3346 2320,3346 2362,3346 2404,3346 2445,3346 2487,3345 2529,3345 2571,3345 2613,3344 2655,3344 2697,3343 2738,3343 2780,3343 2822,3342 2864,3342 2906,3342 2948,3342 2990,3342"/>
                <TextEquiv>
                    <Unicode>Stühle auf das im Parkett be¬</Unicode>
                </TextEquiv>
            </TextLine>
            <TextLine id="r3l75" custom="readingOrder {index:74;}">
                <Coords points="2141,3391 2999,3389 2999,3360 2935,3347 2889,3371 2573,3341 2141,3359"/>
                <Baseline points="2147,3387 2189,3388 2231,3388 2274,3388 2316,3389 2358,3388 2401,3388 2443,3388 2485,3388 2528,3387 2570,3387 2612,3387 2655,3386 2697,3386 2739,3385 2782,3385 2824,3385 2866,3385 2909,3386 2951,3386 2994,3387"/>
                <TextEquiv>
                    <Unicode>indliche Publikum hinunter. Im</Unicode>
                </TextEquiv>
            </TextLine>
            <TextLine id="r3l76" custom="readingOrder {index:75;}">
                <Coords points="2139,3439 2994,3439 2993,3390 2420,3412 2139,3391"/>
                <Baseline points="2145,3431 2187,3432 2229,3432 2271,3432 2313,3432 2355,3432 2397,3432 2440,3431 2482,3431 2524,3430 2566,3430 2608,3429 2650,3429 2692,3428 2735,3428 2777,3427 2819,3427 2861,3427 2903,3427 2945,3428 2988,3428"/>
                <TextEquiv>
                    <Unicode>Parterre und auf dem Balkon kam es zu</Unicode>
                </TextEquiv>
            </TextLine>
            <TextLine id="r3l77" custom="readingOrder {index:76;}">
                <Coords points="2137,3484 2998,3480 2998,3443 2919,3431 2137,3439"/>
                <Baseline points="2143,3473 2185,3474 2228,3475 2270,3476 2313,3476 2355,3476 2398,3476 2440,3476 2483,3475 2525,3475 2568,3474 2610,3473 2653,3473 2695,3472 2738,3471 2780,3471 2823,3471 2865,3470 2908,3470 2950,3470 2993,3471"/>
                <TextEquiv>
                    <Unicode>Mißhandlüngen. So soll eine Frau</Unicode>
                </TextEquiv>
            </TextLine>
            <TextLine id="r3l78" custom="readingOrder {index:77;}">
                <Coords points="2140,3536 2979,3523 2992,3481 2139,3484"/>
                <Baseline points="2145,3520 2187,3520 2229,3520 2271,3519 2313,3519 2355,3519 2397,3518 2439,3518 2481,3517 2523,3517 2566,3516 2608,3516 2650,3515 2692,3515 2734,3514 2776,3514 2818,3513 2860,3513 2902,3513 2944,3513 2987,3513"/>
                <TextEquiv>
                    <Unicode>gewürgt worden sein. Die Demonstranten</Unicode>
                </TextEquiv>
            </TextLine>
            <TextLine id="r3l79" custom="readingOrder {index:78;}">
                <Coords points="2140,3567 2534,3578 2624,3548 2965,3568 2989,3522 2140,3536"/>
                <Baseline points="2145,3561 2189,3561 2233,3562 2277,3562 2321,3562 2365,3562 2409,3562 2454,3561 2498,3561 2542,3560 2586,3559 2630,3558 2674,3558 2719,3557 2763,3556 2807,3556 2851,3555 2895,3555 2939,3554 2984,3554"/>
                <TextEquiv>
                    <Unicode>warfen auch Teer gegen den eisernen Vor¬</Unicode>
                </TextEquiv>
            </TextLine>
            <TextLine id="r3l80" custom="readingOrder {index:79;}">
                <Coords points="2138,3618 2992,3616 2991,3556 2937,3577 2621,3553 2534,3578 2138,3569"/>
                <Baseline points="2143,3605 2185,3606 2227,3607 2269,3607 2311,3607 2353,3607 2395,3606 2438,3606 2480,3605 2522,3604 2564,3604 2606,3603 2648,3602 2690,3602 2733,3601 2775,3601 2817,3601 2859,3601 2901,3601 2943,3602 2986,3603"/>
                <TextEquiv>
                    <Unicode>hang, so daß er von oben bis unten beschmutzt</Unicode>
                </TextEquiv>
            </TextLine>
            <TextLine id="r3l81" custom="readingOrder {index:80;}">
                <Coords points="2139,3662 2161,3655 2175,3661 2180,3657 2193,3660 2211,3652 2228,3659 2257,3654 2257,3621 2240,3615 2213,3617 2204,3622 2193,3615 2162,3620 2139,3617"/>
                <Baseline points="2144,3647 2171,3648 2198,3647 2225,3647 2252,3649"/>
                <TextEquiv>
                    <Unicode>wurde.</Unicode>
                </TextEquiv>
            </TextLine>
            <TextLine id="r3l82" custom="readingOrder {index:81;}">
                <Coords points="2218,3705 2994,3710 2993,3657 2943,3653 2217,3665"/>
                <Baseline points="2223,3699 2261,3700 2299,3700 2337,3700 2376,3700 2414,3700 2452,3699 2490,3699 2529,3699 2567,3698 2605,3698 2643,3697 2682,3697 2720,3696 2758,3696 2796,3695 2835,3695 2873,3695 2911,3695 2949,3696 2988,3696"/>
                <TextEquiv>
                    <Unicode>Die Demonstranten stürmten auch in den</Unicode>
                </TextEquiv>
            </TextLine>
            <TextLine id="r3l83" custom="readingOrder {index:82;}">
                <Coords points="2143,3751 2990,3753 2990,3709 2918,3694 2580,3720 2143,3708"/>
                <Baseline points="2149,3743 2190,3744 2232,3744 2274,3745 2316,3745 2358,3744 2399,3744 2441,3744 2483,3743 2525,3742 2567,3742 2608,3741 2650,3741 2692,3740 2734,3740 2776,3739 2817,3739 2859,3739 2901,3740 2943,3740 2985,3741"/>
                <TextEquiv>
                    <Unicode>Bühnenraum ein, in dem sich zufällig</Unicode>
                </TextEquiv>
            </TextLine>
            <TextLine id="r3l84" custom="readingOrder {index:83;}">
                <Coords points="2138,3794 2912,3798 2999,3786 2999,3753 2137,3749"/>
                <Baseline points="2143,3786 2185,3787 2228,3787 2270,3787 2313,3787 2355,3787 2398,3787 2440,3786 2483,3786 2525,3785 2568,3785 2610,3784 2653,3783 2695,3783 2738,3782 2780,3781 2823,3781 2865,3781 2908,3780 2950,3781 2993,3781"/>
                <TextEquiv>
                    <Unicode>Artur Schnitzler, der aber von ihnen</Unicode>
                </TextEquiv>
            </TextLine>
            <TextLine id="r3l85" custom="readingOrder {index:84;}">
                <Coords points="2137,3838 2995,3835 2995,3800 2137,3805"/>
                <Baseline points="2143,3829 2185,3830 2227,3830 2270,3830 2312,3830 2354,3830 2397,3830 2439,3829 2481,3829 2524,3828 2566,3827 2608,3826 2651,3825 2693,3825 2735,3824 2778,3824 2820,3823 2862,3823 2905,3823 2947,3823 2990,3824"/>
                <TextEquiv>
                    <Unicode>unerkannt bliev, befand. Mehrere Demon¬</Unicode>
                </TextEquiv>
            </TextLine>
            <TextLine id="r3l86" custom="readingOrder {index:85;}">
                <Coords points="2143,3881 2816,3886 2998,3870 2998,3831 2143,3838"/>
                <Baseline points="2149,3873 2191,3873 2233,3874 2275,3874 2317,3874 2360,3873 2402,3873 2444,3872 2486,3872 2528,3871 2571,3870 2613,3869 2655,3868 2697,3868 2739,3867 2782,3867 2824,3867 2866,3867 2908,3867 2950,3868 2993,3869"/>
                <TextEquiv>
                    <Unicode>tranten drangen auch in die Damengarderobe,</Unicode>
                </TextEquiv>
            </TextLine>
            <TextLine id="r3l87" custom="readingOrder {index:86;}">
                <Coords points="2138,3922 2997,3921 2996,3868 2138,3879"/>
                <Baseline points="2143,3915 2185,3916 2227,3916 2270,3916 2312,3916 2355,3916 2397,3916 2439,3915 2482,3915 2524,3914 2567,3914 2609,3913 2651,3912 2694,3912 2736,3911 2779,3910 2821,3910 2863,3910 2906,3909 2948,3909 2991,3909"/>
                <TextEquiv>
                    <Unicode>als Bühnenarbeiter auf den Einfall</Unicode>
                </TextEquiv>
            </TextLine>
            <TextLine id="r3l88" custom="readingOrder {index:87;}">
                <Coords points="2150,3971 2999,3960 2999,3931 2943,3913 2150,3927"/>
                <Baseline points="2155,3958 2199,3959 2243,3959 2287,3960 2331,3960 2375,3959 2419,3959 2464,3958 2508,3958 2552,3957 2596,3956 2640,3955 2684,3955 2729,3954 2773,3954 2817,3954 2861,3953 2905,3954 2949,3954 2994,3955"/>
                <TextEquiv>
                    <Unicode>amen, die Hydranten zu öffnen. In</Unicode>
                </TextEquiv>
            </TextLine>
            <TextLine id="r3l89" custom="readingOrder {index:88;}">
                <Coords points="2152,4010 2955,4010 3004,4003 3004,3965 2151,3970"/>
                <Baseline points="2157,4000 2199,4002 2241,4003 2283,4004 2325,4004 2367,4004 2409,4003 2451,4002 2493,4001 2535,4000 2578,3999 2620,3998 2662,3997 2704,3996 2746,3995 2788,3995 2830,3995 2872,3995 2914,3996 2956,3997 2999,3999"/>
                <TextEquiv>
                    <Unicode>er Damengarderobe stand zentimeterpoch das</Unicode>
                </TextEquiv>
            </TextLine>
            <TextLine id="r3l90" custom="readingOrder {index:89;}">
                <Coords points="2140,4054 2172,4050 2185,4059 2194,4054 2208,4064 2227,4056 2240,4061 2253,4050 2265,4057 2272,4050 2282,4051 2280,4021 2273,4026 2265,4017 2234,4015 2208,4003 2185,4015 2170,4007 2142,4009"/>
                <Baseline points="2146,4043 2172,4045 2198,4046 2224,4046 2250,4047 2277,4048"/>
                <TextEquiv>
                    <Unicode>Wassen</Unicode>
                </TextEquiv>
            </TextLine>
            <TextEquiv>
                <Unicode>besucher von ihren Plozen — Stinkbomben
verbreiteten eine unertiägliche Almosphäre.
GBleichzeitig drang von der Straße herein das
Gesohle von Demonstranten. Jett wüßte man,
wieviel es geschlagen habe. Nichtsdestoweniger
nahm die Vorstellung ihren Fortgang. Das
Bild konnte noch zu Ende gespielt werden.
Kaum hatte jedoch die Darstellung der
fünften Szene begonnen, als das Gejohle von
der Straße her immer durchdringender wurde,
und im nächsten Augenblick Leute von außen
her in den Zuschauerraum und auch auf die
Bühne eindrangen. Siebzehn= bis Zwanzig¬
ährige und zum Teil noch jüngere schwangen
nitten im Zuschauerraum Latten und
Knüppel, beschimpften und bedrohten die
Theaterbesucher und drängten sie unter Püssen
maus. Es entstand eine Panik und, da ein¬
zelne Zuschauer sich zur Wehr zu setzen ver¬
uchten, wäre es zu Zusammenstößen gekommen,
wenn nicht die Hydranten geöffnet
nd das Haus unter Wasser gesetzt
worden wäre. Jetzt leerte sich das Parkett,
das bald überschwemmt war, rascher, und ein
um so beängstigenderes Gedränge entstand in
er Garderobe und im Bestibül. Es gelang
den wenigsten, in der allgemeinen Aufregung
u ihren Oberkleidern zu gelungen. Herten
ohne Winierrock und Damen in leichter Abend¬
#ilette flüchteten auf die Straße und in die
Nachbarhäuser.
Ein anderer Besucher schilderte die Vor¬
älle folgendermaßen: Sämtliche Vorstellungen
des „Reigen“ bis Montag abends waren aus¬
verkauft, und man glaubte deshalb im Theater
licht, daß aus dem Zuschauerraum selbst
Störungen erfolgen könnten. Unter den Be¬
uchern der gestrigen Vorstellung fielen aber
unge Burschen, die besonders auf den billigeren
Sitzen gaßen, auf und diese bereiteten die
Demonstrationen vor. In der vierten Szene
am es zu den ersten wesentlichen Störungen.
inzelne Besücherriefen: „Skandal! Schweinerei!“
Ein Logenbesucher wies die Störer laut
zurecht und rief ins Publikum: „Wem es
nicht paßt, der soll hinaus¬
gehen!“ Nach dem vierten Bilde bemächtigte
ich des Publikums große Aufregung. Der
Geruch der Stinkbomben war, trotzdem mun
n den Zwischenpausen so gut es ging, gelüstet
hatte, immer intensiver geworden. Ein Stink¬
ombenwerfer wurde arretiert und Polizei¬
kommissär Dr. Müller nahm sein Natio¬
iale auf.
Nach kurzer Pause wurde das Spiel
wieder ausgenommen.
Im Zuschauerraum
wurde es aber immer unruhiger. Plötzlich sah
man, wie in die Logen, ins Parkett und auf
den Balkon junge Leute mit Hüten und
stappen auf dem Kopfe eindrangen und schrien,
daß das Theater geräumt werden müsse. Der
Zuschauerraum war nahezu ganz voll, da
wenige Minuten vorher der Direktionssekretär
der Kammerspiele Marseid vom Balkon
aus zur Ruhe ermahnt hatte und auf die
Sicherheit hingewiesen hatte, in der sich die Be¬
ucher befänden. Dann war es licht geworden.
Als die Demonstranten eingedrungen
waren, fiel der Vorhang und nach wenigen
Minuten sah man auch die eiserne Courtine
inaufziehen. Die Burschen, die in die Logen
eingedrungen waren, warfen nun die
Stühle auf das im Parkett be¬
indliche Publikum hinunter. Im
Parterre und auf dem Balkon kam es zu
Mißhandlüngen. So soll eine Frau
gewürgt worden sein. Die Demonstranten
warfen auch Teer gegen den eisernen Vor¬
hang, so daß er von oben bis unten beschmutzt
wurde.
Die Demonstranten stürmten auch in den
Bühnenraum ein, in dem sich zufällig
Artur Schnitzler, der aber von ihnen
unerkannt bliev, befand. Mehrere Demon¬
tranten drangen auch in die Damengarderobe,
als Bühnenarbeiter auf den Einfall
amen, die Hydranten zu öffnen. In
er Damengarderobe stand zentimeterpoch das
Wassen</Unicode>
            </TextEquiv>
        </TextRegion>
    </Page>
</PcGts>
