3496 4320
539 12 876 102 B
402 120 918 225 11. Reigen
1102 121 1506 204 box 17/5
510 295 1408 402 Demonstration gegen don
791 378 1240 470 „Reigen“.—
441 433 1491 526 Bei der geferigen Apfführung des „Reigen“ in den
411 496 1495 568 Kammerspielen kam es zu einem Störungsversuch, der von
408 546 1495 607 15 bis 20 jungen Leuten inszeniert wurde. Während des
406 587 1489 648 vorletzten Bildes drangen sie durch das Foyer in den
408 625 1485 688 Zuschauerraum in einige besetzte Lögen und versuchten
404 675 1478 734 unter Pfeifen, Zischen und den Rufen „Aufhören“
403 706 1480 783 die Vorstellung unmöglich zu machtn. Die anfangs
408 756 1475 828 rerdutzten Zuschauer wendeten sich gegen die Störenfriede
409 805 1482 863 und begannen Beifell zu klatschen. Hetbeigeeilte Wachleute
408 841 1473 917 drängten die Demonstranten aus dem Saale und die Vor¬
408 888 1486 955 stellung nahm wieder ihren Fortgang. Sechs Personen
403 935 1473 1000 wurden arretiert. Es sind Privatbeamte, ein Schlosser¬
411 979 1473 1044 gehilfe ein Optiker und ein Postbeamter. Nach Feststellung
400 1017 1158 1081 ihrer Persönlichkeit wurden sie entlassen.
435 1060 1474 1125 Wir begreifen die moralische Entrüftung der jungen
388 1092 1486 1173 Leute, betrachten auch die Aufführung dieser „Dichtung“
392 1163 1475 1221 als eine Schmach für jenes gesunde Vollsempfinden,
384 1199 1485 1265 können aber keineswegs diese Art von Demonstration
372 1240 1472 1312 für richtig halten, denn sie beeen nichts wie eine wlte
374 1273 1472 1348 Reklame für den „Dichter“, für den Direktor und für die
397 1325 1471 1380 ganze Schweinerei. Für „Werke“ solchen Qualcät gibt es
378 1365 1405 1459 u e
1452 1482 1709 1625 ArrA 192,
1023 1533 1302 1656 Fe
622 1607 1036 1740 SMNE
758 2101 1835 2194 Stöxungsversuche während einer Aufführung
971 2145 1603 2227 von Schnitzlers „Reigen“
809 2188 1864 2285 Wählend der heutigen Aufführung von Artur Schnitz¬
701 2242 1856 2322 Pers Aeigen“ in den Kammerspielen haben etwa zwarorg
720 2293 1826 2343 jung Leute den Versuch unternommen, die Vo#
715 2340 1851 2403 stedlung zu stören. Sie gelangten bis in das Foyer des
720 2382 1848 2445 Teaters, wo sie durch laute und heftige Rufe gegen Dichter,
704 2416 1793 2490 Stück und Publikum demonstrierten. Der Lärm wurde
1793 2436 1848 2490 im
714 2466 1852 2538 Zuschauerraum vernommen. Das Publikum bewahrte jedoch
696 2511 1785 2582 eseine Ruhe und verharrte auf den Plätzen. Die Vorstellung
713 2562 1662 2615 man war bereits beim vorletzten Dialog angelangt
1664 2572 1736 2623 —
1764 2566 1854 2622 urde
719 2604 1849 2670 unterbrochen, der Vorhang fiel und das Haus wurde erleuchtet.
721 2641 1776 2705 Unterdessen hatten das Bühnenpersonal, die Theaterarbeiter
721 2683 1764 2742 Billeteure im Vereine mit herbeigerufenen Wachorganen
1790 2698 1848 2748 die
721 2724 1754 2798 Demonstranten von dem Foyer auf die Straße gedrängt.
714 2775 1725 2823 wurden drei Arretierungen vorgenommen, Nach einer
1756 2781 1855 2837 ause
712 2810 1718 2875 von einigen Minuten wurde sodann die Vorstellung
1760 2825 1848 2888 ohne
704 2859 1412 2926 weitere Zwischenfälle zu Ende geführt.
1101 3007 1670 3095 chreißt un Endlich rührt
625 3018 1071 3105 „Der Reigen“. Man
1116 3069 1670 3145 d#em Bühne über¬
536 3083 990 3151 sich gegen den Schmutz
1148 3115 1669 3186 nitksame Abwehr, Gewalt
530 3113 1043 3199 flutet, die einzg#ri###e
1164 3167 1664 3238 e Seeie des Volkes selbst
530 3187 1100 3252 kann da ja nichts helfen, uu
528 3221 1662 3291 muß der Protest kommenz### diese ganzen zotenhaften
535 3267 1672 3330 Sdeleien, welche das Eistes= und Gemütsleben unseres
533 3318 1667 3386 Volles vergiften, vom=Theaten verdrängen. Und so lesen
534 3361 1676 3434 wir denn auch mit aufrichtiger Befriedigung, daß bei
534 3416 1639 3477 einer Aufführung von Schnitzlers „Reigen“ di
535 3451 1664 3529 Frauen selbst, die ja durch diese Tarbietungin ihres
535 3509 1675 3577 Frauenwürde tief verletzt werden, entrüstet gegen die
533 3553 1668 3618 Aufführung Stellung nahmen, daß ein wahrer Zornes¬
536 3610 1675 3679 sturm ausbrach, der auch viele der anwesenden Männer
549 3659 1680 3716 mitriß, so daß schließlich die Vorstellung abgesagt werdens
538 3700 1668 3768 mußte. Wir sind mit diesem tatkräftigen Protest der
537 3753 1665 3820 Frauen vom ganzen Herzen einverstanden, nur eines
549 3797 1679 3862 fehlt leider, um unsere Zufriedenheit voll zu machen: Der
550 3846 1678 3920 Protest erfolgte nicht in Wien, sondern in — München.
630 3885 1685 3978 Die Eingriffe der Behörden in das wirtschaftliche
1965 873 2948 949 Das Geld oder das Leben, ihr Bürger verehrtt
1975 926 2929 989 Unter der roten Aegide verlor beides den Wert.
1964 967 3010 1045 Ihr zahlt, bis ihr schwarz seid, wenn's euch auch
2872 1027 3032 1084 gefällt:
1965 1045 3109 1130 Ihr selbst habt den roten Metzger — gewählt und
2859 1107 3012 1169 bestellt!
1964 1184 2850 1251 Bringt Frankreich unfrer Wirtschaft Segen?
1967 1225 2862 1308 Auch der gallische Hahn wird uns keine —
2861 1235 3108 1310 Eier legen!
2093 1310 2899 1379 Bei des Marxismuz sanatischem Gesicht,
2097 1361 2965 1440 Gefällt uns schon Re — krumme Nase picht!
2260 1422 2389 1513 44
2054 1474 2955 1576 Zum „Reigen“=Rummel.
1976 1492 2062 1587 0
2254 1550 2807 1633 Von Karl Paumgartten.
2046 1602 3106 1683 Die nachstehende Kritik habe ich im Jahre 1903 für
1965 1657 2095 1716 die
2097 1662 3096 1730 seither eingegangene „Oosterreichisch=Ungarische
1962 1704 3099 1773 Revue“ geschrieben, aber im letzten Augenblick von der
1967 1748 3107 1816 Drucklegung zurückgezogen, weil ik mir Bedenken auf¬
1969 1789 3094 1876 stiegen, ob der Standpunkt, den ich dem Werke gegenüber
1959 1845 2682 1893 eingenommen hatte, der richtige sei.
2047 1867 3114 1950 „Die große Entrüstung der Sittlichen und das große
1963 1914 3093 1979 Behagen der Unsittlichen waren des „Reigens“ Ammen. Ohne
1962 1958 3090 2029 sie hütte das Buch nicht in acht Monaten zehn Auflagen erle#t
1961 2002 3098 2077 Als Kunstwerk an und für sich hätte es nur einen ganz
1971 2049 3095 2111 geringen Teil jener Vopularität gefunden, die ihm die
1963 2088 3095 2155 Sensationsmacherei der Freunde und Gegner verschaffte. Die
1954 2130 3100 2200 Behandlung des sexuellen Problems ist nun einmal „modern“.
1970 2173 3097 2239 Sie bemüht sich, ernste, künstlerische Psychologie zu sein oder
1969 2218 3095 2286 diese wenigstens vorzutäuschen. Aber selbst die ernsteste Dar¬
1965 2258 3096 2329 stellung dieser Art entbehrt naturgemäß nicht einer gewissen
1959 2304 3065 2372 Pikanterie, namentlich in den Augen der Lüsternen. Ich ken
1956 2343 3094 2414 Leute, die sich Bölsches „Liebesleben in der Natur“ als pikanne
1963 2384 3092 2460 Lektüre angeschafft haben. So gibt es auch Leute, die sich den
1960 2432 3097 2489 „Reigen“; bloß seiner Gedankenstriche wegen kauften. Die
1961 2473 3088 2540 Wenigsten hichen das Buch ohne Vorurteil aufgeschlagen, und
1958 2520 3093 2591 gerade bei diesem Buche kommt es vor allem auf den Stand¬
1957 2565 3095 2616 punkt an, dem man ihm gegenüber gleich bei Beginn der
1961 2604 3085 2654 Lektüre einnimmt. Man hatte das „Unsittliche" im „Reigen“
1962 2648 3088 2715 bekämpfen und verteidigen gehört, beides in leidenschaftlicher,
1957 2691 3080 2760 lärmender Weise, und nun wollte man sich „selbst überzeugen“.
1949 2731 3091 2804 Aber das ging nicht so, wie man dachte. Die da objektiv zu
1960 2783 3086 2846 prüfen vorgaben, ob der „Reigen“ das sei, was er zu sein vor¬
1964 2816 2023 2868 zab
2022 2825 3084 2877 — künstlerische Psychologie — konzentrierten ihr ganzes
1961 2864 3086 2924 Denken auf die eine Frage: Wird er auch auf mich als
1961 2902 3094 2968 Pikanterie wirken? So machte der Rummel aus dem Buche
1962 2950 3082 3002 für die meisten, namentlich für die ganz jungen Literatur¬
1948 2988 3087 3052 beflissenen, ein Käma-sütram, eine ars amandi, und die Kritd
1937 3041 3088 3110 richtete ihr Augenmerk nur auf die Feststellung, ob es als
3137 1954 3182 2026 22
3166 1889 3233 1966 *
