3392 4448
759 76 1877 137 memandem Gewalt und Unbill an!“ sagt der Herr.
753 115 1872 191 Aber was gehen die Sprüche des Herrn den Kardinal
760 168 1873 230 an? Er hält es lieber mit dem heiligen Paulus, der
758 209 1874 280 die Frominen gemahnt: „Gehorchet euren Bischöfen
759 263 1864 321 und seid ihnen untertan!“ Hat er es uns nicht schon
757 306 1871 381 in seinem Fastenhirtenbrief vorausgesagt, daß sein
765 366 1869 419 „Gottesrecht“ über jegliches „Staatsrecht“ siegen werde,
755 416 1874 482 welches den Bischöfen den gebotenen Gehorsam nicht
763 449 1870 523 sichert? Nun wissen wir, wie er es gemeint. Das
767 501 1857 573 „Gottesrecht“ des Kardinals ist das Faustrecht seiner
749 547 895 605 Bravi.
861 574 1856 660 O, auch sie sind gegen Gewalt, die frommen
749 641 1868 719 Herren! Erinnert euch nur, wie sie entrüstet waren,
744 702 1861 765 als die Neunkirchener Arbeiter einen frechen Ausbeuter,
752 742 1855 815 der sich an einem Krüppel vergangen hatte, gezüchtigt
749 788 1858 859 haben! Wo bleibt jetzt Herr Dr. Mataja? Erinnert
747 838 1849 905 ihr euch, wie sich ihr beleidigtes Rechtsgefühl auf¬
744 885 1855 950 bäumte, wehn irgendwo Arbeiter, durch provokalorische
750 931 1863 999 Reden gereizt, eine Versammlung gesprengt haben!
748 979 1864 1058 Wo bleibt jetzt der Herr Kunschak? Wenn Arbeiter
750 1026 1456 1097 eine Versammlung sprengen,
1532 1038 1609 1098 ist
1633 1037 1858 1099 es ein
751 1072 1478 1138 unsühnbares Verbrechen; wenn
1501 1082 1860 1156 die „christliche
749 1128 1854 1200 Jugend“ eine Theatervorstellung sprengt, ist es,
742 1179 1857 1253 wie die „Reichspost“ sagt, „Selbsthilfe christlicher
754 1225 1856 1289 junger Männer gegen öffentliches Aergernis“. Heute
757 1277 1864 1346 jubeln sie, weil es ihnen gelungen ist, mit Stink¬
751 1324 1847 1391 bomben eine Theatervorstellung zu verhindern; morgen
749 1366 1847 1430 werden sie wieder über den „Terrorismus“ der
743 1416 1497 1476 Arbeiter Zeter und Mordio schreien!
862 1463 1846 1534 Und die Behörden? Der Polizeipräsident hat
743 1512 1849 1587 die weitere Aufführung verboten, weil die Sicherheit
741 1559 1848 1633 der Zuschauer und der Darsteller gefährdet sei. Denn
747 1614 1855 1682 „die in einem Großteil der Wiener Bevölkerung,“ so
754 1669 1849 1730 chreibt Herr Schober, „durch die Aufführungen des
742 1709 1852 1792 Bühnenwerkes „Reigen“ von Arthur Schnitzter hevvor¬
745 1760 1844 1830 gerufene Mißstimmung hat in der gestrigen Vorstellung
740 1807 1854 1869 einen derartig elementaren Ausdruck gefunden, daß
748 1852 1847 1929 das Theater der Schauplatz wüster Tumult¬
740 1900 1841 1967 szenen wurde". Eine possierliche Begründung!
745 1945 1513 2016 Die Vorstellungen, die, von
1512 1962 1849 2024 ein paar
748 1995 1843 2070 hundert Literaten und ein paar tausend Betschwestern
740 2045 1841 2120 beiderlei Geschkechts abgesehen, wahrlich keinem Menschen
740 2098 1832 2154 mehr waren, als ein beliebiges anderes Theater¬
733 2141 1843 2217 ereignis, wir haben „in einem Großteil der Wiener
744 2186 1844 2266 Bevölkerung“ so arge Mißstimmung hervorgerufen!
736 2233 1842 2314 Natürliche, andere Gründe zur Mißstimmung hat ja
740 2287 1832 2367 unter der segensreichen schwarzen Regierung der
736 2337 1847 2396 „Großteil der Wiener Bevölkerung“ nicht! Und wenn
739 2395 1834 2455 ein paar hundert Leute, auf den Theatersaal und der
730 2430 1846 2512 Straße sorgsam verteilt, mit Schlagringen, faulen Eiern
739 2485 1839 2563 und Stinkbomben ausgerüstet, auf verabredetes Zeichen
730 2532 1840 2605 zu verabredeter Stunde gewaltsam vorbrechen, die
729 2580 1833 2648 Wachleute niederrennen, Frauen mißhandeln und
728 2623 1018 2681 Wintermäntel
1017 2637 1832 2700 stehlen, ist es immer nach
727 2670 1838 2744 Herrn Schobers Darstellung, ein „elementarer
723 2718 1836 2796 Ausbruch“ begreiflicher Mißstimmung! Welcher psycho¬
734 2765 1836 2845 logischen Einsicht die hohe Polizeidirektion doch fähig
731 2814 1834 2888 ist, wenn es sich um die „christliche Jugend“ handelt!
728 2861 1833 2945 Man erinnere sich nur, wie sich derselbe Herr Schober
729 2912 1829 2996 bei anderen Gelegenheiten aufgeführt hat! Bei jener
736 2958 1827 3039 Bürgerratsversammlung zum Beispiel, deren provo¬
729 3010 1820 3083 katorische Ankündigung in der Wiener Arbeiterschaft,
720 3058 1831 3126 also wirklich in einem „Großteil der Wiener Bevöl¬
717 3106 1831 3175 kerung“, „Mißstimmung hervorgerufen“ hat! Damals
722 3151 1828 3228 hat Herr Schober nicht die Versammlung verboten,
727 3204 1821 3280 damit nicht ein „elementarer Ausdruck“ jener Miß¬
727 3249 1829 3322 stimmung die „öffentliche Ruhe und Ordnung“ störe;
726 3306 1828 3377 er hat vielmehr gegen den „Großteil der Wiener Be¬
728 3350 1833 3433 völkerung“ ein ganzes Heer aufgeboten, um die
727 3390 1829 3470 Sicherheit der versammelten Schieber und Aus¬
717 3439 1826 3520 beuter gegen jeden „elementaren Ausdruck“ zu
714 3489 1819 3569 schützen! Herr Schober weiß eben zwischen der „christ¬
720 3542 1824 3617 lichen Jugend“ und dem notigen Arbeiterpack zu
708 3582 1819 3651 unterscheiden. Denmächst wird er sich uns wieder als
715 3634 1821 3716 „unparteiischer Beamter“ vorstellen wollen. Er wird
711 3698 1824 3768 niemanden mehr täuschen. Er ist als würdig erkannt,
704 3725 1621 3807 der Nachfolger des Herrn Glanz zu werden.
821 3782 1816 3865 Uns aber kann die Lehre, die Kirche und Staat
714 3826 1838 3928 auf diese Weise dem Völke geben, schließlich recht sein.
