3336 4320
276 172 778 275 11. Reigen
973 172 1358 262 box 18/1
808 810 1625 966 Klose & Seidel
836 964 1619 1052 Bureau für Zeitungsausschnitte
827 1035 1600 1111 Berlir NO. 43, Georgenkirchplatz 21
1085 1224 1300 1315 ossise
798 1251 994 1346 Zeitung.
804 1317 1314 1470 on Berlin
793 1466 1017 1554 Datum: —
745 1657 1878 1804 „Reigen“ mit Hindernissen.
1004 1776 1673 1859 Kleines Schauspielhaus.
793 1846 1913 1931 Der Bothang teilt sich. Gertrud Eysoldt, die Direktorin, tritt
744 1915 1829 1962 in schöner menschlicher Erregung zu einer Ansprache heraus.
791 1953 1919 2020 Ihr Hauswirt, mit Vor= und Zunamen: Hochschule für Musik,
760 2008 1923 2062 wende auf Arthur Schnitzlers „Reigen“ den Paragraphen
751 2045 1919 2106 des Mietvertrages an, der unzüchtige Stücke verbiete. So sei drei
762 2091 1912 2147 Stunden vor der Aufführung eine Verfügung gekommen: Verbot
753 2133 1923 2192 bei Androhung von sechs Wochen Haft für die Direktion Sladek¬
756 2182 1920 2242 Eysoldt. Wir spielen doch. Wir stehen für die Kunst und für
762 2223 1075 2281 Arthur Schnitzler.
792 2267 1911 2325 Hm. Es bedarf keiner Beteuerung. Ich bin gegen verkappte
754 2312 1919 2357 Zensur, gegen Theaterstörung im letzten Moment, gegen das Ein¬
764 2356 1907 2413 perren von Künstlerinnen. Aber Frau Eysoldt sagt es ja selbst,
757 2399 1910 2446 daß dieser Fall nicht entschieden werden kann, bevor der Vor¬
757 2437 1131 2501 hang hochgenegen sei.
776 2479 1906 2542 Schnitzlers Dialoge freilich bedürfen der Aufführung nicht, um
752 2540 1911 2593 populär zu werden. Wer sie, als Erwachsener, lesen darf, kennt
755 2580 1816 2636 sie längst und wer sie nicht lesen darf, kennt sie erst recht.
1823 2582 1917 2637 Ihre
752 2623 1904 2674 Paare, mit wechselnden Partnern, werfen sich den Ball zu. Wenn
749 2667 1906 2717 er von der Straßendirne Leokadia zur Straßendirne Leokadia zu¬
752 2712 1905 2764 rückgekehrt ist, so haben sich Welt, Halbwelt, Kleinbürgertum, so
745 2752 1898 2809 haben sich Naivität, Blasiertheit. Pose, Eitelkeit, bewußte und un¬
747 2796 1900 2844 bewußte Gefühlslüge im Reigen gedreht. Immer nur ein Paar.
753 2834 1904 2886 Stets vor, in und nach jener Situation, die sich selbst im zensur¬
751 2883 1910 2942 losen Freistaat nicht auf der Bühne zeigt. Gedankenstriche, so
747 2925 1413 2973 drückt jeder Dialog seine Pointe aus.
793 2964 1908 3018 Sollen diese Dialoge, an Glanz und Witz ohne Plumpheit ein
746 3014 1905 3065 beneidetes Besitztum der deutschen Literatur, auf die Bühne
750 3060 1893 3107 kommen? Ich halte mich an den einzig maßgebenden Zensor
752 3105 1905 3162 nämlich an Arthur Schnitzler selbst. Fünfundzwanzig Jahre lang
750 3146 1894 3206 hat er mit scharfen Perwahrungen jede Aufführung seines
741 3185 1093 3243 „Reigen“ verboten.
797 3230 1909 3292 Wenn er selbst jetzt seinen Spruch umstößt, so hat er
747 3278 1897 3329 der Bühne eine schwere Verantwortung aufgeladen. Denn den
752 3326 1902 3375 Glanz und den Witz seines Dialogs zu treffen, und die Schlingen
746 3364 1906 3421 der Plumpheit zu vermeiden, das ist die delikateste Aufgabe für
752 3413 1898 3464 ein intimes Theater. Nur eine Bühne, die sich dazu berufen fühlt,
748 3449 1314 3499 darf das Waanis unternehmen.
780 3488 1895 3538 Das Kleine Schauspielhaus ist diese Bühne nicht. Niemand
755 3532 1907 3595 wird, so höre ich einen weihnachtlichen Friedensengel flöten, nie¬
746 3583 1896 3631 mand wird so grausam sein, mit der Haftitrafe Ernst zu machen.
738 3622 1905 3682 So brauchen wir alle also nicht die Dezenz der Aufführung zu
1967 1651 3136 1724 bezeugen. Sie ging bis über die Grenze der Illusion hinaus.
1968 1697 3130 1756 Denn Schnitzlers Gedankenstriche übersetzte der Regisseur Hubert
1978 1742 3024 1795 Rensch in einen grünen Florvorhang, der bei sanfter
3023 1754 3138 1814 Musik
1972 1787 3011 1848 für wenige Sekunden über den Paaren zusammenschlug.
3010 1800 3123 1852 Ein
1968 1833 3129 1899 Augenblick, gelcht im Paradiese, so konnten sie, mit der Uht in
1969 1874 3123 1941 der Hand, konstatieren, wenn sie, aufs ehrbarste angezogen, wieder
1971 1920 3121 1977 zum Vorschein kamen. Mit dem Polizeiblick läßt sich also nichts
1976 1953 2584 2016 an der Direktion Sladek aussetzen.
2011 2001 3122 2073 Der Kunst aber und dem Dichter geschah mit dieser Aufführung
1966 2043 3114 2119 kein Gefallen. Das Leben ein Spiel, so heißt Schnitzlers Devise,
1973 2088 3118 2146 und ein Spiel ist ihm auch das Erotische. Wir aber haben in¬
1969 2132 3115 2201 zwischen in Wedekinds und Strindbergs Werk das Stöhnen aus
1969 2177 3119 2251 den Tiefen vernommen und so will Witz und Glanz des Worts
1966 2213 2160 2269 verbleichen.
1998 2262 3111 2330 Zudem bestätigte es sich auf der Bühne, daß diese Dialoge
1969 2305 3116 2372 nicht etwa für das Theater gedacht sind. Was beim Lesen der
1967 2347 3108 2411 Reigen=Novelle auf der Zunge vergeht, versagt auf der Szene und
1961 2393 3111 2456 das faftige Wort zur saftigen Situation werden jene Kunstfreunde
1963 2435 3109 2495 schmerzlich vermissen, die Arthur Schnitzler von nun an als einen
1967 2473 2513 2535 konfiszierten Autor hochschätzen.
1988 2524 3104 2582 Vor allem aber sind die Dialoge nicht für ein Theater gedacht, das
1969 2564 3105 2634 solche Darstellerinnen zu Tänzerinnen im Reigen bestellt! Wenn
1968 2607 3108 2679 sie, im rosaroten Morgenkleid, die Arme ausstreckten, so war das
1960 2652 3112 2721 Niveau dieser Vorstellung klar: Folies Sladek! Für ihre Partner
1967 2690 3112 2762 hatten sich würdigere Kräfte gefunden, darunter die drei dichtenden
1960 2740 3103 2805 Schauspieler Kurt Götz, Karl Etlinger aus Wien und Robert
1958 2777 3099 2848 Forster=Larrinaga. Doch selbst Götz als junger Herr und
1963 2826 3097 2888 Forster Larrinaga als ein famoser Aristokrat konnten den Wider¬
1970 2870 3092 2931 tand ihrer Damen nicht überwinden. Solange in so fragwürdiger
1969 2909 3096 2969 Schauspielkunst das Glitzernde stumpf und das Graziöse platt
1960 2954 3101 3024 wird, so lange sollte der „Reigen“ nicht gewagt werden. Nicht
1962 3001 3098 3072 wegen eines Haftbefehls. Aber um der Kunst und um Schnitzlers
1960 3042 3102 3107 willen, für die ein Theater nun einmal wirksamer eintreten muß
1955 3086 2852 3151 als in Ansprachen vor und nach der Aufführung.
2707 3134 3081 3215 Monty Jacobs.
