3444 4320
990 149 1387 246 box 18/1
481 156 533 223 R
273 152 788 267 11. Bigen
540 425 1409 520 Nochmals Schüitzlers „Neigen“
413 485 1600 560 Man wird mir nicht zumuten, gegenüber dem Berliner Land¬
344 540 1598 600 gericht III und einigen Leuten des preußischen „Kuliusminiskeriums“
339 587 1604 635 den Dichter Arkhur Schnitzler gegen den Vorwurf der sogenannten Un¬
342 624 1608 670 züchtigkeit in Schuß zu nehmen. Die Frage ist vielmehr (sofern sie in
345 662 1609 714 Wahrheit nicht überhaupt lediglich eine geschäftspolttische isth so gestellt,
341 708 1602 756 ob der „Reigen“, dessen Bühnendarstellung bislang in Berlin und
340 744 1613 799 anderswo nicht möglich war, aufgeführt, unzüchtig“ wirken kann.
342 771 1614 829 Arthur Schnißler, den wir um seiner lieben, leisen Hände willen
339 826 1602 877 seit jeher lieben, hat vor mehr als zwanzig Jahren diese „zehn Dialoge
342 863 1614 916 geschrieben, deren jeder zwischen Frau und Mann geführt wird, und
342 904 1613 955 zwar so, daß eine Kelte der Personen sich bildet (die Birne und der
343 942 1611 993 Soldat — der Soldat und das Stubenmädchen — das Stubenmädchen
843 994 1614 1039 und so fork, bei der Diene wiederum andi¬
343 980 846 1041 und der junge Herr — —
340 1022 1607 1077 gend). In jeden Dialog aber fällt als Zensur das Begebnis ohne Worte,
345 1066 1618 1109 das im Buch daher durch Gedankenstriche sombolisierk wird. Der
345 1102 1606 1154 „Reigen' ist reich an Köstlichkeiten, jeder Pas beziehungsvoll noch den
347 1147 1603 1196 früheren oder schon einen folgenden spüren lassend, leicht und unker¬
343 1182 1614 1232 irdisch, in jenen inneren Beziehungen und Dichtermenschlichkeiten
411 1249 1608 1311 Die Aufführung des Berliner Kleinen Schauspielhauses,
345 1306 1528 1358 notwendig ohne Fütierungspause, hatte viel behuksame Anmut.
1532 1305 1615 1364 Vor
340 1338 1605 1389 allem erzwang Ernst Sterns süßer, unaufdringlich spiekerischer De¬
341 1379 1609 1434 korationsrahmen die Stimmung. Mimisch wurde einiges verdickt (wie
341 1419 1606 1470 mir schien, auch die Darstellung des „süßen Mädels'); doch zeigken
333 1465 1616 1524 Bera Skidelsky, Karl Etlinger (der leichtfingrige Bearbeiker
333 1501 915 1561 des „Perikles von Tyrus'),
924 1505 1602 1568 Robert Forstec=Lerrinago
338 1541 1195 1606 Kurt Göß angenehmes Einfühlungsvermögen.
420 1567 1610 1628 Es besteht nun kaum ein Zweifel, daß das Kulkusmnisterium von
337 1621 1614 1672 dem Vorwurfe nicht freigesprochen werden kann, zu der Verbreltung der
332 1663 1447 1735 vorliegenden „Unzüchligkeit' wesentlich beigekragen zu haben.
1192 1690 1547 1774 Erwin, Reiche.
413 1759 1606 1829 Münchener Uraufführung. Vor Jahr und Tag übernahm der
338 1872 1614 1916 Uniontheater in der Barerstraße, um aus dieser Schwankbühne ein
342 1907 1617 1962 Musenkempelchen werden zu lassen. Man spielte Goethe, Shakespeare
332 1954 1614 2004 und die Modernen.... Das ist die Tragik des Idealisten im heutigen
331 1996 1625 2068 Theaterbetriebe: Die schönen Pläne Gustav Freytags des Jüngeren
1406 2054 1474 2156 2
848 2097 1383 2226 Leipriger Tuchlatt,
1471 2133 1576 2242 2
1014 2185 1206 2287 Lehi
402 2472 1365 2585 eine 250.000 K.=Spende Weingariners für
639 2554 1113 2648 die Philharmoniker.
498 2606 1363 2686 Wie wir hören, hat Frau Lucile Wein¬
427 2676 1362 2730 artner=Marcell im Auftrage ihres von Wien
416 2709 1355 2772 lbwesenden Gatten Direktors Felix Weingariner den
399 2753 1357 2811 Philharmonikern einen Betrag von zwei¬
406 2805 1362 2870 hundertfünfzigtausend Kronen
406 2853 584 2924 übergeben.
396 2913 1359 3000 Das, Verbol des „Reigen“ zurückgezogen.
511 2985 1353 3042 Berlin, 24. Dezember. (Privat=Depessche.)
405 3021 1365 3093 Der gerichtliche Einspruch=gegen die Auf¬
404 3075 1360 3151 führung von Schnitzlers „Reigen“ ist, wie das
418 3117 1365 3186 „Berliner Tageblatt““ höft, zurückgezogen
416 3161 1371 3225 worden. Die Direktion darf das Werk also weiter
407 3204 1365 3277 aufführen, ohne von der Gefängnishaft bedroht
408 3264 540 3331 zu sein.
531 3266 1364 3353 Es wird jetzt bekannt, daß der Kultusminister
422 3334 1371 3396 Haenisch, der bis gestern verreist war, mit dem
415 3380 1367 3446 Vorfall nichts zu tun hat. Scheinbar liegt ein Ueber¬
427 3417 1370 3486 griff subalterner Elemenis vor.
419 3457 1377 3528 Doppelt erschwerend spricht der Umstand, daß die in
425 3510 1379 3574 Frage stehenden Beamten des Kuliusministeriums zur
1432 3530 1477 3589 850
418 3551 1378 3620 Generalprobe eingeladen worden waren, sich aber fern
416 3611 695 3685 gehalten hatten.
546 3622 1380 3702 Erst jetzt nach der Première begründen sie die
419 3682 1373 3751 Zmückziehung des Einspruches damit, daß die Auf¬
424 3727 1392 3793 führung die vorher gehegten Befürchtungen ent¬
418 3780 732 3862 kräftet habe.
2143 1574 2560 1669 Bureau für Zeitur
2773 1588 2882 1664 nitte
2146 1639 2886 1736 Berlin HO. 43, George Kirchplatz 21
2091 1848 2506 1942 Zeitung: Berlin.
2680 1870 2816 1949 MWeG
2094 1954 2204 2031 Ort:
2096 2061 2297 2158 Datum:
2158 2345 3012 2434 +Der Einspruch gegen den „Reigen“ ist.
2117 2368 2996 2474 kei#tswegs zurückgezogen worden.— Bietmehr wird
2109 2410 2997 2511 diesauf Veranlassung des Kultusministeriums vom
2104 2454 3023 2558 Prässdium der Hochschule erhobene Einspruchsklage
2109 2487 2537 2554 ihren Fortgang nehmen.
