3392 4256
276 82 780 199 11. Reigen
984 80 1391 178 box 18/1
1535 899 1791 990 Die Zukunft
1017 896 1103 970 144
1015 956 2316 1062 sitze, vermiethet, ihren Schülern (denen sie nicht, wie das
1019 1051 2312 1128 Urtheil willkürlich behauptet, Theaterbesuch verbieten kann)
1007 1102 2314 1183 billigeren Eintrittspreis zugesichert, den Miether aber ver¬
1008 1177 2314 1234 pflichtet, kein Stück aufzuführen, das „in sittlicher Hinsicht
1001 1223 2306 1283 Anstoß erregt“. Der Miethvertrag zieht den Kreis des Dar¬
1008 1287 2315 1355 zustellenden also noch viel enger als das Strafgesetz; und dall
1014 1346 2320 1403 dieser Vertrag gebrochen wird, wenn allabendlich, gar vorvier¬
1005 1417 2312 1484 zehnjährigen Musikschülern, in jedem von zehn Bildern „zwei
1011 1464 2313 1530 Personen je zweimal und jedesmal mit einer neu auftreten¬
1007 1517 2321 1590 den Person die geschlechtliche Vereinigung vollziehen“, wäre
1005 1588 2314 1658 auch ohne die Gutachten Sachverständigernirgends bezweifelt
1016 1637 2321 1709 worden. In Berlin III wirds geleugnet. Die drei Richter haben
1011 1699 2316 1773 nach der Vorlesung des Buches, dessen Werth sie, als dieser
1015 1754 2315 1817 uralten Literaturgattung wohl Unkundige, thurmhoch über¬
1006 1808 2314 1885 schätzen, die Darstellung verboten, nach zweimaliger Selbst¬
1008 1877 2315 1941 schau sie aber erlaubt: der eigenen Urtheilsfähigkeit also ein
1008 1931 2305 1992 schlechtes Zeugniß ausgestellt. Ihrem Ethos aber leuchtet im
1020 2000 2313 2067 Theater die herrlichste Weihestunde. Die Celesta.  limmels¬
1006 2063 2318 2131 stimme, ertönt, auch, wie in „erstklassigen“ Bordells, Geige
1011 2129 2312 2185 und Flöte: und die nah an Gottheit Gehobenen nehmen
1008 2170 2315 2245 neun Seelenbäder in (bis in den Urtheilstag unbekannter,
1004 2231 2306 2295 noch heute nur diesen Richtern vorstellbarer) „Musik, die
1008 2286 2312 2365 sich an keine Kunstform anlehnt“, aber, „zu Andeutung der
1011 2344 2312 2421 sich vollziehenden geschlechtlichen Vereinigung, mit eroti¬
1009 2403 2316 2469 schen Phrasen die Stimmung festhält“. Daß den Bann der
1010 2466 2311 2529 Pflicht, den lockeren Bettkram ins Hieratische zu steifen,
1009 2523 2312 2600 den fetten Sexualschmarrn in Weihrauch zu wälzen, drei
1009 2577 2310 2667 Spieler brachen und „in den Zuschauerraum hinein lachten“
1008 2643 2312 2705 erweist den drei arglosen Juristen nur „den hohen Stand
1011 2699 2311 2771 der Aufführung, deren Wirkung dadurch kein Abbruch ge¬
1016 2767 2313 2842 schah“. Daß sie den Dr. med. Schnitzler, Schnitzler der
1005 2822 2314 2874 Anatole-Gespräche und vieler ähnlichen Erotica, für einen
1006 2873 2315 2941 Kapuziner und Moralpfaffen halten, dessen keusches Herz
1015 2936 2312 2996 vor „körperlicher Vereinigung ohne innigste seelische Gemein¬
1005 3013 2314 3075 schaft“ Ekel krampft: Dieses „wirkt erschütternd, weil es
1007 3055 2316 3112 auf richtiger Beobachtung beruht“ Und außer dem in der
1009 3110 2309 3178 Mönchszellenluft des kanonischen Rechtes lebenden Liebelei¬
1011 3169 2304 3233 dichter lehrt das hoch über Salomons ragende Urtheil uns
1007 3234 2314 3301 noch die Merkmale sittlichen Handelns klar erkennen. Denn
