<?xml version="1.0" encoding="UTF-8" standalone="yes"?>
<PcGts xmlns="http://schema.primaresearch.org/PAGE/gts/pagecontent/2013-07-15" xmlns:xsi="http://www.w3.org/2001/XMLSchema-instance" xsi:schemaLocation="http://schema.primaresearch.org/PAGE/gts/pagecontent/2013-07-15 http://schema.primaresearch.org/PAGE/gts/pagecontent/2013-07-15/pagecontent.xsd">
    <Metadata>
        <Creator>prov=University of Rostock/Institute of Mathematics/CITlab/Gundram Leifert/gundram.leifert@uni-rostock.de:name=ONB_Newseye_GT_M1+(htr_id=10810)::::v=2.4.3
prov=University of Rostock/Institute of Mathematics/CITlab/Tobias Gruening/tobias.gruening@uni-rostock.de:name=de.uros.citlab.module.baseline2polygon.B2PSeamMultiOriented:v=2.4.3
prov=University of Rostock/Institute of Mathematics/CITlab/Tobias Gruening/tobias.gruening@uni-rostock.de:name=/net_tf/LA73_249_0mod360.pb:de.uros.citlab.segmentation.CITlab_LA_ML:v=2.4.3
Transkribus</Creator>
        <Created>2019-10-07T11:39:38.242+02:00</Created>
        <LastChange>2019-12-04T19:44:47.163+01:00</LastChange>
        <TranskribusMetadata docId="223982" pageId="9503845" pageNr="564" tsid="20411147" status="IN_PROGRESS" userId="40391" imgUrl="https://files.transkribus.eu/Get?id=PLJRXKRUJUPYFNSSIARSQHGY&amp;fileType=view" xmlUrl="https://files.transkribus.eu/Get?id=WWSLMCQJBNPMPBCAHDCLQRUK" imageId="6194059"/>
    </Metadata>
    <Page imageFilename="223982_0564.jpeg" imageWidth="3444" imageHeight="4416">
        <ReadingOrder>
            <OrderedGroup id="ro_1711448521011" caption="Regions reading order">
                <RegionRefIndexed index="0" regionRef="r1"/>
                <RegionRefIndexed index="1" regionRef="r2"/>
                <RegionRefIndexed index="2" regionRef="r3"/>
            </OrderedGroup>
        </ReadingOrder>
        <TextRegion orientation="0.0" id="r1" custom="readingOrder {index:0;}">
            <Coords points="376,244 376,406 858,406 858,244"/>
            <TextLine id="r1l1" custom="readingOrder {index:0;}">
                <Coords points="368,359 485,360 523,340 569,370 638,379 722,361 808,386 865,380 867,284 709,299 680,283 642,299 579,282 490,317 443,284 370,289"/>
                <Baseline points="376,344 401,344 426,344 452,344 477,344 502,345 528,346 553,347 578,347 604,348 629,349 655,350 680,351 705,352 731,353 756,354 781,354 807,355 832,355 858,356"/>
                <TextEquiv>
                    <Unicode>11. Reigen</Unicode>
                </TextEquiv>
            </TextLine>
            <TextEquiv>
                <Unicode>11. Reigen</Unicode>
            </TextEquiv>
        </TextRegion>
        <TextRegion orientation="0.0" id="r2" custom="readingOrder {index:1;}">
            <Coords points="1068,234 1068,388 1466,388 1466,234"/>
            <TextLine id="r2l1" custom="readingOrder {index:0;}">
                <Coords points="1060,337 1109,350 1269,335 1379,365 1474,336 1474,269 1280,282 1248,300 1060,285"/>
                <Baseline points="1068,334 1094,336 1121,337 1147,338 1174,338 1200,338 1227,338 1253,338 1280,337 1306,337 1333,336 1359,336 1386,335 1412,335 1439,335 1466,336"/>
                <TextEquiv>
                    <Unicode>box 17/6</Unicode>
                </TextEquiv>
            </TextLine>
            <TextEquiv>
                <Unicode>box 17/6</Unicode>
            </TextEquiv>
        </TextRegion>
        <TextRegion orientation="0.0" id="r3" custom="readingOrder {index:2;}">
            <Coords points="1955,632 1955,4277 3164,4277 3164,632"/>
            <TextLine id="r3l1" custom="readingOrder {index:0;}">
                <Coords points="2642,668 2677,675 2740,664 2822,677 2852,666 2853,618 2801,623 2794,615 2755,626 2716,611 2707,614 2696,604 2685,610 2644,607"/>
                <Baseline points="2649,657 2677,656 2705,657 2733,657 2761,659 2789,660 2817,661 2845,662"/>
                <TextEquiv>
                    <Unicode>Sonntag</Unicode>
                </TextEquiv>
            </TextLine>
            <TextLine id="r3l2" custom="readingOrder {index:1;}">
                <Coords points="2041,677 2072,680 2090,667 2102,676 2133,669 2152,675 2166,663 2219,670 2219,600 2203,601 2174,621 2146,618 2116,603 2101,605 2092,596 2069,607 2040,608"/>
                <Baseline points="2048,659 2075,660 2102,659 2130,658 2157,657 2184,658 2212,661"/>
                <TextEquiv>
                    <Unicode>Seite 6</Unicode>
                </TextEquiv>
            </TextLine>
            <TextLine id="r3l3" custom="readingOrder {index:2;}">
                <Coords points="1957,748 3150,745 3150,703 3050,695 1957,698"/>
                <Baseline points="1964,735 2022,735 2081,736 2140,736 2199,736 2258,735 2317,735 2376,735 2435,735 2494,735 2553,735 2611,735 2670,735 2729,735 2788,735 2847,735 2906,735 2965,736 3024,736 3083,737 3142,737"/>
                <TextEquiv>
                    <Unicode>Aus der „Reigen"aufführung war also eine Streitfrage</Unicode>
                </TextEquiv>
            </TextLine>
            <TextLine id="r3l4" custom="readingOrder {index:3;}">
                <Coords points="1949,793 2918,782 3098,816 3153,812 3154,744 1949,756"/>
                <Baseline points="1956,786 2015,785 2075,784 2134,783 2194,783 2253,783 2313,782 2372,783 2432,783 2491,783 2551,784 2610,784 2670,785 2729,785 2789,786 2848,786 2908,787 2967,787 3027,787 3086,787 3146,787"/>
                <TextEquiv>
                    <Unicode>um die in der Bundesverfassung festgelegte Kompetenz</Unicode>
                </TextEquiv>
            </TextLine>
            <TextLine id="r3l5" custom="readingOrder {index:4;}">
                <Coords points="1947,854 2726,842 2726,805 2628,791 1947,805"/>
                <Baseline points="1955,836 1993,835 2031,834 2069,833 2107,832 2146,832 2184,832 2222,832 2260,832 2298,832 2337,832 2375,832 2413,832 2451,833 2489,833 2528,833 2566,833 2604,833 2642,832 2680,832 2719,831"/>
                <TextEquiv>
                    <Unicode>zwischen Bund und Land geworden.</Unicode>
                </TextEquiv>
            </TextLine>
            <TextLine id="r3l6" custom="readingOrder {index:5;}">
                <Coords points="2035,890 3062,902 3147,881 3147,839 2035,845"/>
                <Baseline points="2042,882 2096,882 2151,882 2206,881 2261,881 2316,882 2371,882 2426,882 2481,882 2536,882 2591,882 2645,882 2700,882 2755,882 2810,882 2865,882 2920,882 2975,882 3030,882 3085,882 3140,882"/>
                <TextEquiv>
                    <Unicode>Ihren weiteren würdigen Fortgang nahm die Angele¬</Unicode>
                </TextEquiv>
            </TextLine>
            <TextLine id="r3l7" custom="readingOrder {index:6;}">
                <Coords points="1951,943 3153,941 3114,892 1951,897"/>
                <Baseline points="1959,933 2018,933 2077,933 2136,932 2196,932 2255,932 2314,932 2374,932 2433,932 2492,932 2552,932 2611,932 2670,932 2729,932 2789,932 2848,932 2907,932 2967,931 3026,931 3085,931 3145,931"/>
                <TextEquiv>
                    <Unicode>genheit in der gestrigen Sitzung der Nationalversamm¬</Unicode>
                </TextEquiv>
            </TextLine>
            <TextLine id="r3l8" custom="readingOrder {index:7;}">
                <Coords points="1954,1006 1998,1000 2011,1005 2020,998 2036,1000 2053,991 2068,993 2070,956 2055,958 2045,950 2040,953 2016,950 2008,941 1991,951 1976,945 1957,945"/>
                <Baseline points="1963,984 1995,982 2028,984 2061,988"/>
                <TextEquiv>
                    <Unicode>lung.</Unicode>
                </TextEquiv>
            </TextLine>
            <TextLine id="r3l9" custom="readingOrder {index:8;}">
                <Coords points="2036,1044 3111,1044 3144,985 2036,996"/>
                <Baseline points="2044,1030 2098,1030 2153,1030 2207,1030 2262,1030 2317,1030 2371,1029 2426,1029 2480,1029 2535,1029 2590,1029 2644,1029 2699,1029 2753,1029 2808,1028 2863,1028 2917,1028 2972,1028 3026,1028 3081,1027 3136,1027"/>
                <TextEquiv>
                    <Unicode>Schon während des Verlaufes deutete eine gewisse Un¬</Unicode>
                </TextEquiv>
            </TextLine>
            <TextLine id="r3l10" custom="readingOrder {index:9;}">
                <Coords points="1962,1089 3075,1097 3142,1087 3142,1040 1961,1047"/>
                <Baseline points="1969,1080 2027,1080 2085,1080 2143,1080 2202,1080 2260,1080 2318,1080 2376,1080 2435,1080 2493,1080 2551,1079 2609,1079 2668,1079 2726,1079 2784,1079 2842,1079 2901,1079 2959,1078 3017,1078 3075,1078 3134,1077"/>
                <TextEquiv>
                    <Unicode>ruhe auf dem sozialdemokratischen Flügel an, daß hier</Unicode>
                </TextEquiv>
            </TextLine>
            <TextLine id="r3l11" custom="readingOrder {index:10;}">
                <Coords points="1960,1140 3140,1134 3140,1098 3040,1083 1960,1088"/>
                <Baseline points="1967,1129 2025,1128 2083,1128 2141,1128 2200,1128 2258,1127 2316,1128 2375,1128 2433,1128 2491,1128 2550,1128 2608,1128 2666,1128 2724,1128 2783,1128 2841,1127 2899,1126 2958,1126 3016,1125 3074,1124 3133,1122"/>
                <TextEquiv>
                    <Unicode>irgend etwas in aller Eile inszeniert wurde, indem Unter¬</Unicode>
                </TextEquiv>
            </TextLine>
            <TextLine id="r3l12" custom="readingOrder {index:11;}">
                <Coords points="1965,1196 3137,1188 3147,1131 2709,1130 2666,1165 1965,1138"/>
                <Baseline points="1972,1180 2030,1179 2088,1179 2147,1178 2205,1178 2264,1178 2322,1178 2380,1178 2439,1177 2497,1177 2556,1177 2614,1177 2672,1177 2731,1177 2789,1176 2848,1176 2906,1176 2964,1175 3023,1174 3081,1173 3140,1172"/>
                <TextEquiv>
                    <Unicode>schriften gesammelt wurden usw.. Nach Schluß der Sit¬</Unicode>
                </TextEquiv>
            </TextLine>
            <TextLine id="r3l13" custom="readingOrder {index:12;}">
                <Coords points="1955,1246 3087,1246 3145,1234 3145,1190 1955,1193"/>
                <Baseline points="1963,1227 2021,1227 2080,1227 2139,1226 2197,1226 2256,1226 2315,1226 2373,1226 2432,1226 2491,1226 2550,1226 2608,1226 2667,1225 2726,1225 2784,1225 2843,1225 2902,1225 2960,1225 3019,1225 3078,1225 3137,1225"/>
                <TextEquiv>
                    <Unicode>zung brachte NR. Leuthner die oben gebrachte dring¬</Unicode>
                </TextEquiv>
            </TextLine>
            <TextLine id="r3l14" custom="readingOrder {index:13;}">
                <Coords points="1953,1283 2193,1291 2236,1276 2304,1287 2322,1281 2322,1240 2151,1245 2076,1227 2045,1247 1987,1235 1953,1248"/>
                <Baseline points="1961,1276 1986,1276 2011,1276 2036,1275 2062,1275 2087,1275 2112,1274 2138,1274 2163,1274 2188,1274 2213,1274 2239,1274 2264,1275 2289,1275 2315,1276"/>
                <TextEquiv>
                    <Unicode>liche Anfrage ein.</Unicode>
                </TextEquiv>
            </TextLine>
            <TextLine id="r3l15" custom="readingOrder {index:14;}">
                <Coords points="2025,1333 3137,1337 3149,1276 3036,1248 2878,1291 2025,1292"/>
                <Baseline points="2033,1323 2088,1322 2143,1322 2199,1322 2254,1321 2310,1321 2365,1321 2420,1321 2476,1321 2531,1321 2587,1322 2642,1322 2697,1322 2753,1322 2808,1322 2864,1322 2919,1321 2974,1321 3030,1320 3085,1320 3141,1318"/>
                <TextEquiv>
                    <Unicode>Ueber den Verlauf der nun einsetzenden Debatte</Unicode>
                </TextEquiv>
            </TextLine>
            <TextLine id="r3l16" custom="readingOrder {index:15;}">
                <Coords points="1965,1382 3154,1385 3154,1339 3032,1324 1965,1330"/>
                <Baseline points="1972,1372 2030,1371 2089,1370 2148,1370 2207,1370 2265,1370 2324,1369 2383,1369 2442,1369 2500,1370 2559,1370 2618,1370 2677,1370 2735,1370 2794,1370 2853,1370 2912,1369 2970,1369 3029,1368 3088,1368 3147,1367"/>
                <TextEquiv>
                    <Unicode>können wir den Bericht des Korrespondenzbüros nach den</Unicode>
                </TextEquiv>
            </TextLine>
            <TextLine id="r3l17" custom="readingOrder {index:16;}">
                <Coords points="1957,1432 3148,1439 3148,1383 3101,1376 1957,1383"/>
                <Baseline points="1965,1421 2023,1420 2082,1420 2141,1420 2200,1420 2259,1419 2317,1419 2376,1419 2435,1419 2494,1419 2553,1419 2611,1419 2670,1419 2729,1419 2788,1419 2847,1419 2905,1419 2964,1418 3023,1418 3082,1418 3141,1418"/>
                <TextEquiv>
                    <Unicode>Aussagen eines Augen= und Ohrenzeugen ausführlicher er¬</Unicode>
                </TextEquiv>
            </TextLine>
            <TextLine id="r3l18" custom="readingOrder {index:17;}">
                <Coords points="1957,1491 1986,1488 1993,1493 2011,1480 2123,1480 2122,1442 2095,1441 2073,1430 2060,1439 2042,1431 2035,1439 2027,1434 2020,1438 1999,1428 1954,1433"/>
                <Baseline points="1963,1479 1988,1475 2013,1473 2039,1473 2064,1472 2089,1472 2115,1470"/>
                <TextEquiv>
                    <Unicode>gänzen.</Unicode>
                </TextEquiv>
            </TextLine>
            <TextLine id="r3l19" custom="readingOrder {index:18;}">
                <Coords points="2028,1522 3040,1536 3159,1512 3159,1452 2028,1487"/>
                <Baseline points="2035,1520 2090,1519 2146,1518 2202,1517 2258,1517 2314,1516 2370,1516 2425,1516 2481,1516 2537,1516 2593,1516 2649,1517 2705,1517 2761,1517 2816,1517 2872,1516 2928,1516 2984,1515 3040,1514 3096,1512 3152,1511"/>
                <TextEquiv>
                    <Unicode>Die Art, wie NR. Leuthner, der zum Platzen er¬</Unicode>
                </TextEquiv>
            </TextLine>
            <TextLine id="r3l20" custom="readingOrder {index:19;}">
                <Coords points="1965,1588 3113,1582 3150,1531 1964,1515"/>
                <Baseline points="1972,1571 2030,1570 2089,1568 2147,1567 2206,1567 2264,1566 2323,1566 2381,1565 2440,1565 2498,1565 2557,1565 2616,1565 2674,1565 2733,1564 2791,1564 2850,1564 2908,1564 2967,1563 3025,1562 3084,1561 3143,1560"/>
                <TextEquiv>
                    <Unicode>regt erschien, seine Anfrage einbrachte, war, wie man es</Unicode>
                </TextEquiv>
            </TextLine>
            <TextLine id="r3l21" custom="readingOrder {index:20;}">
                <Coords points="1962,1636 3155,1625 3154,1573 1962,1589"/>
                <Baseline points="1969,1619 2027,1618 2086,1617 2145,1617 2204,1616 2263,1615 2322,1615 2381,1615 2440,1615 2499,1614 2558,1614 2616,1614 2675,1614 2734,1614 2793,1613 2852,1613 2911,1612 2970,1612 3029,1611 3088,1610 3147,1609"/>
                <TextEquiv>
                    <Unicode>an ihm gewohnt ist: äußerst heftig, um nicht zu sagen</Unicode>
                </TextEquiv>
            </TextLine>
            <TextLine id="r3l22" custom="readingOrder {index:21;}">
                <Coords points="1967,1675 2826,1687 3136,1674 3162,1628 1967,1635"/>
                <Baseline points="1975,1668 2034,1667 2093,1666 2152,1665 2211,1665 2270,1665 2329,1664 2388,1664 2447,1664 2506,1664 2565,1664 2624,1664 2683,1664 2742,1663 2801,1663 2860,1662 2919,1661 2978,1660 3037,1659 3096,1657 3155,1656"/>
                <TextEquiv>
                    <Unicode>radikal. Sehr vornehm und ruhig hingegen wirkte die Er¬</Unicode>
                </TextEquiv>
            </TextLine>
            <TextLine id="r3l23" custom="readingOrder {index:22;}">
                <Coords points="1957,1719 3015,1733 3147,1716 3147,1671 1957,1687"/>
                <Baseline points="1965,1715 2023,1715 2082,1714 2141,1714 2199,1713 2258,1713 2317,1713 2375,1713 2434,1713 2493,1713 2552,1713 2610,1713 2669,1713 2728,1713 2786,1712 2845,1712 2904,1711 2962,1710 3021,1709 3080,1708 3139,1706"/>
                <TextEquiv>
                    <Unicode>widerung des Bundesministers Glanz, der trotz der</Unicode>
                </TextEquiv>
            </TextLine>
            <TextLine id="r3l24" custom="readingOrder {index:23;}">
                <Coords points="1964,1771 3139,1779 3149,1715 1964,1736"/>
                <Baseline points="1971,1765 2029,1764 2088,1763 2146,1763 2205,1762 2263,1762 2322,1762 2380,1762 2439,1762 2497,1762 2556,1762 2614,1761 2673,1761 2731,1761 2790,1760 2848,1760 2907,1759 2965,1758 3024,1756 3082,1755 3141,1753"/>
                <TextEquiv>
                    <Unicode>ausbrechenden, tumultarischen Vorgänge in keiner Weise</Unicode>
                </TextEquiv>
            </TextLine>
            <TextLine id="r3l25" custom="readingOrder {index:24;}">
                <Coords points="1963,1821 3150,1819 3150,1778 3078,1763 1963,1778"/>
                <Baseline points="1971,1813 2029,1813 2088,1813 2146,1812 2205,1812 2264,1812 2322,1812 2381,1811 2439,1811 2498,1811 2557,1810 2615,1810 2674,1809 2732,1809 2791,1808 2850,1808 2908,1807 2967,1806 3025,1805 3084,1804 3143,1803"/>
                <TextEquiv>
                    <Unicode>vom Tone ruhiger Sachlichkeit abwich. Als er seine Rede</Unicode>
                </TextEquiv>
            </TextLine>
            <TextLine id="r3l26" custom="readingOrder {index:25;}">
                <Coords points="1962,1877 3071,1873 3157,1864 3157,1818 1961,1830"/>
                <Baseline points="1969,1862 2028,1861 2087,1861 2146,1861 2205,1861 2264,1861 2323,1860 2382,1860 2441,1860 2500,1860 2559,1860 2618,1859 2677,1859 2736,1858 2795,1858 2854,1857 2913,1856 2972,1855 3031,1854 3090,1852 3149,1851"/>
                <TextEquiv>
                    <Unicode>mit den Worten schloß, daß alle anständigen Menschen</Unicode>
                </TextEquiv>
            </TextLine>
            <TextLine id="r3l27" custom="readingOrder {index:26;}">
                <Coords points="1970,1926 3146,1907 3145,1860 1969,1874"/>
                <Baseline points="1977,1912 2035,1911 2093,1910 2151,1910 2209,1909 2267,1908 2325,1908 2383,1908 2441,1908 2499,1907 2558,1907 2616,1907 2674,1907 2732,1907 2790,1906 2848,1906 2906,1905 2964,1904 3022,1903 3080,1903 3139,1901"/>
                <TextEquiv>
                    <Unicode>sein Urteil über diese Veranstaltung teilen würden, brack</Unicode>
                </TextEquiv>
            </TextLine>
            <TextLine id="r3l28" custom="readingOrder {index:27;}">
                <Coords points="1970,1968 3005,1975 3149,1966 3149,1920 1970,1926"/>
                <Baseline points="1978,1962 2036,1961 2094,1960 2152,1959 2210,1959 2269,1958 2327,1958 2385,1957 2443,1957 2501,1957 2560,1957 2618,1957 2676,1956 2734,1956 2792,1956 2851,1955 2909,1955 2967,1953 3025,1953 3083,1951 3142,1950"/>
                <TextEquiv>
                    <Unicode>der Sturm vollends aus. Die Sozialdemokraten, unter</Unicode>
                </TextEquiv>
            </TextLine>
            <TextLine id="r3l29" custom="readingOrder {index:28;}">
                <Coords points="1961,2025 3119,2021 3153,1967 1960,1967"/>
                <Baseline points="1968,2010 2026,2009 2085,2009 2144,2008 2203,2008 2262,2007 2321,2007 2379,2007 2438,2006 2497,2006 2556,2006 2615,2005 2674,2005 2733,2004 2791,2004 2850,2003 2909,2003 2968,2002 3027,2001 3086,2000 3145,1999"/>
                <TextEquiv>
                    <Unicode>ihnen besonders Witternigg (wie immer bei solchen</Unicode>
                </TextEquiv>
            </TextLine>
            <TextLine id="r3l30" custom="readingOrder {index:29;}">
                <Coords points="1971,2063 3055,2072 3162,2051 3162,2018 1971,2023"/>
                <Baseline points="1978,2058 2036,2058 2095,2057 2154,2057 2213,2056 2272,2056 2330,2056 2389,2055 2448,2055 2507,2055 2566,2054 2624,2054 2683,2053 2742,2053 2801,2052 2860,2052 2918,2051 2977,2051 3036,2050 3095,2049 3154,2048"/>
                <TextEquiv>
                    <Unicode>Gelegenheiten!) und Zelenka drängten stürmisch gegen den</Unicode>
                </TextEquiv>
            </TextLine>
            <TextLine id="r3l31" custom="readingOrder {index:30;}">
                <Coords points="1970,2118 3167,2105 3128,2051 1970,2064"/>
                <Baseline points="1977,2107 2036,2107 2095,2106 2154,2106 2213,2106 2272,2105 2331,2104 2390,2104 2449,2103 2508,2103 2568,2102 2627,2102 2686,2101 2745,2101 2804,2100 2863,2100 2922,2099 2981,2099 3040,2098 3099,2098 3159,2097"/>
                <TextEquiv>
                    <Unicode>Minister vor. Dieser befand sich in bedrohlichster Lage, da</Unicode>
                </TextEquiv>
            </TextLine>
            <TextLine id="r3l32" custom="readingOrder {index:31;}">
                <Coords points="1968,2165 3144,2166 3159,2111 1968,2121"/>
                <Baseline points="1975,2157 2033,2156 2092,2156 2151,2156 2210,2155 2269,2155 2327,2154 2386,2154 2445,2153 2504,2153 2563,2152 2621,2152 2680,2151 2739,2150 2798,2150 2857,2149 2915,2149 2974,2148 3033,2147 3092,2146 3151,2145"/>
                <TextEquiv>
                    <Unicode>er seinen Platz zu äußerst links hat, er somit in diesem</Unicode>
                </TextEquiv>
            </TextLine>
            <TextLine id="r3l33" custom="readingOrder {index:32;}">
                <Coords points="1964,2217 3067,2213 3155,2202 3155,2162 1964,2167"/>
                <Baseline points="1971,2205 2029,2204 2088,2204 2147,2203 2206,2203 2265,2202 2323,2202 2382,2202 2441,2201 2500,2201 2559,2201 2617,2200 2676,2200 2735,2199 2794,2199 2853,2198 2911,2197 2970,2196 3029,2195 3088,2194 3147,2193"/>
                <TextEquiv>
                    <Unicode>Augenblick den schieer bedrohten linken Flügel darstellte,</Unicode>
                </TextEquiv>
            </TextLine>
            <TextLine id="r3l34" custom="readingOrder {index:33;}">
                <Coords points="1973,2262 3119,2261 3150,2200 1972,2222"/>
                <Baseline points="1980,2256 2038,2255 2096,2254 2154,2253 2212,2252 2270,2252 2328,2251 2387,2251 2445,2251 2503,2250 2561,2250 2619,2249 2677,2249 2735,2248 2794,2247 2852,2247 2910,2246 2968,2245 3026,2243 3084,2242 3143,2240"/>
                <TextEquiv>
                    <Unicode>auf den sich der Hauptsturm des Angriffes der österreichi¬</Unicode>
                </TextEquiv>
            </TextLine>
            <TextLine id="r3l35" custom="readingOrder {index:34;}">
                <Coords points="1965,2323 3160,2308 3146,2255 1964,2265"/>
                <Baseline points="1972,2305 2031,2304 2090,2303 2149,2302 2208,2301 2267,2301 2326,2300 2385,2300 2444,2299 2503,2299 2562,2299 2621,2298 2680,2298 2739,2297 2798,2297 2857,2296 2916,2295 2975,2294 3034,2293 3093,2291 3153,2289"/>
                <TextEquiv>
                    <Unicode>schen sozialdemokratischen Nationalräte unter schwung¬</Unicode>
                </TextEquiv>
            </TextLine>
            <TextLine id="r3l36" custom="readingOrder {index:35;}">
                <Coords points="1970,2361 3005,2363 3156,2350 3156,2307 1970,2321"/>
                <Baseline points="1978,2354 2036,2353 2095,2352 2153,2351 2212,2350 2270,2350 2329,2349 2387,2349 2446,2349 2504,2348 2563,2348 2622,2347 2680,2347 2739,2346 2797,2346 2856,2345 2914,2344 2973,2342 3031,2341 3090,2339 3149,2337"/>
                <TextEquiv>
                    <Unicode>voller Führung Witterniggs usw. richtete. Es fehlte nur</Unicode>
                </TextEquiv>
            </TextLine>
            <TextLine id="r3l37" custom="readingOrder {index:36;}">
                <Coords points="1972,2409 3165,2404 3164,2355 3064,2344 1972,2365"/>
                <Baseline points="1979,2403 2037,2401 2096,2400 2155,2399 2214,2398 2273,2398 2332,2397 2391,2397 2450,2396 2509,2396 2568,2395 2626,2395 2685,2395 2744,2394 2803,2394 2862,2393 2921,2392 2980,2391 3039,2390 3098,2389 3157,2387"/>
                <TextEquiv>
                    <Unicode>ein Haar und der Minister wäre von der sozialdemokrati¬</Unicode>
                </TextEquiv>
            </TextLine>
            <TextLine id="r3l38" custom="readingOrder {index:37;}">
                <Coords points="1971,2473 3159,2452 3158,2408 3106,2395 1970,2410"/>
                <Baseline points="1979,2452 2037,2451 2096,2449 2154,2448 2213,2448 2272,2447 2330,2446 2389,2446 2447,2445 2506,2445 2565,2444 2623,2444 2682,2444 2740,2443 2799,2442 2858,2442 2916,2441 2975,2440 3033,2439 3092,2438 3151,2437"/>
                <TextEquiv>
                    <Unicode>schen Uebermacht tätlich angegriffen worden. Nun konnten</Unicode>
                </TextEquiv>
            </TextLine>
            <TextLine id="r3l39" custom="readingOrder {index:38;}">
                <Coords points="1976,2508 3010,2510 3164,2495 3164,2457 1976,2470"/>
                <Baseline points="1983,2500 2041,2499 2100,2499 2159,2498 2217,2498 2276,2497 2335,2496 2393,2496 2452,2495 2511,2494 2570,2494 2628,2493 2687,2492 2746,2492 2804,2491 2863,2490 2922,2489 2980,2489 3039,2488 3098,2487 3157,2487"/>
                <TextEquiv>
                    <Unicode>auch die Christlichsozialen nicht mehr zögern und so eilten</Unicode>
                </TextEquiv>
            </TextLine>
            <TextLine id="r3l40" custom="readingOrder {index:39;}">
                <Coords points="1971,2564 3162,2553 3142,2494 1971,2512"/>
                <Baseline points="1979,2549 2037,2549 2096,2548 2155,2547 2214,2546 2273,2546 2331,2545 2390,2545 2449,2544 2508,2544 2567,2543 2625,2542 2684,2542 2743,2541 2802,2541 2861,2540 2919,2540 2978,2539 3037,2538 3096,2537 3155,2536"/>
                <TextEquiv>
                    <Unicode>sie dem arg bedrängten Glanz zu Hilfe und es gelang</Unicode>
                </TextEquiv>
            </TextLine>
            <TextLine id="r3l41" custom="readingOrder {index:40;}">
                <Coords points="1978,2610 3124,2605 3158,2554 1977,2565"/>
                <Baseline points="1985,2598 2043,2597 2101,2597 2159,2596 2218,2595 2276,2595 2334,2594 2392,2593 2451,2592 2509,2592 2567,2591 2625,2590 2684,2590 2742,2589 2800,2588 2858,2587 2917,2587 2975,2586 3033,2585 3091,2585 3150,2584"/>
                <TextEquiv>
                    <Unicode>auch, den ärgsten Tumult abzustellen und den Minister so¬</Unicode>
                </TextEquiv>
            </TextLine>
            <TextLine id="r3l42" custom="readingOrder {index:41;}">
                <Coords points="1972,2652 3035,2650 3165,2642 3165,2589 1971,2613"/>
                <Baseline points="1979,2646 2041,2646 2103,2645 2165,2644 2227,2644 2289,2643 2351,2643 2413,2642 2475,2641 2537,2640 2599,2640 2661,2639 2723,2638 2785,2637 2847,2637 2909,2636 2971,2635 3033,2634 3095,2633 3158,2632"/>
                <TextEquiv>
                    <Unicode>weit zu sichern, daß er der Gefahr tätlicher Angriffe ent¬</Unicode>
                </TextEquiv>
            </TextLine>
            <TextLine id="r3l43" custom="readingOrder {index:42;}">
                <Coords points="1974,2705 3161,2696 3160,2651 3075,2635 1974,2663"/>
                <Baseline points="1981,2693 2039,2692 2098,2692 2156,2691 2215,2691 2274,2691 2332,2690 2391,2690 2449,2689 2508,2689 2567,2688 2625,2688 2684,2687 2742,2687 2801,2686 2860,2686 2918,2686 2977,2685 3035,2685 3094,2684 3153,2684"/>
                <TextEquiv>
                    <Unicode>rückt war. Besonderes Verdienst kommt dem christlichsoz.</Unicode>
                </TextEquiv>
            </TextLine>
            <TextLine id="r3l44" custom="readingOrder {index:43;}">
                <Coords points="1974,2754 3156,2738 3109,2690 1974,2701"/>
                <Baseline points="1981,2743 2039,2742 2097,2741 2156,2741 2214,2740 2272,2739 2331,2739 2389,2739 2447,2738 2506,2738 2564,2738 2622,2737 2681,2737 2739,2736 2797,2736 2856,2735 2914,2734 2972,2733 3031,2731 3089,2730 3148,2728"/>
                <TextEquiv>
                    <Unicode>NR. Wiesmayr zu, der nahezu, ein Hüne von Ge¬</Unicode>
                </TextEquiv>
            </TextLine>
            <TextLine id="r3l45" custom="readingOrder {index:44;}">
                <Coords points="1973,2805 3145,2803 3162,2748 1972,2753"/>
                <Baseline points="1980,2794 2038,2792 2097,2791 2156,2791 2215,2790 2273,2789 2332,2789 2391,2788 2450,2788 2508,2788 2567,2787 2626,2787 2685,2787 2743,2786 2802,2786 2861,2785 2920,2784 2978,2783 3037,2782 3096,2781 3155,2779"/>
                <TextEquiv>
                    <Unicode>stalt, die tobenden Genossen auseinanderdrängte und das</Unicode>
                </TextEquiv>
            </TextLine>
            <TextLine id="r3l46" custom="readingOrder {index:45;}">
                <Coords points="1970,2846 2058,2860 2141,2846 2171,2862 2195,2848 2277,2858 2351,2847 2351,2820 2309,2798 2275,2809 2221,2796 2166,2796 2145,2810 2093,2798 1970,2807"/>
                <Baseline points="1978,2841 2004,2842 2030,2842 2056,2842 2082,2841 2108,2841 2134,2839 2161,2839 2187,2839 2213,2838 2239,2838 2265,2838 2291,2839 2317,2840 2344,2841"/>
                <TextEquiv>
                    <Unicode>Aergste verhütete.</Unicode>
                </TextEquiv>
            </TextLine>
            <TextLine id="r3l47" custom="readingOrder {index:46;}">
                <Coords points="2032,2909 3159,2898 3158,2841 3119,2828 2170,2876 2031,2850"/>
                <Baseline points="2039,2900 2094,2899 2150,2899 2205,2898 2261,2898 2317,2897 2372,2897 2428,2897 2483,2896 2539,2895 2595,2895 2650,2894 2706,2894 2761,2893 2817,2892 2873,2891 2928,2890 2984,2889 3039,2888 3095,2887 3151,2885"/>
                <TextEquiv>
                    <Unicode>Noch einige Worte über die „Reigenseuche“ selbst,</Unicode>
                </TextEquiv>
            </TextLine>
            <TextLine id="r3l48" custom="readingOrder {index:47;}">
                <Coords points="1964,2957 3163,2941 3162,2897 3031,2892 1964,2916"/>
                <Baseline points="1972,2949 2031,2949 2090,2949 2149,2948 2208,2948 2267,2947 2326,2947 2386,2946 2445,2945 2504,2945 2563,2944 2622,2943 2681,2943 2740,2942 2800,2941 2859,2940 2918,2939 2977,2938 3036,2937 3095,2936 3155,2935"/>
                <TextEquiv>
                    <Unicode>wie sich der sozialdemokratische „Vorwärts“ ansdrückt</Unicode>
                </TextEquiv>
            </TextLine>
            <TextLine id="r3l49" custom="readingOrder {index:48;}">
                <Coords points="1965,3007 3031,3012 3165,2995 3165,2945 1965,2965"/>
                <Baseline points="1973,2998 2032,2998 2091,2997 2150,2997 2209,2996 2269,2996 2328,2995 2387,2995 2446,2994 2505,2994 2565,2993 2624,2992 2683,2992 2742,2991 2801,2990 2861,2990 2920,2989 2979,2988 3038,2987 3097,2986 3157,2984"/>
                <TextEquiv>
                    <Unicode>Das Stück hat seinen Namen daher, weil es in einer</Unicode>
                </TextEquiv>
            </TextLine>
            <TextLine id="r3l50" custom="readingOrder {index:49;}">
                <Coords points="1974,3055 3162,3033 3161,2995 1973,3006"/>
                <Baseline points="1981,3044 2039,3044 2098,3045 2157,3045 2215,3045 2274,3045 2333,3044 2391,3044 2450,3043 2509,3043 2568,3042 2626,3042 2685,3041 2744,3040 2802,3039 2861,3038 2920,3037 2978,3037 3037,3036 3096,3035 3155,3034"/>
                <TextEquiv>
                    <Unicode>Bilderreihe den Reigen der Geschlechtlichkeit in uner¬</Unicode>
                </TextEquiv>
            </TextLine>
            <TextLine id="r3l51" custom="readingOrder {index:50;}">
                <Coords points="2753,3103 2829,3100 2848,3086 2930,3105 3028,3081 3053,3100 3150,3100 3165,3095 3164,3041 3128,3052 3060,3040 2993,3061 2881,3044 2847,3064 2752,3055"/>
                <Baseline points="2760,3092 2786,3091 2812,3090 2839,3090 2865,3089 2892,3089 2918,3088 2945,3088 2971,3087 2998,3087 3024,3086 3051,3086 3077,3085 3104,3085 3130,3085 3157,3084"/>
                <TextEquiv>
                    <Unicode>vor Angen führt</Unicode>
                </TextEquiv>
            </TextLine>
            <TextLine id="r3l52" custom="readingOrder {index:51;}">
                <Coords points="1976,3105 2719,3098 2719,3060 2608,3042 2498,3064 1977,3059"/>
                <Baseline points="1984,3093 2020,3093 2056,3093 2093,3094 2129,3094 2166,3094 2202,3093 2238,3093 2275,3093 2311,3093 2348,3093 2384,3093 2420,3093 2457,3093 2493,3093 2530,3093 2566,3093 2602,3094 2639,3094 2675,3094 2712,3095"/>
                <TextEquiv>
                    <Unicode>hört offenkundlicher Darstellung</Unicode>
                </TextEquiv>
            </TextLine>
            <TextLine id="r3l53" custom="readingOrder {index:52;}">
                <Coords points="1978,3159 2986,3157 3169,3140 3169,3099 1978,3107"/>
                <Baseline points="1985,3147 2043,3146 2102,3145 2161,3144 2220,3144 2279,3143 2337,3143 2396,3143 2455,3142 2514,3142 2573,3141 2631,3141 2690,3140 2749,3140 2808,3139 2867,3139 2925,3138 2984,3137 3043,3136 3102,3134 3161,3133"/>
                <TextEquiv>
                    <Unicode>Paar für Paar geht über die Bühne, jedesmal mit Aus¬</Unicode>
                </TextEquiv>
            </TextLine>
            <TextLine id="r3l54" custom="readingOrder {index:53;}">
                <Coords points="1971,3203 2989,3208 3169,3194 3169,3141 1970,3159"/>
                <Baseline points="1978,3193 2037,3192 2096,3192 2155,3192 2214,3192 2274,3191 2333,3191 2392,3191 2451,3191 2510,3190 2570,3190 2629,3190 2688,3189 2747,3189 2806,3188 2866,3187 2925,3186 2984,3185 3043,3184 3102,3183 3162,3182"/>
                <TextEquiv>
                    <Unicode>wechslung eines Partners: Dirne und Soldat, dann</Unicode>
                </TextEquiv>
            </TextLine>
            <TextLine id="r3l55" custom="readingOrder {index:54;}">
                <Coords points="1968,3257 3109,3251 3171,3240 3171,3198 1968,3207"/>
                <Baseline points="1975,3241 2034,3241 2093,3241 2153,3241 2212,3241 2272,3241 2331,3240 2391,3240 2450,3239 2510,3239 2569,3238 2628,3238 2688,3238 2747,3237 2807,3237 2866,3236 2926,3235 2985,3235 3045,3235 3104,3234 3164,3234"/>
                <TextEquiv>
                    <Unicode>Soldat und Stubenmädchen, hierauf das Stubenmädchen</Unicode>
                </TextEquiv>
            </TextLine>
            <TextLine id="r3l56" custom="readingOrder {index:55;}">
                <Coords points="1980,3299 3144,3298 3164,3240 1979,3259"/>
                <Baseline points="1987,3291 2045,3291 2104,3290 2162,3290 2221,3290 2279,3289 2338,3289 2396,3289 2455,3288 2513,3288 2572,3288 2630,3287 2689,3287 2747,3287 2806,3286 2864,3286 2923,3285 2981,3284 3040,3283 3098,3282 3157,3281"/>
                <TextEquiv>
                    <Unicode>mit dem jungen Herrn, dieser mit der jungen Dome</Unicode>
                </TextEquiv>
            </TextLine>
            <TextLine id="r3l57" custom="readingOrder {index:56;}">
                <Coords points="1978,3353 3141,3351 3164,3290 1977,3298"/>
                <Baseline points="1985,3341 2043,3341 2102,3340 2160,3340 2219,3339 2278,3339 2336,3339 2395,3338 2453,3338 2512,3338 2571,3337 2629,3337 2688,3336 2746,3336 2805,3335 2864,3335 2922,3334 2981,3333 3039,3332 3098,3332 3157,3331"/>
                <TextEquiv>
                    <Unicode>sodann junge Frau und Ehemann, der von ihr zum</Unicode>
                </TextEquiv>
            </TextLine>
            <TextLine id="r3l58" custom="readingOrder {index:57;}">
                <Coords points="1972,3408 3156,3396 3117,3340 1972,3350"/>
                <Baseline points="1979,3390 2037,3390 2095,3389 2154,3388 2212,3388 2271,3387 2329,3387 2388,3387 2446,3386 2505,3386 2563,3386 2621,3385 2680,3385 2738,3385 2797,3385 2855,3384 2914,3384 2972,3384 3031,3383 3089,3383 3148,3382"/>
                <TextEquiv>
                    <Unicode>süßen Mädel abfällt, diese tauscht ihn gegen den Dichter</Unicode>
                </TextEquiv>
            </TextLine>
            <TextLine id="r3l59" custom="readingOrder {index:58;}">
                <Coords points="1972,3446 3159,3443 3158,3394 2908,3383 1972,3406"/>
                <Baseline points="1979,3440 2037,3440 2096,3439 2154,3438 2213,3438 2272,3437 2330,3437 2389,3436 2447,3436 2506,3436 2565,3435 2623,3435 2682,3434 2740,3434 2799,3434 2858,3433 2916,3433 2975,3433 3033,3432 3092,3432 3151,3431"/>
                <TextEquiv>
                    <Unicode>ein, der dann zur Schanspielerin geßt, die sich dann mit</Unicode>
                </TextEquiv>
            </TextLine>
            <TextLine id="r3l60" custom="readingOrder {index:59;}">
                <Coords points="1977,3498 3128,3496 3159,3444 1977,3452"/>
                <Baseline points="1985,3488 2043,3487 2101,3487 2160,3486 2218,3486 2276,3485 2335,3485 2393,3485 2451,3485 2510,3484 2568,3484 2626,3484 2685,3484 2743,3484 2801,3484 2860,3483 2918,3483 2976,3483 3035,3483 3093,3482 3152,3482"/>
                <TextEquiv>
                    <Unicode>dem Grafen paart, bis dieser sich wieder mit der Dirne</Unicode>
                </TextEquiv>
            </TextLine>
            <TextLine id="r3l61" custom="readingOrder {index:60;}">
                <Coords points="1974,3552 2707,3566 2955,3532 3067,3569 3161,3531 3143,3488 1974,3505"/>
                <Baseline points="1981,3538 2039,3538 2098,3538 2156,3538 2215,3537 2274,3537 2332,3537 2391,3537 2450,3536 2508,3536 2567,3536 2626,3535 2684,3535 2743,3534 2802,3534 2860,3533 2919,3533 2978,3533 3036,3532 3095,3531 3154,3531"/>
                <TextEquiv>
                    <Unicode>vereint. So die furchtbaren Verschlingungen des „Rei¬</Unicode>
                </TextEquiv>
            </TextLine>
            <TextLine id="r3l62" custom="readingOrder {index:61;}">
                <Coords points="1971,3614 1985,3615 1993,3605 2020,3593 2067,3596 2102,3583 2099,3544 2087,3541 2080,3549 2062,3547 2049,3555 2034,3553 2028,3557 2016,3551 2006,3558 1979,3554 1967,3558"/>
                <Baseline points="1977,3593 2006,3590 2036,3588 2065,3586 2095,3585"/>
                <TextEquiv>
                    <Unicode>gens“</Unicode>
                </TextEquiv>
            </TextLine>
            <TextLine id="r3l63" custom="readingOrder {index:62;}">
                <Coords points="2045,3648 3126,3648 3169,3630 3169,3575 2045,3596"/>
                <Baseline points="2053,3635 2108,3635 2163,3635 2219,3635 2274,3635 2330,3635 2385,3634 2440,3634 2496,3634 2551,3634 2607,3634 2662,3633 2717,3633 2773,3633 2828,3633 2884,3632 2939,3631 2994,3631 3050,3630 3105,3629 3161,3628"/>
                <TextEquiv>
                    <Unicode>Gewiß kann man auch bei diesem Stücke alle Mil¬</Unicode>
                </TextEquiv>
            </TextLine>
            <TextLine id="r3l64" custom="readingOrder {index:63;}">
                <Coords points="3052,3704 3079,3704 3101,3686 3107,3688 3113,3683 3121,3691 3130,3686 3136,3692 3160,3688 3160,3633 3147,3632 3126,3648 3118,3640 3111,3648 3097,3652 3080,3638 3053,3641"/>
                <Baseline points="3060,3679 3090,3680 3121,3679 3152,3681"/>
                <TextEquiv>
                    <Unicode>darf,</Unicode>
                </TextEquiv>
            </TextLine>
            <TextLine id="r3l65" custom="readingOrder {index:64;}">
                <Coords points="1974,3697 2992,3691 3049,3676 3049,3640 1974,3644"/>
                <Baseline points="1981,3686 2034,3686 2087,3685 2140,3685 2193,3684 2246,3684 2299,3684 2352,3683 2405,3683 2458,3683 2511,3682 2564,3682 2617,3682 2670,3682 2723,3681 2776,3681 2829,3680 2882,3680 2935,3679 2988,3679 3041,3678"/>
                <TextEquiv>
                    <Unicode>derungsgründe anrufen, die die Kumst aurnfen</Unicode>
                </TextEquiv>
            </TextLine>
            <TextLine id="r3l66" custom="readingOrder {index:65;}">
                <Coords points="3078,3735 3096,3738 3111,3733 3118,3740 3138,3733 3151,3737 3160,3728 3169,3728 3170,3697 3161,3697 3149,3687 3137,3693 3126,3687 3118,3693 3108,3691 3101,3697 3091,3695 3079,3698"/>
                <Baseline points="3086,3727 3111,3727 3136,3727 3162,3729"/>
                <TextEquiv>
                    <Unicode>und</Unicode>
                </TextEquiv>
            </TextLine>
            <TextLine id="r3l67" custom="readingOrder {index:66;}">
                <Coords points="1974,3746 3005,3745 3044,3735 3044,3682 1974,3696"/>
                <Baseline points="1981,3735 2033,3734 2086,3733 2139,3733 2192,3732 2245,3732 2297,3731 2350,3731 2403,3731 2456,3730 2509,3730 2561,3730 2614,3730 2667,3730 2720,3730 2773,3730 2825,3730 2878,3730 2931,3730 2984,3730 3037,3730"/>
                <TextEquiv>
                    <Unicode>wenn sie innerhalb ihrer Grenzen das Häßliche</Unicode>
                </TextEquiv>
            </TextLine>
            <TextLine id="r3l68" custom="readingOrder {index:67;}">
                <Coords points="3082,3787 3091,3788 3102,3784 3114,3790 3121,3787 3127,3790 3133,3786 3139,3789 3158,3787 3157,3738 3146,3737 3137,3742 3130,3737 3120,3741 3107,3734 3093,3748 3081,3748"/>
                <Baseline points="3090,3780 3120,3778 3150,3778"/>
                <TextEquiv>
                    <Unicode>und</Unicode>
                </TextEquiv>
            </TextLine>
            <TextLine id="r3l69" custom="readingOrder {index:68;}">
                <Coords points="1979,3797 3030,3800 3067,3791 3067,3735 1979,3747"/>
                <Baseline points="1987,3785 2040,3784 2094,3783 2147,3783 2201,3782 2255,3781 2308,3781 2362,3781 2415,3780 2469,3780 2523,3780 2576,3780 2630,3780 2683,3780 2737,3780 2791,3780 2844,3780 2898,3780 2951,3780 3005,3780 3059,3780"/>
                <TextEquiv>
                    <Unicode>Abstoßente beschreibt Ueber den Reigen allerdings</Unicode>
                </TextEquiv>
            </TextLine>
            <TextLine id="r3l70" custom="readingOrder {index:69;}">
                <Coords points="1974,3851 3057,3850 3160,3833 3160,3793 1973,3797"/>
                <Baseline points="1981,3835 2039,3834 2098,3833 2156,3833 2215,3832 2273,3832 2332,3832 2390,3831 2449,3831 2507,3831 2566,3831 2625,3830 2683,3830 2742,3830 2800,3830 2859,3830 2917,3829 2976,3829 3034,3829 3093,3828 3152,3828"/>
                <TextEquiv>
                    <Unicode>noch mehr über seine Darstellung auf der Bühne, schei¬</Unicode>
                </TextEquiv>
            </TextLine>
            <TextLine id="r3l71" custom="readingOrder {index:70;}">
                <Coords points="1974,3896 3011,3903 3164,3887 3164,3847 1974,3851"/>
                <Baseline points="1981,3883 2039,3883 2098,3882 2157,3882 2216,3882 2275,3882 2333,3882 2392,3881 2451,3881 2510,3881 2569,3881 2627,3881 2686,3880 2745,3880 2804,3880 2863,3879 2921,3879 2980,3879 3039,3878 3098,3877 3157,3877"/>
                <TextEquiv>
                    <Unicode>nen die Würfel im allgemeinen Urteil gefallen zu sein.</Unicode>
                </TextEquiv>
            </TextLine>
            <TextLine id="r3l72" custom="readingOrder {index:71;}">
                <Coords points="1969,3948 3022,3927 3159,3965 3158,3885 3063,3879 1969,3893"/>
                <Baseline points="1977,3934 2035,3933 2094,3933 2153,3932 2211,3932 2270,3931 2329,3931 2387,3931 2446,3930 2505,3930 2564,3930 2622,3930 2681,3930 2740,3930 2798,3930 2857,3930 2916,3929 2974,3929 3033,3929 3092,3928 3151,3928"/>
                <TextEquiv>
                    <Unicode>Moissi hat einmal gesagt, jede Schanspielerin, die im</Unicode>
                </TextEquiv>
            </TextLine>
            <TextLine id="r3l73" custom="readingOrder {index:72;}">
                <Coords points="1971,4003 2607,3979 2841,4020 3088,3998 3088,3937 1971,3946"/>
                <Baseline points="1979,3987 2034,3985 2089,3984 2144,3982 2199,3981 2254,3980 2309,3980 2364,3979 2419,3979 2474,3979 2530,3979 2585,3979 2640,3980 2695,3980 2750,3980 2805,3980 2860,3980 2915,3980 2970,3979 3025,3979 3081,3978"/>
                <TextEquiv>
                    <Unicode>=Reigen“ mitspiele, verdiene angespuckt zu werden.</Unicode>
                </TextEquiv>
            </TextLine>
            <TextLine id="r3l74" custom="readingOrder {index:73;}">
                <Coords points="2311,4074 2829,4073 2829,4018 2604,4012 2551,4028 2497,4007 2408,4030 2357,4001 2311,4009"/>
                <Baseline points="2318,4059 2343,4058 2368,4058 2393,4057 2418,4057 2444,4057 2469,4057 2494,4057 2519,4057 2544,4057 2570,4057 2595,4057 2620,4057 2645,4057 2670,4058 2696,4058 2721,4058 2746,4058 2771,4058 2796,4058 2822,4058"/>
                <TextEquiv>
                    <Unicode>Die amtliche Darstellung.</Unicode>
                </TextEquiv>
            </TextLine>
            <TextLine id="r3l75" custom="readingOrder {index:74;}">
                <Coords points="2047,4131 3141,4138 3171,4061 2047,4086"/>
                <Baseline points="2054,4123 2109,4123 2165,4123 2220,4123 2276,4123 2331,4123 2387,4123 2442,4123 2498,4123 2553,4123 2609,4123 2664,4123 2720,4123 2775,4123 2831,4123 2886,4123 2942,4123 2997,4123 3053,4123 3108,4124 3164,4124"/>
                <TextEquiv>
                    <Unicode>KB. Wien, 11. Februar. In Begründung des Dring¬</Unicode>
                </TextEquiv>
            </TextLine>
            <TextLine id="r3l76" custom="readingOrder {index:75;}">
                <Coords points="1970,4178 3158,4177 3158,4138 3098,4129 1970,4135"/>
                <Baseline points="1977,4170 2035,4170 2094,4170 2153,4169 2211,4169 2270,4169 2329,4169 2387,4170 2446,4170 2505,4170 2564,4170 2622,4170 2681,4170 2740,4171 2798,4171 2857,4171 2916,4171 2974,4171 3033,4171 3092,4171 3151,4171"/>
                <TextEquiv>
                    <Unicode>lichkeitsantrages betreffend das Verbot von Schnitzlers</Unicode>
                </TextEquiv>
            </TextLine>
            <TextLine id="r3l77" custom="readingOrder {index:76;}">
                <Coords points="1979,4224 3166,4226 3166,4184 2934,4171 1979,4176"/>
                <Baseline points="1987,4216 2045,4216 2104,4216 2162,4216 2221,4217 2279,4217 2338,4217 2396,4217 2455,4217 2513,4217 2572,4218 2631,4218 2689,4218 2748,4218 2806,4218 2865,4219 2923,4219 2982,4219 3040,4219 3099,4219 3158,4219"/>
                <TextEquiv>
                    <Unicode>Reigen führte Sozialdemokrat Leuthner aus, es</Unicode>
                </TextEquiv>
            </TextLine>
            <TextLine id="r3l78" custom="readingOrder {index:77;}">
                <Coords points="1980,4272 3160,4268 3100,4215 1980,4223"/>
                <Baseline points="1988,4262 2046,4262 2104,4263 2162,4263 2221,4263 2279,4264 2337,4264 2395,4264 2454,4265 2512,4265 2570,4265 2628,4265 2687,4266 2745,4266 2803,4266 2861,4266 2920,4266 2978,4265 3036,4265 3094,4265 3153,4264"/>
                <TextEquiv>
                    <Unicode>handle sich nicht um die künstlerische oder die ästhetische</Unicode>
                </TextEquiv>
            </TextLine>
            <TextEquiv>
                <Unicode>Sonntag
Seite 6
Aus der „Reigen"aufführung war also eine Streitfrage
um die in der Bundesverfassung festgelegte Kompetenz
zwischen Bund und Land geworden.
Ihren weiteren würdigen Fortgang nahm die Angele¬
genheit in der gestrigen Sitzung der Nationalversamm¬
lung.
Schon während des Verlaufes deutete eine gewisse Un¬
ruhe auf dem sozialdemokratischen Flügel an, daß hier
irgend etwas in aller Eile inszeniert wurde, indem Unter¬
schriften gesammelt wurden usw.. Nach Schluß der Sit¬
zung brachte NR. Leuthner die oben gebrachte dring¬
liche Anfrage ein.
Ueber den Verlauf der nun einsetzenden Debatte
können wir den Bericht des Korrespondenzbüros nach den
Aussagen eines Augen= und Ohrenzeugen ausführlicher er¬
gänzen.
Die Art, wie NR. Leuthner, der zum Platzen er¬
regt erschien, seine Anfrage einbrachte, war, wie man es
an ihm gewohnt ist: äußerst heftig, um nicht zu sagen
radikal. Sehr vornehm und ruhig hingegen wirkte die Er¬
widerung des Bundesministers Glanz, der trotz der
ausbrechenden, tumultarischen Vorgänge in keiner Weise
vom Tone ruhiger Sachlichkeit abwich. Als er seine Rede
mit den Worten schloß, daß alle anständigen Menschen
sein Urteil über diese Veranstaltung teilen würden, brack
der Sturm vollends aus. Die Sozialdemokraten, unter
ihnen besonders Witternigg (wie immer bei solchen
Gelegenheiten!) und Zelenka drängten stürmisch gegen den
Minister vor. Dieser befand sich in bedrohlichster Lage, da
er seinen Platz zu äußerst links hat, er somit in diesem
Augenblick den schieer bedrohten linken Flügel darstellte,
auf den sich der Hauptsturm des Angriffes der österreichi¬
schen sozialdemokratischen Nationalräte unter schwung¬
voller Führung Witterniggs usw. richtete. Es fehlte nur
ein Haar und der Minister wäre von der sozialdemokrati¬
schen Uebermacht tätlich angegriffen worden. Nun konnten
auch die Christlichsozialen nicht mehr zögern und so eilten
sie dem arg bedrängten Glanz zu Hilfe und es gelang
auch, den ärgsten Tumult abzustellen und den Minister so¬
weit zu sichern, daß er der Gefahr tätlicher Angriffe ent¬
rückt war. Besonderes Verdienst kommt dem christlichsoz.
NR. Wiesmayr zu, der nahezu, ein Hüne von Ge¬
stalt, die tobenden Genossen auseinanderdrängte und das
Aergste verhütete.
Noch einige Worte über die „Reigenseuche“ selbst,
wie sich der sozialdemokratische „Vorwärts“ ansdrückt
Das Stück hat seinen Namen daher, weil es in einer
Bilderreihe den Reigen der Geschlechtlichkeit in uner¬
vor Angen führt
hört offenkundlicher Darstellung
Paar für Paar geht über die Bühne, jedesmal mit Aus¬
wechslung eines Partners: Dirne und Soldat, dann
Soldat und Stubenmädchen, hierauf das Stubenmädchen
mit dem jungen Herrn, dieser mit der jungen Dome
sodann junge Frau und Ehemann, der von ihr zum
süßen Mädel abfällt, diese tauscht ihn gegen den Dichter
ein, der dann zur Schanspielerin geßt, die sich dann mit
dem Grafen paart, bis dieser sich wieder mit der Dirne
vereint. So die furchtbaren Verschlingungen des „Rei¬
gens“
Gewiß kann man auch bei diesem Stücke alle Mil¬
darf,
derungsgründe anrufen, die die Kumst aurnfen
und
wenn sie innerhalb ihrer Grenzen das Häßliche
und
Abstoßente beschreibt Ueber den Reigen allerdings
noch mehr über seine Darstellung auf der Bühne, schei¬
nen die Würfel im allgemeinen Urteil gefallen zu sein.
Moissi hat einmal gesagt, jede Schanspielerin, die im
=Reigen“ mitspiele, verdiene angespuckt zu werden.
Die amtliche Darstellung.
KB. Wien, 11. Februar. In Begründung des Dring¬
lichkeitsantrages betreffend das Verbot von Schnitzlers
Reigen führte Sozialdemokrat Leuthner aus, es
handle sich nicht um die künstlerische oder die ästhetische</Unicode>
            </TextEquiv>
        </TextRegion>
    </Page>
</PcGts>
