3496 4320
454 207 964 311 11. Reigen
1147 215 1567 301 box 17/5
707 649 1402 739 Theuterzeitung.
584 741 1496 831 Der Kampf um Schnithiers „Reigen“.
676 826 1523 882 Gestern wurde mit vieler Bestimmtheit erzählt,
559 869 1527 918 der Bundesminister für Inneres habe dem Polizei¬
569 917 1534 965 präsidenten Schober nahegelegt, die weiteren
563 961 1536 1005 Aufführungen von Schnitzlers „Reigen“ in den
562 1000 1522 1054 Kammerspielen, „aus Gründen der Ruhe,
562 1049 1528 1121 Ordnung und Sittlichkeit“ zu ver¬
565 1086 758 1143 bieten.
673 1119 1519 1188 Der Polizeipräsident nehme jedoch
562 1170 1534 1219 den Standpunkt ein, daß er zu einem Verbote im
564 1221 1522 1277 Augenblicke keine Veranlassung habe und daß er seine
565 1266 1537 1310 weiteren Schritte von der ferneren Entwicklung der
561 1308 1525 1360 Angelegenheit abhängig zu machen gedenke. Dermalen
560 1353 1211 1406 bestehe kein Grund zu einem Verbot.
676 1390 1522 1448 Tatsächlich hat bis gestern abends weder die
560 1431 1520 1491 niederösterreichische Landesregierung als Zensurbehörde,
559 1487 1530 1541 noch die Direktion der Kammerspiele irgend eine be¬
564 1525 1520 1574 hördliche Verständigung erhalten. Die gestrige Vor¬
561 1572 1208 1621 stellung nahm einen glatten Verlauf.
670 1607 1520 1670 Wie bekannt, ist es Direktor Bernau nach
555 1657 1522 1705 längeren Kämpfen gelungen, die Aufführung des
560 1699 1523 1753 „Reigen“ durchzusetzen. Es gab bedeutende Hem¬
562 1751 1518 1797 mungen, die jedoch von dem Chef der niederösterreichi¬
565 1790 1523 1854 schen Landesregiermig, dem Bürgermeister Reumann,
562 1836 930 1899 überwunden wurden.
680 1859 1526 1922 Wir haben seinerzeit alle Phasen dieser An¬
561 1915 1521 1969 gelegenheit berichtet und wiederholen: „Reigen wurde
1236 1966 1520 2016 Statthaltereivize¬
559 1964 1211 2014 den Zensurbeiräten, den Herren
564 2004 1519 2058 präsident a. D. Tils, Hofrat Glossy und
561 2052 1527 2106 Hofrat Engel zur Begutachtung überwiesen. Die
561 2096 1523 2146 genannten Herren empfahlen eine Reihe von Re¬
565 2144 1519 2193 touchen im Dialoge und wünschten, daß der Spiel¬
556 2183 1519 2229 leiter die notwendige Delikatesse bei der Inszenierung
571 2227 1526 2280 eobachten möge. Es wurde auch — der erste Fall
562 2271 1522 2324 in Oesterreich und in Wien — eine eigene General¬
560 2317 1521 2368 probe für die Zensurbeiräte veranstaltet und man
564 2354 1526 2418 hörte, daß keiner der Herren an dem Werke und an
562 2398 1433 2449 der Darstellung etwas Anstößiges gefunden hätte.
667 2449 1525 2493 Die Première verlief anstandslos und auch bei
557 2486 1522 2539 einer Reihe weiterer Vorstellungen gab es keine Zwischen¬
570 2533 1527 2589 fälle. Erst letzten Montag kam es zu einer belanglosen
558 2574 1525 2624 Ruhestörung; ein paar Exzedenten, die ohne Karten
559 2615 1520 2678 in eine Loge drangen, wurden verhaftet und man
562 2665 1527 2715 glaubte damit die Angelegenheit erledigt, bis gestern
561 2711 1527 2756 das eingangs erwähnte empfohlene, aber nicht befohlene
557 2751 1265 2801 Verbot an den Polizeipräsidenten erging.
676 2788 1524 2844 Es bleibt nun abzuwarten, wie sich die nieder¬
555 2836 1527 2885 österreichische Landesregierung und ihr Chef, der
563 2880 1523 2931 Bürgermeister Reumann, zu diesem Schritte des
553 2924 1523 2976 Ministers verhalten werden. Es kann möglicherweise
563 2975 1523 3023 ein Kompetenzkonflikt entstehen, wer berufen erscheint,
563 3021 1520 3065 ein von der niederösterreichischen Landesregierung zur
559 3061 1437 3109 Aufführung zugelassenes Theaterstück zu verbieten.
668 3096 1502 3149 In Berlin gab es wegen des „Reigen
558 3137 1522 3197 ebenfalls Auseinandersetzungen und Parteiungen. Doch
563 3195 1515 3240 auch in der deutschen Reichshauptstadt haben die Ge¬
554 3237 1528 3282 richte erkannt, daß Schnitzlers „Reigen“ das sittliche
560 3273 1514 3322 Empfinden der Zuschauer zu verletzen nicht geeignet er¬
561 3319 1527 3376 scheint. In Berlin wird das Stück anstandslos weiter
559 3369 1520 3414 gegeben. Man hat bisher von Störungen nichts gehört.
569 3404 1527 3458 Anders in München, wo es, wie unsere Leser be¬
561 3446 1530 3498 reits erfahren haben, zu Exzessen gekommen ist. In
568 3491 1525 3543 München erfolgte ein Verbot und das Münchener
563 3536 1529 3598 Beispiel scheint nun dem österreichischen Bundesminister
560 3580 965 3644 vorgeschwebt zu haben.
674 3665 1530 3725 Aus der Theaterkanzlei kam gestern abends
556 3705 1534 3770 folgende Notiz: „In den Kammerspielen
558 3767 1525 3814 wird Samstag und Sonntag Schnitzlers
556 3806 1533 3853 =Reigen auch um 10 Uhr als Nacht¬
565 3851 1516 3919 vorstellung gespielt. Die vorhergehenden Abend¬
561 3895 1195 3955 vorstellungen beginnin um ½7 Uhr.
1569 997 1624 1114 *
1604 774 1670 820 —
2292 171 3242 289 wren, I., Concordiaplatz Nr. 4
2232 300 2964 407 —R Lothaun
2157 375 2628 497 Ais
2721 431 2983 515 WAA
2257 576 3274 687 Die Regierung im Solde
2523 666 2992 766 der Schande
2344 735 3257 829 Was die Monarchie, in der es noch ein Scham¬
2249 806 3255 881 gefühl gab, durch ein Verbot untersagte, das sollte
2257 845 3253 912 der Schamlosigkeit der Republik vorbehalten
2253 887 3258 961 bleiben: Schnitzlers Schandstück: „Reigen“ darf
2250 942 3254 1011 ungescheut über die Bühnegehen. Jeder anständige
2250 976 3252 1055 Mensch hat' es bisher unter seiner Würde ge¬
2247 1021 3238 1102 halten, sich mit diesem Schmutzstück sinnlichster
2251 1066 3232 1140 Erotik zu beflecken, es auch nur zu lesen. Und jetzt,
2242 1105 3248 1180 im Zeichen der „christlichsozialen Republik“ läßt
2241 1150 3234 1230 die Sittenpolizei diesen Schund anstandslos
2242 1199 3240 1270 passieren. Es scheint zum Wesen des Frei staates
2234 1247 3246 1325 zu gehören, daß das Laster und die Sinnlichkeit
2246 1287 3024 1347 rei und schrankenlos herrschen dürfen.
2324 1334 3229 1403 Hören wir, was die f ile Tagespresse über diese
2222 1364 2795 1441 jüdische Schweinerei schreißt.
2331 1425 3232 1489 „Ein volles Haus, wo sonst immer ein paar Kri¬
2225 1461 3228 1532 tiker und unbeschäftigte Bühnenleute ein Häuflein Zu¬
2240 1502 3234 1567 chauer bilden, Vertreter der Schauspielkunst aus allen
2226 1542 3234 1613 Wiener Gauen, Dichter und Gäste aus dem Reich der
2227 1578 3222 1654 bildenden Künste waren zur vormittägigen Probe¬
2234 1622 3163 1690 aufführung gekommen. Sie sahen und hörten und
2230 1660 3216 1730 zeigten sich nicht empört. Nicht einmal von den vielen
2218 1700 3225 1769 Damen, die in den Reihen sich drängten, hörte man
2228 1745 3223 1809 ein Zeichen der Entrüstung. Hoffentlich vollzog sich in
2223 1776 3217 1844 ihnen die Revolution wenigstens still: durch Er¬
2219 1813 3209 1888 röten. Man konnte derlei allerdings im Saale
2217 1860 3135 1922 nicht wahrnehmen, denn — Gott sei Dank
2214 1898 3214 1970 man hatte die Beleuchtung auf ein Mindestmaß
2211 1932 3129 2003 zurückgeführt. Die Szenen des „Reigen“
3133 1956 3214 2002 dem
2217 1972 3206 2045 Publikum inhaltlch darzustellen, ist nicht gut mög¬
2209 2005 3208 2083 lich. Es genüge sie anzudeuten. Man erlebt die Zu¬
2212 2047 3206 2123 sammenkunft der Dirne und des Soldaten, die zu nächt¬
2214 2089 3202 2156 licher Stunde im Freien sich treffen; man beobachtet
2203 2126 3204 2201 die Annäherung des jungen Herrn aus guter Familie
2201 2176 3204 2226 zum Stubenkätzchen, dann eines Elegants zur „anstän¬
2201 2209 3201 2273 digen“ Frau, weiter eines gesetzteren Herrn und eines
2204 2241 3201 2324 Wiener Vorstadtmädels, dann wieder eines Dichters
2195 2286 3191 2347 und später eines gräflichen Offiziers und einer be¬
2209 2326 3191 2390 rühmten Schauspielerin. All diese. Zusammenkünfte
2204 2359 3193 2432 spielen sich meist nächtlich ab. Entweder in einem
2197 2402 3202 2476 Donaugebüsch des Praters, oder im Junggesellenheim,
2209 2440 3199 2515 n einem Chambre separee oder im Boudoir einer Diva.
2207 2479 3189 2557 Der Höhepunkt der Szene ist immer derselbe. Er kün¬
2195 2516 3198 2591 digt sich dadurch an, daß die Bühne vollkommen ver¬
2192 2556 3188 2634 dunkelt wird und eine Zeitlang wie ein schwarzer
2190 2594 3193 2670 Riesenfleck dem Publikum entgegenstarrt. Und man
2193 2635 3182 2710 fühlt es immer als eine Erleichterung, daß der Be¬
2191 2677 3183 2743 leuchtungsinspektor dem Dichter in die Arme fällt ...
2194 2714 3181 2793 Namentich die ersten im nächtlichen Prater sich ab¬
2197 2756 3178 2824 pielenden Szenen flößen arges Unbehagen ein. Später,
2191 2799 3187 2868 wenn der „Reigen in die Sphäre gebildeter Menschen
2181 2833 3186 2901 gerät, spielen sich die Dinge nicht mehr so brutal ab.
2186 2873 3176 2946 Auch lenkt der Dialog, aus dem der Geist eines dichte¬
2183 2912 3169 2986 rischen Menschen= und Weltenbeschauers zu sprechen be¬
2187 2949 3175 3023 ginnt, die Aufmerksamkeit vom Scheußlichen ab. Wenn
2188 2995 3169 3066 es auch — im Boudor geradeso wie auf der Praterwiese
2241 3037 3169 3105 auf der Bühne kohlrabenschwarz werden muß. Man
2177 3058 3174 3136 hat Schnitzlers „Reigen“ vielfach als ein seiner unwür¬
2184 3110 3170 3181 diges, schamloses Machwerk verschrien. In der ge¬
2173 3144 3175 3216 zähmten Gestaltung der Bühne treten die Brutalitäten
2181 3189 3158 3250 nehr zurück. Die Menschen selbst treten vor und werden
2177 3222 3168 3297 mit einer Erbarmungslosigkeit durchleuchtet, die nur
2174 3269 3155 3328 ein großer Kenner trifft. Nur diese Kunst, die genial¬
2184 3306 3167 3377 chmissige Zeichnung der Figuren — jeder Mann und
2165 3342 3156 3420 jede Frau ein vollendeter Typus eines ganzen Ge¬
2182 3375 2404 3433 chlechtes —
2428 3385 3166 3449 kann den „Reigen“ vor dem Verdam¬
2172 3429 3137 3507 mungsurteil schützen, ein pornographisches Werk zu sein.
2230 3531 3131 3633 Nun aber der Höhepunkt der Schande. Die¬
2134 3591 2993 3680 selbe Tagespresse berichtet nämlich weiter:
2235 3634 3130 3722 „Artur Schnitzlers Dialogreiche „Reigen“ ge¬
2152 3672 3137 3751 langt in öffentlicher Generalprobe zugunsten des vom
2155 3709 3136 3797 Bundesminister Dr. Josef Resch geleiteten Kinder¬
2142 3751 3129 3834 hilfswerkes heute Sonntag (30. Jänner) um halb 11
2154 3800 2940 3880 Uhr in den Kammerspielen zur Aufführung.
2237 3833 3152 3929 Wer noch einen Funken sittlichen Empfindens
2156 3881 3138 3973 in sich verspürt, für den gibt es nur eines: „Hin¬
2164 3927 3156 4016 weg mit einer Regierung, die solches gestattet, um
2156 3971 3145 4063 dann als Lohn das Schandgeld ju ein „Kinderhilis¬
3028 4011 3116 4069 Sch.
2158 4023 2925 4104 werk dankend in Empfung zu nehmen!“
