3392 4256
310 127 847 223 11. Reigen
1023 127 1404 232 box 18/1
1553 1009 1802 1085 Die Zukunft
1029 1098 2326 1194 wurde zunächst, ohne jede Entgeltsforderung, das Buch ge¬
1024 1161 2330 1242 schickt. Ob nach dem Niederbruch der österreichischen
1031 1221 2323 1302 Wirthschaft, in dem Wien, wo das Gulyas (nicht etwa in
1020 1274 2321 1364 Luxusschänken) sechzig Kronen kostet, Herrn Schnitzler der
1029 1330 2313 1428 Gedanke an „Verwerthung“ der alten Nebenarbeit nahte und
1018 1392 2323 1473 übermannte, weiß ich nicht. Nach der Fassadenänderung,
1016 1446 2315 1533 die der deutsche Drang, „allen Komfort der Neuzeit“ auch
1015 1510 2323 1602 in sein Haus zu raffen, noch manchmal eine Revolution nennt,
1016 1577 2306 1654 tauchte auch bei uns der Wunsch auf, die Konjunktur hüllen¬
1012 1629 2312 1717 loser Sexualiendarstellung auszunutzen und den „Reigen“
1016 1695 2310 1782 auf offener Bühne, vor Zahlungfähigen, tanzen zu lassen.
1013 1751 2314 1820 Der mit der Verantwortlichkeit für ein großes Heer Ange¬
1014 1802 2312 1883 stellter bebürdete, von der Sorge für den über alles Erwarten
1008 1863 2314 1935 hinaus vertheuerten Riesenbau des Großen Schauspielhauses
1003 1927 2312 2005 bedrückte Künstler Max Reinhardt war überredet worden,
1012 1985 2313 2067 sich das Aufführungrecht für seine Kammerspielbühne zu
1016 2055 2314 2124 sichern („sonst erwirbt es morgen ein Anderer“); stimmte
1014 2097 2317 2182 mir roer sofort zu, als ich seiner Frage, ob die Aufführung
1015 2172 2311 2249 mir rathsam scheine, antwortete: „Durch die Ausstellung
1021 2234 2304 2294 von Akten, die den Beischlaf vorbereiten, Geld zu verdienen,
1015 2279 2306 2361 kann und muß Reinhardt Anderen überlassen.“ Er hat, trotz
1009 2349 2302 2421 mancher Schwierigkeit in der Spielplansgestaltung, aus seinem
1011 2396 2312 2482 Recht nicht Zins gezogen, die Koitusgespräche nicht auf seine
1009 2450 2306 2548 Bühne gebracht. Und er wäre, vielleicht, der Einzige ge¬
1009 2533 2311 2606 wesen, dessen Theatergenie ihnen ein szenisches Phantasie¬
1008 2573 2214 2658 gewand von eigenem Kunstwerth zu wirken vermochte.
1110 2640 2311 2726 etzt huschen sie über eine Bühne, der, nur zu diesem
1005 2679 2299 2773 Zweck, ein Personal gemiethet wurde und deren kränkelnde
1012 2750 2302 2841 Wirthschaft sie „saniren“ sollen. Ueber die Bühne der Staat¬
1000 2797 2308 2903 lichen Hochschule für Musik, die diesen Raum für einen
996 2872 2298 2953 Spottpreis, tief unter dem Selbstkostenaufwand, gegen das
1001 2916 2293 2998 feierliche Versprechen priesterlich reiner Kunstpflege hinge¬
1011 2996 2302 3056 geben hat und deren jugendlichen, oft noch kindhaften Zög¬
1005 3047 2308 3129 lingen erleichterter Einlaß in diese Vorstellungen vom Di¬
995 3107 2301 3183 rektorium verbürgt ist. Auf solche Bühne taugte schon nicht
1002 3167 2297 3249 die Lulu Wedekinds (der neben dem seelisch elegantesten
995 3225 2303 3316 Schnitzler doch wie ein Gigant neben einem Gigerl stünde),
1001 3277 2293 3361 nicht die in Winkelprostitution Hinabgesunkene, die der Zu¬
998 3342 2302 3414 schauer drei Männer von der Straße aufkobern, nach ein¬
