3532 4224
1051 112 1481 193 box 18/3
354 112 872 213 11. Reigen
716 497 1289 626 Klose & Seidel
706 610 1282 691 Bureau für Zeitungsausschnitte
658 660 1337 758 Berlin NO. 43, Georgenkirchplatz 21
635 826 1355 923 Zeitung: Berliner Lokal-Anzeiger
981 895 1121 973 Berlin
644 918 762 988 Ort:
649 975 1117 1062 Datum:  K
1032 1025 1097 1113 u
748 1245 1573 1332 * Im Neuen Theater zu Frankfurt a. M.
708 1301 1576 1366 fand,, wie unser dortiger bü.=Mitarbeiter berich¬
712 1340 1569 1398 tl,„Schnitzlers [Reigen“ bei ausgezeich¬
803 1379 1583 1432 Darstellung, unter der Kitty Aschenbach
715 1416 1574 1482 un. Georg Lengbach hervorragten, und bei sehr
716 1458 1574 1516 dezenter Spielleitung von Robin Roberts eine
716 1494 1585 1550 merkwürdige Aufnahme. Nach einem einzigen
722 1536 1586 1596 Bild gab es schüchternen Beifell. Am Schluß
724 1576 1585 1632 verließ jedoch ein Teil des Publikums das
716 1618 1588 1669 Theater im tiefsten Schweigen, um verletzte Mo¬
725 1652 1591 1704 ral zum Ausdruck zu bringen. Zu den befürch¬
722 1685 1583 1748 teten störenden Zwischenfällen kam es nicht.
724 1722 1589 1790 Die im ##schauerraum hier und da postierteg.
712 1758 1587 1839 Gebeinspolizisten brauchten nicht einzuschreiten.
834 2099 1411 2224 Klose & Seidel
835 2207 1402 2289 Bureau für Zeitungsausschnitte
786 2266 1458 2358 Berlin NO. 43, Georgenkirchplatz 21
765 2441 1420 2542 Zeitung: Frankfurter Zeitung
996 2512 1334 2606 Frankfürt a. M.
763 2520 873 2605 Ort:
768 2587 1190 2671 Datum: #
710 2812 759 2873 a
786 2826 1761 2900 Schuitzlers „Reigen“ in Frankfurt.] Ein junges
630 2883 1757 2942 Mädchen erreichte es einst, daß ihr ein Herr nach langem Sträuf
644 2916 1764 2983 ben Zolas „Nana“ lieh. Sie gab den berüchtigten Roman nach
652 2959 1755 3017 nigen Tagen zurück und sagte: „Ich hatte es mir viel schlimmen
643 2997 1766 3056 hetgestellt.“ Aehnlich ist es gestern manchem Besucher der ersten
650 3040 1749 3106 Aufführung von Schnitzlers „Reigen“ im Neuen Theater ergangen
643 3075 1763 3147 Man hatte es sich viel schlimmer vorgestellt. Sehr einfach: Die
642 3114 1746 3168 Phantasie, die dem Leser des Buches so reiche Möglichkei.en gibt
652 3159 1748 3215 hatte bei den auf die Bühne gerufenen Dialogen wenig mehr zu
643 3197 1745 3250 tun. Es gab sogar Leute, die fanden zehn Variationen über ei
651 3233 1741 3292 Thema, das sei am Ende monoton. Recht geschieht Euch! Schnitz
645 3272 1754 3324 ler selbst hat, wohl wissend, daß der Husch, das Filigran, die Zart
653 3312 1756 3375 heit, aber auch das allzu Draufgängerische dieser Stückchen der
645 3355 1761 3404 Verlebendigung auf der Bühne widerstrebe, an die Aufführung nicht
646 3402 1758 3438 gedacht und erst in jüngster Zeit die Inszenierung des Unszenier¬
654 3441 1755 3487 baren gestattet. Ich bin der Meinung, der „Reigen“ hätte Pri¬
650 3477 1754 3522 vatdruck bleiben sollen. Bei der Zimmerlampe freundlich trau¬
644 3515 1753 3565 tem Schein geben die Dialoge mit ihrer Grazie und
645 3552 1764 3605 Frechheit ihr Feinstes von Einleitung und Abgesang,
644 3594 1747 3648 vom Stolperigen und Raffinierten, vom leise Schwin
643 3621 1655 3684 genden und Klotzigen, das die menschlichste
1660 3640 1751 3688 Ange
653 3678 1757 3731 egenheit begleitet und verbrämt, bei der Lampe tanzen die
658 3710 1763 3770 berühmten Gedankenstriche den ewigen Reigen. Zipfel werden
654 3752 1756 3802 gelüftet zu dem Begebnis das die Geschlechter vereinigt, gezeigt
652 3793 1752 3834 wird, wie Menschen verschiedener Lebensalter und Stände zu ver
654 3823 1757 3875 schiedenen Stunden mit mehr oder weniger Kultur Eros folgen
644 3870 1767 3925 und das Tier in sich zu überwinden trachten, aber nicht überwin¬
1943 324 2618 448 Klose & Seidel
1997 428 2565 516 Bureau für Zeitungsausschnitte
1940 490 2619 562 Berlin NO. 43, Georgenkirchplatz 21
1897 664 2596 768 Zeitung: Rhein.-Westf. Zeitung
1905 742 2023 818 Ort:
2217 755 2509 829 Essen (Ruhr)
1914 808 2077 883 Datum:
1934 876 1981 939 7
2086 870 2400 995 UN 12
2010 1048 3121 1128 8=2. Eine weise Theaterleitung. Aus Frankfurt a. M. meldet
1952 1123 3122 1175 und ein Eig. Deahtb.: Schnitzlers Reigen wird vom Neuen
1955 1155 3116 1206 Theater voyf 4. Juli ab gegeben. Der Zutritt ist an die unter¬
1969 1196 3118 1242 chriftliche Erklärung gebunden, sich jeder Miß¬
1972 1234 3110 1285 allenskußerung zu enthalten. — Die Leitung des
1953 1283 3014 1336 Neuen Theaters hat damit das Zaubermittel gefunden,
3023 1280 3113 1337 sich
1947 1315 3109 1374 „Theatererfolge“ im voraus zu garantieren. Wir schlagen vor,
1971 1370 3130 1451 nächstens den Zutritt der Theaterbesucher überhaupt nur dann zu
1967 1438 3125 1490 gestatten, wenn sie sich verpflichten, durch „Beifallsstürme“ einen
1959 1475 3127 1535 Bombenerfolg zu machen. Damit wäre dann jede Kritik — gott¬
1956 1507 2923 1567 lob! — künftig eine höchst überflüssige Angelegenheit.
1801 1837 2921 1903 den. Es ist eine heilere melancholische Abwandlung des Themas.
1801 1899 2919 1945 Und kein Zweifel, daß Schnitzler sein Buch schreiben durfte. Seit
1811 1936 2918 1985 Menschen leben, haben die Künstler unter ihnen sich mit Eros, dem
1795 1978 2926 2029 Herrscher der Welt auseinandergesetzt, die Negerplastiker wie die
1794 2015 2924 2066 Indier, die Antike wie Shakespeare, Rembrandt wie Tizian,
1799 2053 2919 2098 Goethe und Schiller, Flaubert und Verlaine, Hauptmann wie
1797 2087 2916 2139 Unruh. Auch sehr fromme Männer haben das getan, auch unter
1810 2125 2924 2173 kirchlicher Billigung, wie denn der Referent erst kürzlich in einer
1797 2165 2913 2216 Klosterkirche eine Versuchung des heiligen Antonius gesehen hat,
1798 2210 2915 2259 auf der ein entblößtes Weib in letzter vereinigungssehnsüchtiger
1796 2243 2912 2283 Bereitschaft dargestellt ist. Wem das Gesetz seines Ichs diesen
1797 2278 2910 2321 Weg der Kunstrechte verrammelt, mit dem ist nicht zu verhandeln.
1802 2317 2911 2371 Ich halte dennoch dafür daß der „Reigen“ nur im Buche ge¬
1796 2357 2909 2414 tanzt werden sollte, ebenso wie es zu billigen ist, wenn die Kupfer¬
1798 2393 2913 2448 stichkabinette Radierungen von Rops im „Giftschrank“ nur für
1784 2431 2916 2477 Zuständige bereithalten. Das Neue Theater hat allerdings den „Rei¬
1795 2474 2912 2517 gen“ als im Giftschrank tanzend inseriert: nur Personen über
1797 2509 2912 2554 18 Jahre dürfen ihn sehen, nur gegen einen Schein, daß sie das
1796 2548 2904 2602 Werk kennen und keinen Anstoß daran nehmen. Dieser Stachel
1792 2586 2909 2635 draht wird niemand behindern Der Konsument bezieht auf
1802 2625 2914 2677 dringendes Verlangen die bestellte Ware: Praxis der Liebe. Viele
1796 2665 2909 2716 werden sehr amüsiert sein und Herrn Lengbachs groteske
1799 2700 2907 2747 Dümmlichkeit famos, Frl. Aschenbach als Sünderin entzückend
1800 2740 2909 2792 drollig finden (sie glitt am feinsten mit Schnitzler auf und ab)
1800 2776 2903 2824 sie werden feststellen, daß Frau Reiter nicht viel Federlesens
1797 2816 2914 2858 macht, Frl. Siener herzlich lieb ist, Frl. Heiden süß und
1804 2852 2843 2899 gerissen zugleich, Frl. Baderle nach Wunsch unbefangen,
2845 2858 2915 2904 daß
1802 2892 2918 2945 Herr Marowsky dem Buche nicht nahekommt, Herr Weinig
1797 2929 2917 2983 in seiner Doppelrolle als Philister und Verführer dem Leben
2034 2964 2254 3023 entspricht,
1806 2960 2030 3022 wahrhaftig
2277 2964 2728 3019 Heir Dahlen mit
2735 2968 2819 3020 Takt
2872 2974 2919 3021 zu
1805 2999 2912 3051 Werke geht und Herr Almas nach Vorschrift ohne
1804 3043 2419 3092 viel Umstände zugreist sie
2420 3047 2908 3096 können die Inszenierung
1796 3076 2916 3129 und Spielleitung (Herr Robert) rühmen, die dämmerige Auf¬
1796 3122 2904 3174 machung, das Dunkel der Gedankenstriche. Ja, der Abend ging
1797 3165 2904 3207 anstandslos vor sich und die Akteure waren eifrig bei ihrem Werk
1804 3199 2911 3249 Das Letzte des Buches, was in ihm melancholisch=weh mitklingt
1795 3240 2915 3286 und den Nachdenklichen in den „Reigen“ einbezieht, kann keine
1803 3260 2904 3317 Aufführung geben. Sie mag nach Möglichkeit delikat sein, sie ver¬
1800 3315 2914 3373 gröbert die Dialoge, muß es tun, weil ihre Knappheit, duftig dem
1803 3355 2903 3400 Leser, auf der Bühne holzern wird und so viel psychologisch Be¬
1797 3396 2903 3435 ziehungsvolles verflattert. Die 6 Zivilkammer des Landgerichts
1804 3428 2907 3475 II. in Berlin hat die Aufführung des „Reigen“ eine „sittlich¬
1796 3468 2890 3517 Tat“ genannt. Ich nenne sie nicht so. Wohl: Es wird gezeig
1804 3511 2905 3559 wvie gedanken= und würdelos durch einen unedeln und unvoll¬
1803 3547 2900 3591 vollkommenen Genuß des Augenbricks zu Boden getreten wird
1797 3585 2901 3628 was der Menschheit das Heiligste sein sollte“. Wohl: „Das soll
1804 3621 2906 3676 ittlichen Ekel erzielen. Aber glauben die Berliner Herren, daß
1803 3662 2907 3709 ieser Ekel erzielt wird? Machen wir uns doch nichts vor! Zum
1790 3703 2899 3758 mindesten fehlt dann der Dialoa, der die körperliche Vereinigun
1797 3743 2910 3794 durch seelische Gemeinschaft verklärt, der den Logos und die
1801 3775 2916 3832 Sinne gattet. Für 99 Prozent der Konsumenten der nun auch in
1795 3814 2907 3868 Frankfurt gelieferten Ware dreht sichs um einen hochpikanten
1789 3851 2672 3905 Abend, nicht um die Forderung einer sittlichen Tat.
2818 3860 2881 3910 ck.
