3336 4416
354 190 493 271 11.
548 198 871 291 Reigen
1052 185 1468 282 box 17/6
2157 335 2704 431 Der Reigen.
1981 421 2849 510 Kompetenzenanarchie.
1916 508 3025 590 Aus einer Künstlerlaune ist mit einem Male eine literarische
1798 550 3024 637 und jetzt sogar eine politische Affäre geworden. Zwei Jahrzehnte
1792 602 3027 685 lang hat Schnitzlers „Reigen“ in den Bibliotheken literarischer
1797 648 3016 722 Feinschmecker geruht, ganz oben, wo Kinder bestimmt nicht hinauf¬
1793 706 3014 782 reichen. Jetzt wurde er in einem Theater aufgeführt, das sich
1801 741 3022 817 eine besondere Spezialität zu eigen gemacht hat. In die
1795 787 3022 865 Kammerspiele werden im allgemeinen keine Pensionate hin¬
1800 850 3028 924 geführt und ein Irrium innerhalb ihres Repertoires ist
1799 900 3016 964 unmöglich Das Burgtheater oder das Dentiche Volistheater
1793 931 3014 1019 haben neben ihren künstlerischen auch sittliche Pflichten. Wer in
1790 983 3009 1072 die Kammerspiele geht, weiß, daß ihn dort zumindest Erörierungen
1786 1024 3010 1115 erwarten, die er vor Halbwüchsigen lieber nicht führen
1785 1080 3010 1154 wird. Aber dies alles ist schon vor der Premiere des
1793 1118 3004 1205 „Reigen“ besprochen worden undzeigentlich erledigt. Die Debatte
1780 1173 2930 1257 über den „Reigen“ und seine Aufführung ist aber nunnganz
1782 1213 3002 1304 nötigerweise wieder aktuell geworden, weil der Bundesminister des
1772 1273 2995 1348 Innern die Vorstellungen verboten hat. Hier ist das Gebiet, auf
1781 1314 2897 1404 dem man die Debatte zu führen hat, viel enger und
2924 1337 3008 1389 viel
1775 1367 2792 1434 flacher. Jetzt kommt nicht mehr in Betracht,
2826 1383 2898 1446 ob
2927 1385 2990 1447 der
1786 1420 2728 1490 „Reigen“ für eine Aufführung geeignet
2797 1431 2859 1487 ist
2922 1436 3004 1493 oder
1782 1463 2755 1531 verletzend wirkt, sondern ob ein Minister,
2797 1481 2926 1536 der
1773 1510 2999 1590 Gesetz hüten soll, durch irgendwelche Argumente sich dazu
1773 1562 2992 1631 verleiten lassen darf, eben dieses Gesetz zu übergehen. Und da muß
1771 1612 2989 1681 man sagen, daß die Gesetzesverletzung des Bundesministers des
1769 1650 2990 1734 Innern ohne weiters deutlich ist. Die kompetente Behörde, in diesem
1777 1701 2991 1783 Falle der Bürgermeister von Wien, hat den „Reigen“ erlaubt.
1774 1747 2991 1826 Ob er besser gelan oder Recht gehabt hätte, ihn zu verbieten,
1775 1794 2995 1877 kommt jetzt gar nicht mehr in Betracht. Er hat ihn erlaubt und
1760 1841 2982 1927 der Bundesminister des Innern hat über den Kopf des Bürger¬
1769 1891 2988 1973 meisters hinweg die Vorstellung zu verbieten gesucht. Dabei beruft
1769 1947 2990 2020 er sich auf ein Gesetz, das nicht bloß das auch für Gesetze ehr¬
1761 1991 2995 2068 würdige Alter von siebzig Jahren hat, sondern auch ausdrücklich
1759 2033 2987 2110 dem Ministerium nur das Ueberprüfungsrecht im Falle eines
1772 2076 2994 2161 Aufführungsverbotes vorschreibt Dieser alten Bestimmung steht die
1763 2128 2996 2197 Bundesverfassung gegenüber, die für alle nicht ausdrücklich der
1762 2173 2995 2256 Kompetenz des Bundes zugewiesenen Angelegenheiten die Kompetenz der
1760 2221 2987 2289 Länder anerkennt. Wenn jemand sehr boshaft und ein Ideenfanatiker
1756 2277 2981 2351 wäre, so könnte er über diesen Konflikt, der zwischen Bund und Land
1753 2325 2984 2400 entstanden ist — denn nach unserer gegenwärtigen Verfassung ist
1754 2371 2980 2448 Wien ein Land und hat alle Rechte eines solchen — Freude
1759 2421 2985 2507 empfinden. Denn je#es Mittel, dieses spitzfindige, modernes
1755 2460 2970 2542 Empfinden und wirtschaftliche Notwendigkeiten übersehende Ver¬
1753 2508 2983 2585 fassung ad absurdum zu führen, könnte einem solchen Fananiker
1735 2568 2967 2636 der zeatralistischen Verwaltung eines Sechsmillionenvolkes nur
1745 2614 2964 2684 recht sein. Es würe im Grunde ganz gut, wenn die Urheber umd
1737 2649 2966 2740 Befürworter dieser unglücklichen Joee, das so klein gewordene
1742 2699 2970 2783 Oesterreich in schier unabhängige Stoaten zu zerschsagen, einmal
1741 2753 2979 2832 selbst verspürer, was sie damit engestellt hab n Aber gerade die
1748 2801 2968 2876 Leute, die sich für Verfassungsfragen intéressieren, stellen eine
1742 2848 2973 2924 Idee immer höher, als ihre Schadenfreude, und sie be¬
1751 2907 2963 2973 dauern es, daß in einer Epoche wilder Anarchie das
1741 2941 2837 3017 bestehende Grundgesetz unseres staatlichen Lebens
2894 2961 2966 3014 von
1742 2989 2868 3066 denen mißachtet wird, die alle Ursache hätten, es
2891 3009 2960 3067 mit
1743 3040 2962 3113 besonderer Fütsorge zu umgeben Hat gerade die Regierung des
1745 3087 2965 3168 Herrn Dr. Mayr sich einmal für die Selbständigkeit der Lände¬
1733 3145 2958 3214 entschieden, so muß sie diese auch respektieren, wo immer sie sich
1740 3193 2963 3259 zeigt. In dem ihr im Parteisinne näherstehenden Vorarlbera
1739 3239 2953 3311 oder im andersgesinnten Wien. Anläßlich irgendeiner Kulturfrage
1729 3281 2963 3355 etwa oder einer ihr kulturwidrig erscheinenden Theaterangelegenheit.
1732 3323 2952 3402 Gerade vor einigen Tagen hat der Bundespräsident Hainisch di¬
1739 3375 2962 3449 Stützung der Autorität als eine Notwendigkeit der staatlichen
1732 3422 2954 3497 Faktoren bezeichnet. Aber wie kann man es tieferstehenden
1724 3475 2946 3538 Kompetenzen verübeln, wenn sie alle Begriffe einer Staats¬
1729 3519 2953 3583 autorität über den Haufen werfen, wo doch die Zentral¬
1736 3561 2939 3637 stelle selbst hier das gleiche tut. Wir wissen ja, wit
1724 3624 2944 3687 es heute in Oesierreich zugeht. Der Balkan ist in Europa
1733 3670 2953 3723 vorgedrungen und wir selbst find nicht bloß im staatlichen
1726 3715 2946 3782 und wirtschaftlichen Sinne balkanisiert worden. Eine trübe Welle
1725 3755 2944 3825 reißt alles mit, was dem Staate einen Halt geben will und jetzt
1728 3805 2951 3872 muß man sehen, daß eines der wichtigsten Mitglieder des Bundes¬
1733 3858 2943 3923 ministeriums in der Welle mitgeht, wenn es seinen eigenen
1721 3899 2939 3963 Parteizwecken oder denen seiner Majorität paßt. Eine Gesetzes¬
