3484 4256
11 1600 104 1653 geben
11 1640 105 1687 in
10 1679 54 1725 en.
11 1710 97 1762 ir de
10 1756 105 1809 Werkn
9 1835 100 1882 und
9 1872 111 1922 en be
19 1954 93 2002 Herr
14 1987 107 2043 nen¬
16 2276 108 2356 n 3
19 2348 102 2395 bang
9 2382 110 2434 schaf
11 2425 77 2467 das
9 2461 94 2510 de ge
56 3218 97 3262 al
405 196 927 294 11. Reigen
271 775 437 851 der
262 864 417 941 hnitte
251 931 412 1009 atz 21
266 1078 422 1168 tung
264 1254 307 1338 6
281 1547 832 1665 Schnitzler und die
279 1657 717 1762 indigen Leute.
267 1734 824 1804 onzerthaussaale an der
247 1804 811 1847 suchte Volksversammlung
253 1834 724 1891 t über obiges Thema sprach.
736 1838 811 1886 Im
246 1872 809 1933 erhütung öffentlich=sitt¬
240 1923 819 1965 rr Rechtsanwalt von Issen¬
249 1955 822 2013 nte, daß jeder Hannoveraner ein
251 1999 811 2050 zu nehmen, wenn moralische
263 2032 811 2076 amlosigkeiten oder ähnliche
259 2075 811 2138 Versammlung solle dazu Stellung
273 2140 822 2206 Husiedt seine Ausführungen
250 2191 821 2247 us den hiesigen großen Tages¬
254 2230 811 2276 s, wobei er ausdrücklich bekonte,
256 2269 827 2318 icht berücksichtige. Die verlesesten
293 2301 814 2356 ein, so daß wir auf eine floch¬
256 2345 811 2390 können. Redner erinnerte daran,
268 2379 809 2430 Aufnahme weiterer „Reigen“¬
242 2417 813 2469 her mit Hilfe der Post hal man
254 2456 812 2515 gen“ überschwemmt. Was ani¬
253 2498 820 2554 nz=Theaters auf alle Proteste?
268 2534 505 2589 iche Tat“.
509 2539 813 2591 Nach einem Rück¬
261 2579 823 2637 „Reigen“=Angelegenheit sprach der
241 2609 820 2661 irekter Schindler möchte an¬
242 2659 815 2714 ammlung den Mut finden, das
255 2698 815 2750 upreisen! Was sollen wir
251 2740 819 2786 ichts genützt, wie wir leider
237 2769 811 2819 die Gemeinheit schützen, weil
247 2806 821 2869 t sind. Durch die Gesetzge¬
244 2855 813 2910 es Staates aus dieser Lage
252 2895 808 2939 sensbelastung für die ein¬
262 2925 808 2985 müssen daran denken, daß wir
251 2974 813 3019 haben! Jeder Christ hat das
253 3011 814 3061 zu wehren. Wenn die Direktion
253 3045 822 3100 alischen Wirkung spricht, so
246 3083 820 3136 Reigen“ saßen. Pastor Hustedi
250 3126 816 3171 en aus der Statistik der Ge¬
276 3164 817 3216 Prostitution! Es muß
309 3208 819 3249 des deutschen Volkes gerichtet
251 3249 819 3304 zu besinnen, um diese entsetzlichen
251 3277 822 3341 ie Männer uns nicht hören,
256 3320 299 3384 n!
326 3314 807 3375 Wir müssen eine „Fron
282 3362 824 3424 zur Abwehr des ärgsten
1105 196 1522 283 box 18/3
885 1547 2038 1594 Schmutzes baben, der sich breit macht. Die Gründung des
887 1587 2030 1633 Bühnen=Volksbundes, Lesehallen, verschiedene Ein¬
888 1625 2041 1676 richtungen der Frauen=Vereine u. a. m. sind als posktive
889 1661 2034 1710 Arbeit zu begrüßen. Bis alle Ziele erreicht sind, müssen wir alle
884 1700 2028 1750 Schulter an Schulter kämpfen und uns gegen die Gemein¬
885 1741 2044 1802 heit wehren! (Beifall.) Wir müssen das ganze öfsentliche
890 1783 2036 1829 Geschäftsleben als Bundesgenossen gegen den
884 1823 2031 1863 Schmutz und Schund gewinnen. In Zukunft müssen solche
880 1862 2036 1914 Dinge völlig totgeschwiegen werden und hier setzt der
889 1905 2035 1951 Selbstschutz ein. Auf die Behörden allein kann man sich nicht
891 1947 2027 1992 verlassen, es muß jeder für sich selbst sorgen! Wir gebrauchen
891 1985 2035 2030 Persönlichkeiten die in ihren Vereinen dafür sorgen,
893 2027 2027 2065 daß die Ansichten des Bundes für Sitte und Anstand bekannt und
884 2056 2031 2106 befolgt werden. Wer mitarbeiten will, soll sich in der Geschäfts¬
884 2098 2035 2146 stelle Friedrichstraße 8 B melden. Die Presse hat eine ungeheure
880 2133 2033 2180 Verantwortung, und wir werden uns freuen, auf die Mit¬
883 2177 2035 2232 arbeit der Zeitungen rechnen zu können. Die „Front der
885 2225 2032 2267 anständigen Leute", die „Hannoversche Volks¬
892 2264 2038 2301 wacht“ wird heilsam wirken, wenn der nötige Ernst dahinter
887 2298 2033 2342 steht. Wir rechnen auf alle Kreise, die breitesten Schichten:
886 2338 2026 2385 Kirche, Lehrerschaft, Aerzte, Vereine Juristen,
1308 2357 2037 2419 kurz alle, denen es Ernst ist, mitzu¬
880 2376 1278 2430 Elternbünde —
893 2404 2037 2461 helfen an der Gesundung unseres Volkes! Wir leben in den
888 2450 2035 2505 schwersten Zeiten des deutschen Volkes und sind noch nicht
881 2487 2033 2535 unten angekommen! Wir brauchen einen fröhlichen Optimis¬
882 2525 2036 2580 mus und sagen „Und wenn die Welt voll Teufel wär' — es soll
883 2569 2037 2618 uns doch gelingen!" Die Lehrerschaft könnte viel tun, wenn
894 2607 2030 2661 sie dem „Residenz=Theater“ ihre Meinung über den „Reigen“ kund¬
886 2648 2023 2700 gäbe. Wir müssen geschlossen zusammenstehen denn es
881 2682 2038 2729 muß wahr werden, daß am deutschen Wesen die Welt einst
888 2731 1691 2778 noch genesen wird! (Stürmischer Beifall!)
919 2756 2025 2833 In der folgenden Aussprache äußerte sich zunächst Herr Lehrer
878 2811 2030 2860 Rolf, der als Beauftragter der gesamten Elternbünde sprach
892 2850 2035 2900 und den „Reigen“ als das Gemeinste bezeichnete, was über
891 2892 2028 2940 eine Bühne gegangen sei. Er sei beauftragt, schärfsten Protest
885 2925 2040 2985 gegen diesen Schmutz zu erheben. Alle Anhänger der Elternbünde
893 2967 2029 3019 werden ein solches Theater in Zukunft meiden! Das Auf¬
896 3010 2029 3058 reten des Pastors Hustedt in aller Oeffentlichkeit sei eine wahrhaft
892 3050 2023 3099 sittliche Tat! Für den deutsch=evangelischen Frauenbund sprack
891 3092 2038 3136 Frau Oberstabsarzt Haberkorn ihre Genugtuung aus, daß der
880 3128 2029 3177 Kampf weitergeführt werde im Interesse der Jugend! Herr Schul¬
885 3164 2030 3211 rat Peters sprach nicht in besonderem Auftrage, hielt es aber für
901 3209 2024 3257 elbstverständrich, daß die Lehrerschaft die „Front der an¬
895 3238 2041 3291 ständigen Leute“ verstärke! Wir wollen nicht tatenlos zusehen
893 3284 2029 3332 und am deutschen Volke nicht verzweiseln! Die Ehrfurcht vor
896 3320 2036 3366 eder religiös=sittlichen Empfindung muß gefordert werden!
887 3363 2038 3420 Wir müssen an das Schiller=Wort denken: „Der Menschheit Würde
2643 1540 3235 1592 bewahret sie!“. Für die Jngend
2090 1547 2633 1600 ist in eure Hand gegeben —
2096 1577 3225 1633 sprach Herr Korte in ähnlichem Sinne gegen die „Verrotterung
2109 1614 3249 1670 der deutschen Bühnen. Er rufe allen zu „Vergeßt nicht, daß Ihr
2108 1661 3241 1711 Deutsche seid!“ Für den evangelischen Arbeiter=Ver¬
2095 1698 3242 1756 band sprach Herr Werkmeister Fischer der auch für die Zukunft
2103 1741 3246 1789 versprach, als Hüter von Sitte und Anstand lätig zu sein.
2096 1789 3244 1831 Für den Elternbund der Lukaskirche sprach Herr Baar,
2099 1827 3252 1872 der von den Erfolgen bei den Geschäftsleuten seiner Gemeinde be¬
2285 1851 3251 1910 Für die Theatergemeinde des „Bühnen=Volks¬
2101 1866 2282 1914 richtete.
2099 1896 3239 1947 Bundes“ beionte Herr Redakteur Vogedes die Ziele und Be¬
2099 1931 3246 1994 strebungen des Bühnen=Volks=Bundes, dessen Aufführungen nicht
2098 1975 3238 2030 mehr im „Residenz=Theater“ stattfinden, seitdem dort die Rottas
2098 2017 3241 2065 herrschen! (Bravo!) Zum Schlusse forderte der Redner auf, der
2105 2044 3248 2104 Theatergemeinde des „Bühnen=Volks=Bundes“ beizutreten, wo der
2102 2090 3238 2144 Schmutz und Schund keinen Platz habe. (Lebhafter Beifall!)
2101 2128 3243 2181 Ein Student Becker mit dem Monokel im Auge fand stürmischen
2101 2175 3247 2228 Widerspruch, als er meinte, die Sittlichkeit sei kein absoluter Begriff,
2104 2206 3253 2261 und wiederholt nicht zum Thema sprach. Im Namen des Ver¬
2103 2244 3245 2299 bandes der katholischen Vereine sprach Herr Gimpel und betonte.
2101 2284 3256 2337 die mit dem „Evangelischen Arbeiter=Verbande“ eingegangene
2101 2326 3245 2373 Arbeitsgemeinschaft auf diesem Gebiete. Ohne Partei und
2109 2362 3251 2411 Konfession müsse das Sittlichkeitsgefühl herrschen, der
2103 2405 3247 2454 Kampf werde zu Ende geführt werden! Herr Mechaniker Bein rief
2109 2443 3240 2493 ebenfalls für die Jugend zum Kampf gegen Schmutz und
2101 2481 3251 2531 Schund auf! Für die Guttempler=Jugend sprach Herr Diegel
2106 2519 3252 2575 ähnliche begeisternde Worte. Herr Schulz beschloß die Rednerliste
2108 2566 2625 2622 als Vertreter der Jugendbünde.
2136 2614 3259 2669 Im Schlußworte dankte Herr Hustedt allen für die Bereit¬
2107 2651 3253 2708 willigkeit zur Mitarbeit, er gehe erfreut darüber aus dieser Ver¬
2101 2708 3251 2749 sammlung. Er forderte zu mündlicher Werbearbeit auf und bat um
2101 2744 3244 2795 Annahme der folgenden Entschließung, die gegen die eine Stimme
2100 2780 2946 2831 des ausgelachten Redners zur Annah ne gelangte:
2152 2831 3254 2899 „Die aus Anlaß der fortgesetzten Aufführung von Schnitzler's
2110 2884 3251 2933 „Reigen“ aus allen Ständen der Bevölkerung stark besuchte öffent¬
2101 2925 3255 2972 liche Volksversammlung im Konzerthaus an der Goethebrücke be¬
2102 2962 3247 3020 zeichnet den mit der Gründung der „Hannoverschen Volkswacht“ vor¬
2108 3010 3245 3052 geschlagenen Selbstschutz aller anständigen Leute als das wirksamste
2100 3046 3247 3100 Mitiel zur Abwehr der für unser Volksleben außerordentlich verderb¬
2100 3085 3242 3134 lichen Angriffe auf Sitte und Anstand in der Oeffentlichkeit. Sie
2112 3118 3244 3167 bittet alle verantwortungsbewußten Persönlichkeiten der Stadt
2108 3160 3257 3208 Hannover ohne Rücksicht auf Alter, Beruf. Geschlecht, Partei und Be¬
2109 3206 3247 3252 kenntnis die Einheitsfront der anständigen Leute bilden zu helfen,
2107 3246 3259 3291 um auf diese Weise ein aussichtsreiches Werk der Volkserneuerung
2107 3283 3247 3323 betreiben zu helfen, das bei gewissenhafter Anwendung der vorge¬
2103 3320 3250 3374 schlagenen Mittel sicheren Erfolg verspricht im Kampf gegen Schmutz
2104 3358 2727 3421 und Schund im öffentlichen Leben.“
3135 3359 3228 3424 ebd
