3336 4416
284 215 414 289 11.
481 213 802 312 Reigen
994 201 1401 293 box 17/6
2558 384 2928 471 „ Wien, Samstag
2001 383 2179 482 Seite 2
1957 463 3080 567 zu Zeit Bericht zu erstatten. Kein Zweifel, er dachte an di
1962 529 3074 596 Fortbildung des Rechtes. Das Parlament, ob es uu
1970 584 3066 638 Abgeordnetenhaus, Nationalversammlung oder Nationalre
1963 617 3076 697 hieß, unternahm jedoch aus eigener Kraft nichts, um de
1968 667 3021 737 neuen Zeit auch im Theaterwesen Rechnung zu tragen.
2054 703 3076 775 Diese Trägheit im Wollen und Handeln ist für Alt
1960 750 3079 834 österreich charakteristisch gewesen. Und leider, sie ist e
1967 817 2481 882 auch für den neuen Staat.
1996 872 3049 978 Loucheur über die Zahlung der Jahres¬
2197 954 2876 1043 beträge durch Deutschland.
2172 1029 2902 1104 Telegramm unseres Korrespondenten.
2683 1055 3076 1129 Paris, 12. Februar.
2062 1105 3091 1191 Im Senatsausschuß für die befreiten Gebiete hat de
1974 1163 3087 1234 Wiederaufbauminister Loucheur gestern wichtige Er
1971 1207 3089 1280 klärungen über die Zahlungsweise für die Deutschland auf
1972 1268 3083 1328 erlegten Jahresbeträge abgegeben. Auf Anfrage des Aus
1976 1302 3091 1380 schußvorsitzenden Ribot teilte Loucheur mit, daß di
1980 1356 3089 1421 bewegliche Lahresrate von 12 Prozent von Deutschland i
1984 1405 3101 1471 bar zu zahlen sei und daß die Brüsseler Sachverständigen
1979 1451 3097 1519 beauftragt worden seien, die in bar und in Waren zu zahlen
1977 1498 3089 1569 den Beträge für die festen Jahreszahlungen festzusetzen. Mai
1977 1557 3086 1619 beabsichtigt, die Barzahlungen auf ein Vierte
1977 1598 3081 1655 und die in Waren (Kohle, Holz usw.) auf drei Vierte
1979 1639 3087 1715 festzusetzen. Die Regierung hat Zahlungen in Fertig
1975 1695 2454 1762 waren abgelehnt.
2068 1725 3091 1798 Der Vorsitzende fragte dann Loucheur, ob außer den
1985 1785 3098 1846 Anteil, der Frankreich nach den vorherigen Abmachunger
1983 1833 3101 1901 zukomme, nicht noch andere Lieferungen in natura vol
1985 1882 3108 1938 Deutschland zu erhalten wären. Loucheur verschanzte sic
1980 1926 3098 1989 hinter die Beschlüsse von Spa, die, wie er sagte, der
1985 1974 3107 2052 Grundsatz des Forfeit aufgestellt und den Anteil Frank
1978 2026 2752 2094 reichs auf 52 Prozent festgesetzt hatten.
2078 2043 3099 2129 Eine Erläuterung zu diesen Ausführungen gab Louchen
1977 2121 3099 2178 in einer Unterredung mit einem Vertreter der „Associatei
1979 2164 3088 2229 Preß“. Er sagte, es scheine, daß man die Pariser Beschlüs
1984 2213 3111 2274 über die veränderlichen Jahresraten von 12 Prozent miß
1982 2279 3101 2320 verstanden habe. Es sei niemals davon die Red
1986 2303 3108 2379 gewesen, Deutschland auf eine Ausfuhr
1985 2362 3105 2419 abgabe von 12 Prozent zu verpflichten. Mai
1982 2399 3097 2455 habe die Zahlungsfähigkeit Deutschlands untersucht. Da e
1993 2449 3096 2518 seine Zahlungen in fremder Währung leisten soll, so mußt
1992 2494 3102 2560 man dabei natürlich den Gesamtbetrag der deutschen Ausfuh
1983 2558 3099 2607 in Rechnung stellen. Man hat also die Jahresleistung i
1992 2594 3105 2660 zwei Teile geteilt; der eine ist ein fester Mindestbetrag, de
1992 2638 3102 2700 vielleicht sogar niedriger ist als der von den amerikanische
1997 2684 3101 2754 Sachverständigen auf der Friedenskonferenz in Aussicht ge
1991 2725 3103 2791 nommene; der zweite Teil ist die sogenannte veränderlich
1987 2776 3103 2849 Jahresleistung. Um ihren Betrag festzustellen, wird ma
1991 2825 3107 2890 am Ende eines jeden Halbjahres 12 Pro
1983 2881 3123 2943 zent der Gesamtsumme der deutschen Aus
2007 2923 3118 2978 uhr errechnen. Das ist also ein Mittel, eine Jahres
1994 2968 3120 3023 leistung zu berechnen, die sich der wirtschaftlichen Entwicklun
1994 3020 3120 3074 Deutschlands anpaßt. Alle Sachverständigen der Friedens
1999 3057 3128 3123 konferenz sind stets der Meinung gewesen, man müsse die
1996 3111 3120 3176 Zahlung eines Teiles der Schuldsumme, der über ein ge
1999 3158 3120 3220 wisses Mindestmaß hinausgeht, mit der wirtschaftlichen Ent
2001 3208 3121 3262 wicklung Deutschlands in Einklang bringen. Eines der besten
1996 3244 3128 3307 Merkmale für diese wirtschaftliche Entwicklung sei der Be¬
2002 3304 3135 3358 trag der Ausfuhr. Mit einem Worte: Keine Ausfuhr¬
2002 3339 3126 3413 taxe, sondern ein einfaches Kalkulations¬
1999 3392 3131 3450 mittel. Jede andere Auslegung, die die deutsche Presse ver¬
1994 3440 2372 3511 suche, sei tendenziös.
2067 3508 3080 3592 Brockdorff-Kantzau über die einmütige
2065 3582 3077 3659 Ablehnung der Pariser Beschlüsse in
2417 3631 2738 3708 Deutschland.
2275 3694 2858 3757 (Telegramm der „Neuen Freien Presse.“)
2707 3722 3124 3800 Berlin, 12. Februar.
2113 3774 3160 3849 Graf Brockdorff=Rantzau, der frühere Minister
2001 3832 3152 3886 des Aeußern und Führer der deutschen Friedensdelegation in
2019 3880 3110 3954 Versailles, gewährte einem Mitarbeiter des „Vorwärts ein
2009 3929 2949 3993 Unterredung, in der er einen Vergleich zog
2466 4008 2917 4084 des Damenschacht
2108 4018 2418 4087 Beendigung
2003 4062 2971 4138 Daunarstag Non 19 d. wurds das vom Schachklub
