3444 4416
1012 245 1448 351 box 17/6
319 248 855 364 11. Reigen
788 1361 940 1468 4
2050 1370 2145 1472 #
805 1451 2872 1599 Organ des arbeitenden Volkes für Steiermark und Kärnten.
655 1583 1111 1676 Erscheint tänlich frab.
1714 1586 1959 1674 Redattion.
2395 1624 3171 1686 Bezugspreise samt Zustellgebühr:
1508 1642 2165 1721 Graz, Mariengasse Nr. 16, II. Stock.
325 1655 1448 1737 An Montagen und nach Feiertagen um 2 Uhr nachmittags.
2221 1647 3336 1725 Für Graz: Monatlich 25 Kronen. — In der Ungebung von Graz:
2224 1698 2540 1754 Monatlich 20 Kronen.
2542 1684 3341 1749 — Für answärts m: Postzustenlung 25 Kronen mit
1512 1694 2159 1770 Telephon für den Lokalverkehr Nr. 3085;
611 1715 1190 1774 Verwaltung und Expedition:
2219 1733 3344 1774 Zustellung durch eigene Austräger 27 Aro en. — Für Ingsslawien 24 lum¬
1556 1733 2111 1799 für den Interurbauverkehr Nr. 319.
2227 1761 3356 1809 staw sche Krenen mon ulich; für die Tschechoslowakei 15 tschechoslowakische
379 1739 1410 1821 Graz, Mariengasse Nr. 16, I. Stock. Telephon Nr. 3007.
1672 1782 1998 1844 Für Kärnten:
2226 1787 3342 1840 Kronen monatlich. — Für Teutschland 36 Kronen monalich. Für dus äbrige
330 1794 1438 1849 Inseratenaufnahme in der Verwaltung in Graz, Mariengasse Nr. 16, 1. Stock.
2218 1826 3340 1877 Aus.and 52 Kronen monat.ich. Für die Wochenausgabe allein vierteljährlich
341 1838 1446 1897 in den  rovinzorten durch die Bevollmächtigten der Verwaltung sowie durch
1521 1805 2133 1890 Klagenfurt, Bismarckring Nr. 7.
2700 1859 2863 1900 16 Kronen.
724 1860 1057 1918 alle Inseratenbureaus.
1511 1868 2168 1935 Manuskripie werden nicht retourniert, anonyme
2217 1875 3353 1953 Der Bezugspreis ist im vorhinein zu bezahlen. — Erhöhung der Bezugspreise
548 1883 1242 1948 Tesrarkeselonie Nr. 31097. — Postfach Nr. 90.
1610 1905 2063 1953 Zuschriften nicht beeäcksichtigt.
2686 1911 2881 1960 vorbehalten.
883 1939 2784 2012 Sinzeiprie für drog: An Sonn= und eierna en 1 Krmne 50 Heler: Konragblat 50 Heiter an den Abrgen Botentagen 1 Krone.
465 1992 3215 2041 Einzelpreis für die Provinz: an Sonn= und Feiertagen sowie jeden Diens ag, in Kärnten Deunerstag und in Steiermark Freitag 1 Kr.ne 50 Heuer; an den übrigen Wochentagen 1 Krone.
399 2070 675 2165 Nr. 43.
1148 2078 2542 2179 Graz, Sonntag den 13. Februar 1921.
2785 2079 3293 2182 32. Jahrgang.
1344 2254 3361 2330 gen Verhältnisse verursacht werden, in arge Ver- fallend, daß aber eine Regierung so schamlos ist,
561 2243 1090 2364 Parteigenessen!
1336 2313 1693 2392 wirrung gerieten.
2352 2305 3358 2376 den Weg des Verfassungsbruches zu beschreiten, das
2358 2366 3354 2417 ist eine solche Un##rtheit, deren Zurückweisung
1395 2351 2348 2429 Wir wollen natürlich nicht bestreiten, daß die
377 2351 1336 2444 Väter und Mütter, erscheinet alle heute Sonntag
2356 2415 3359 2466 nicht nur ein Gebor#er Pflicht aller wäre, die auf
1340 2415 2340 2481 desperate Lage der Arbeiter und der Angestellten
308 2419 1325 2517 den 13. Februar um 10 Uhr vormittags in den
2357 2455 3360 2506 dem Boden von Gesetz und Recht siehen, sondern
1343 2467 2346 2519 mitunter Streiks hervorruft, die besser unterbleiben
2356 2497 3359 2552 vornehmlich der bürgerlichen Presse, die alle ihre
322 2491 771 2572 Juliensälen, wo
1338 2520 2236 2578 würden. Ja, es ist sogar schon vorgekommen,
2260 2518 2343 2577 daß
2354 2532 3367 2600 Entrüstung zur Zurückweisung schon des geringsten
2251 2567 2346 2625 Als
1338 2559 2236 2628 Streiks mutwillig heraufbeschworen wurden.
2355 2581 3365 2639 Versuches zum Verfassungsbruch auswenden müßte.
1344 2616 2347 2671 Musterbeispiel möchten wir den bekannten Versuch der
432 2539 1252 2698 Genosse Otto Glöckel
2357 2629 3363 2695 Ist das in Wien, wenn auch recht lendenlahm, der
2264 2667 2349 2733 die
1337 2666 2266 2717 deutschnationalen Eisenbahnbeamten anführen,
2362 2660 3358 2730 Fall, so bildet Graz eine Ausnahme. Nicht nur daß
736 2688 941 2776 über die
1341 2708 2331 2769 im Vereine mit den Kommunisten vor einigen Mo¬
2363 2721 3367 2775 sie den Kampf der Sozialdemokraten gegen eine
2361 2757 3367 2812 infolge des Versassungsbruches meineidig gewordene
1347 2757 2336 2825 naten den gesamten Eisenbahnbetrieb lahmlegen
317 2768 1333 2864 Pflichten der Nepublik gegenüber unserer
2354 2813 3364 2867 Regieruna mit aller Gehässigkeit und Verleumdung
1341 2815 2340 2874 wollten. Bekanntlich waren es gerade die „gänzlich
724 2837 934 2929 Jugend
2361 2855 3361 2908 zu hemmen sucht, versucht sie, mit widerlicher Ver¬
1343 2869 2336 2924 urteilslosen Massen“, die im Vereine mit ihren
2355 2897 3368 2958 drehung des wahren Sachverhaltes die Sozialdemo¬
327 2890 630 2988 sprechen wird.
1348 2902 2338 2977 „gewissenlosen Führern“ diesen Versuch mit Erfolg
2350 2943 3360 3007 kraten als Beschützer der lüsternen Bedürfnisse des
1335 2962 2338 3027 vereitelten, wobei es ihnen gar nicht eihfiel, die
736 2955 1290 3047 Die Landesparteivertretung.
2359 2982 3359 3045 Prasser= und Schieberpublikums hinzustellen. Und
1346 3006 2336 3070 Hilfe der Herren Arzte in Anspruch zu nehmen.
2352 3029 3359 3090 gerade jene Zeitung übernimmt dabei die Führung,
1344 3056 2341 3117 Wir glauben übrigens, mit Recht annehmen zu
2358 3051 3361 3126 deren Artikel und Inserate das Schieberpack gera¬
1336 3108 2343 3172 dürfen, daß ihnen diese Hilfe versagt worden wäre,
2356 3114 3366 3176 dezu züchten, deren Kuppelecke eine Kulturschande ist,
352 3100 1321 3192 Die Arzteorganisation Steier¬
1338 3157 2331 3215 da die Veranstalter dieses mutwilligen Streiks der
2361 3170 3371 3231 wobei es wohl gar keinen Zweifel gibt, daß die
2369 3206 3376 3263 Existenz der Straßendirne sittlicher erscheint als
1341 3211 2347 3265 gleichen Gesinnung huldigen wie die von Herrn
363 3199 1305 3297 marks auf dem Kriegspfade.
2359 3259 3359 3312 die Existenz eines Papiers, das täglich als Gelegen¬
1344 3258 2348 3320 Polland geführten Arzte. Der Unmut der Herren
385 3271 1327 3356 Herr Professor Polland sendet uns ine von der
2354 3281 3361 3355 heitsmacherin auftritt, ohne daran gehindert zu wer¬
1351 3303 2344 3364 richtet sich nämlich gege###ewisse Schichten der
326 3315 1336 3393 „Landesorganisation der Arzte für Se#termark“ un¬
2356 3340 3359 3398 den. Für die Sozialdemokraten steht die Frage nicht
1340 3351 2343 3419 Bevölkerung“, die „im rücksichtslosesten Klassen¬
2363 3388 3359 3439 zur Entscheidung, ob der Herr Piffl und der Herr
332 3384 1325 3449 terfertigte „Kundgebung“, die sich wyeleine Kriegs¬
1348 3393 2341 3462 kampfe das Ideal eines demokratischen Staats¬
2359 3432 3369 3486 Funder und die „Tagespost“ durch „Reigen“=Auf¬
324 3432 1327 3498 erklärung liest. Der Krieg wird nicht #wg der En¬
1351 3458 2338 3529 wesens zu erblicken scheinen". Diesen „gewissen
2371 3469 3371 3536 führungen in ihrem „sittlichen Empfinden“ gestört
334 3481 1326 3559 tente, auch nicht den Schiebern und Schleichhändlern
1344 3504 2340 3563 Schichten“ gilt die Kampfansage; ihnen soll zu Ge¬
2370 3513 3364 3581 werden (bei der „Tagespost“ zumindest bestreiten wir
333 3534 1332 3589 erklärt, sondern der — Arbeiterschaft. [Diese besteht
1339 3547 2349 3632 müte geführt werden, „daß sie und ihre Angehörigen
2481 3559 3366 3622 ganz entschieden.), für sie handelt es
336 3586 1336 3646 nämlich nach der Überzeugung der Herrhn Arzte aus
1342 3604 2349 3667 in Zukunft von denselben Gefahren bedroht sein
2380 3594 3367 3668 sich ausschließlich darum, der Verfassung Achtung zu
336 3634 1322 3695 „angeblich politisch reifen, in Wahrheit aber gänz¬
2360 3650 3363 3710 verschaffen, auch vor dem Herrn Mayr und seinem
1339 3659 2342 3737 werden wie bisher die unschuldigen Opfer der Ar¬
321 3680 1338 3741 lich urteilslosen Massen“, die sich immer wieder
2364 3694 3364 3753 Glanz und in dielem Bestreben werden und können
1343 3698 1663 3772 beitseinstellung“.
327 3728 1327 3787 durch „entweder beschränkte oder aber gewissenlose
2370 3737 3356 3812 sie sich nicht beirren lassen, auch wenn journalistische
1415 3734 2347 3832 Herr Polland will also die Arzte gegen die Ar¬
331 3779 1317 3839 Führer aufreizen lassen". Diesen „urteilslosen Mas¬
2357 3782 3140 3855 Buben sie noch so sehr mit Kot bewerfen.
1347 3797 2345 3874 beiterschaft mobilisieren. Sie sollen das erzwingen.
330 3830 1326 3891 sen“, gleichwie deren „gewissenlosen Führern“, soll
2419 3828 3358 3917 Wie freht die Rechtsfrage? Das Schnitzlersche
1351 3859 2338 3925 was unsere christlichsoziale Regierung nicht erzwin¬
329 3853 1339 3936 nun das Handwerk gelegt werden, und zwar mit
2374 3883 3367 3957 Theaterstück nurde, nachdem es Börher die Zensür
1350 3901 2339 3977 gen kann, weil die ehemals monarchistischen Macht¬
332 3930 1329 3992 Hilfe nachstehender Entschließung: „Im Falle eines
2367 3933 3368 4002 passierte und gegen die Aufführung keine Einwen¬
1349 3953 2342 4024 mittel nicht mehr zur Verfügung stehen. Das ist der
324 3977 1331 4034 neuerlichen, offensichtlich ohne wirklich unabweis¬
2373 3980 3360 4042 dung erhoben wurde, einigemal ohne Anstand ge¬
1359 4007 2339 4067 eigentliche Kern der ärztlichen Kundgebung. Alles
2373 4013 3370 4091 spielt bis es den Piffl=Funder gefiel, dagegen zu de¬
322 4021 1339 4093 bare Gründe herbeigeführten, mutwilligen Streiks
1343 4062 2336 4114 andere ist moralisierender Aufputz, dessen Unaufrich¬
2363 4065 3360 4128 monstrieren. Die Regierung des Mayr, die ja die
330 4078 1340 4144 im Bereiche solther Einrichtungen und in einem
1353 4106 2342 4171 tigkeit nur peinlich wirkt. Wer soll an das Mitleid
2365 4114 3365 4178 Befehle der Piffl=Funder vollziehen zu müssen glaubt,
336 4126 1330 4200 solchen Umfange, daß dadurch wichtige Interessen
1343 4153 2343 4212 des Herrn Polland mit  den „Opfern der Arbeits¬
2370 4157 3356 4218 wandte sich an den Wiener Landeshauptmann,
335 4176 1322 4241 einer breiten Allgemeinheit schwer getroffen wer¬
2362 4179 3355 4250 dun nach dem Gesetze die Theateraufführungen un¬
1346 4177 2335 4257 einstellung“ glauben? Hat es noch keinen Arztestreik
335 4223 1322 4314 #
900 4278 927 4290 K
1500 4231 1567 4290 S
