3444 4320
991 110 1403 202 box 18/1
311 116 802 223 11. Reigen
767 1083 1721 1196 Kleines Schauspielhaus.
903 1169 1581 1260 Arthur Schnitzl## Reigen.
568 1129 660 1264 *
1016 1235 1484 1326 Erstauffüchng.
728 1279 1847 1376 Aller Wahrscheinlichkeit nach hat die Direktion Cysoldt
567 1270 653 1365 S
581 1352 1838 1411 u. Sladek diesen Reigen als das eizig mögliche Weihnachts
646 1394 1839 1477 spiel angesprochen, das für das verlottärte Berlin von 1920 nock
652 1448 1841 1532 das gegeben wäre. Hat sie doch die zü recht bestehende „einst¬
646 1494 1844 1581 weilige Verfügung“, die ihr das Spiel unter Androhung
653 1561 1843 1616 einer Haftstrafe von sechs Wochen bis auf weiteres verbot, mit
653 1609 1841 1670 kühner Theatergebärde als gleichgültig abgewiesen. Ja, der kurz
655 1647 1845 1717 Vorspruch, den Gertrud Eysoldt dem Stück vorausschickte
666 1701 1853 1768 entbehrte nicht einer gewissen heroischen Größe und so bleibt also
668 1749 1844 1815 immerhin der Mut zu bewundern, mit dem die Direktion für
662 1790 1844 1875 ihren Dichter eintritt. Für den Dichter? Ja. tut sie das wirklich?
668 1842 1844 1913 Schmitzler betitelt dies sattsam bekannte Stück, das vor eine
668 1890 1858 1965 Reihe von Jahren schon einmal einen schüchternen Versuch gemacht
662 1940 1847 2017 hatte, sich einige Bildlängen weit zu halten, als „Zehn Dialoge“
666 1980 1849 2065 Vermutlich ist er selbst also sich der Unaufführharkeit dieser
667 2054 1869 2122 Szenen etwas reichlicher bewußt gewesen, und es mutet einen
659 2099 1869 2164 deshalb ein wenig merkwürdig an, daß man in Berlin das Wagnis
675 2146 1864 2221 auf sich nehmen wollte, diese Bescheerung dem Publikum ausge¬
664 2194 1854 2268 rechnet zu Weihnachten zuzudenken! Wie gleichgültig sich dieses
674 2240 1867 2315 auch bis zum Schluß verhielt, dürfte doch eine Notwendigkeit
661 2290 1851 2365 kaum vorliegen, das Buch aus dem Geheimnis des Kopflissene
666 2341 1867 2408 eines Backsischbettes auf die breite Bühne zu zerren. Nun es aber
670 2384 1869 2459 doch einmal da ist, wollen wir wenigstens der Regie die Ent¬
671 2438 1856 2515 schuldigung zubilligen, daß sie ja gar nicht Schnitzler, sonder
664 2488 1860 2565 Herbert Neusch à la Schnitzler gebracht hat. Diese
670 2541 1870 2622 freundliche Art, alles mit dem Mantel der Liebe zuzudecken, zu
672 2596 1861 2665 deutsch den Schleiervorhang immer im entscheidenden Augenblic
679 2641 1862 2720 noch gerade schnell genug fallen zu lassen, ist zweifellos sehr an¬
676 2687 1871 2771 erkenenswert. Denn erstens riecht es so wunderschön nach scham¬
675 2739 1865 2817 hafter Pröderie, zweitens aber erhöht es den Neiz der Auf¬
685 2800 1862 2866 führung ungemein. Was aber un=gemein gesagt werden kann
681 2841 1868 2911 kann unmöglich gemein sein! Wir werden also demnächst
680 2889 1864 2967 Schnitzlers fakul.ativen Reigen“ in der Einheitsschule obliga¬
675 2938 1715 3026 torisch zu machen haben. Natürlich — nur den Unterricht!
761 2968 1871 3062 Ob ich weiter auf den Inhalt eingehen muß, erscheint mir
674 3042 1865 3105 doch ein bischen zweifelhaft. Es ist eben halt ein Reigen! Wie
676 3090 1883 3169 man ihn seit alters her an Barfußfesten zu tanzen pflegt. Nur
1861 994 3068 1082 daß er mehr ins bürgerliche Stadtbild gerückt scheint und mit der
1863 1069 3067 1135 Dirne und dem Soldaten beginnt, und in dem Grafen und der
1863 1103 3071 1201 Dirne sein Ende findet. Daß sich daher köstliche Hiebe nach allen
1901 1164 3057 1230 eigentlich könnte man hier auch sagen — beiden! — Seiten
1870 1214 3061 1293 austeilen lassen, ist klar und braucht Schnitzler nicht erst noch
1873 1265 3062 1342 empfohlen zu werden. Das besorgt er glänzend ohne fremde An¬
1880 1313 3070 1384 regung. Die Schauspieler spielten alle mit einem gewissen
1874 1364 3062 1443 mimlichen Schmunzeln. Victor Schwanneke lieh dem
1880 1412 3070 1486 Ehemann jene versteckte Prüderie und Aengstlichkeit, der Ehe¬
1873 1466 3059 1540 männern in solchen Lagen nun einmal eignen soll. Pold
1882 1512 3071 1585 Müller gab din herziges „süßes Madel“. Der Dichter
1876 1558 3069 1639 wurde von Karl Ctlinger sein ironisiert. Eigentlichen Er¬
1887 1622 3074 1684 folg erzielte aber nur Blanche Dergan als nicht übertriebene
1884 1670 3074 1743 schamhafte Schauspielerin. Else Bäck war die dicke Dirne, mit
1883 1712 3082 1785 der ländlichen Herkunft und den kräftigen Armen. Robert
1886 1766 3070 1842 Forster=Larrinago, eine gute Karikatur eineg leicht ver¬
1883 1822 3074 1891 blödeten Grafen. Von wem die Betten waren, die wie vom Him¬
1890 1862 3083 1933 mel gefallen schienen? richtig von Stern! Auch noch ein¬
1879 1922 3073 2000 „verbindende Musik“ von Robert Forster=Lairi¬
1883 1975 2614 2035 nago stellte sich vor. Richtig, richtig!
1953 2012 2927 2107 Was sagste nu, Berlin? — Da haste die Bescherung!
2706 2078 2997 2152 Fritz Körn.
1947 2178 3069 2264 Im Neuen Volkstheater geht am ersten Feiertage „Perikles von
1887 2248 3078 2295 Tyrus“ mit Paul Bild in der Hauptrollé in Szene, am Sonntag, den
2817 2274 3074 2326 Am 80. Dezem¬
1894 2286 2802 2329 zweiten Fetertag Gerhart Hauptmanns „Biberpelz“
1890 2309 3076 2373 ber findet die Erstaufführung des Schwankes „Amt Steinplatz
1890 2360 2803 2405 436“ von Oskar Engel und Ernst Laskowski statt.
1955 2377 3081 2450 Kinder für die Kinder! Märchennachmittag für die „Deutsche
1892 2428 3078 2484 Kinderhilfe“ am 30. Dezember, nachm. ½8 Uhr, im Künstlertheuter,
1898 2478 3075 2518 Nürnberger Straße. Unter Mitwirkung von: Käte Dorsch (Kinder¬
1893 2499 3088 2553 lieder), Lala Herdmenger (Volksliedertänze). Lina Lossen (Märchen),
1902 2539 3076 2592 Max Adalbert, Ernst Beoeckel (Lieber zur Laute), Theodor Loos
1906 2569 3074 2621 Märchenl. Paul Morgan. „Fizzli=Fiz, der Himmelsschneider“ von
1897 2612 3085 2656 Max Jungnickel. Danach Lieder und Märchen. Eintrittskarten im
1890 2639 3009 2704 Vorverkauf an sämtlichen Theaterkassen und an der Tageskasse.
1952 2676 3086 2739 Neuübersetzung der „Bögel“ des Aristophanes. Zu Ehren des
1899 2724 3080 2779 Berliner Altertumsforschers Professor Hermann Diels, der heute
2766 2758 2978 2811 begeht, hat
1896 2758 2735 2814 die Feler seines 50jährigen Doktorjubiläums
1900 2762 3085 2847 Hallesche Archäologe Gehelmrat Karl Robert die „Bögel“ des
1899 2821 3080 2884 Artstophanes übersetzt und ihm die Uebersetzung als Festgabe über¬
2996 2858 3079 2907 in
2247 2864 3001 2922 gelangt voraussichtlich am Goethetheater
1900 2875 2250 2920 reicht. Das Werk
1903 2910 2369 2975 Lauchstädt zur Aufführung.
1959 2937 3087 3009 Walter Bromme, der bekannte Berliner Operettenkomponist,
1906 2982 3080 3041 der bereits verschiedene hiesige Bühnen leitete, hat für die Zeit
1896 3019 3078 3077 vom 15. Januar bis 14. August k. J. das Thalia=Theater ge¬
1904 3050 3093 3125 pachtet. Herr Bromme wird seine Spielzeit am 15. Januar mit
1891 3094 2314 3169 einer Neuheit eröffnen.
