3336 4416
275 62 468 152 11.
984 62 1396 150 box 17/6
490 73 789 173 Reigen
750 305 1536 419 Thegter und Kunst.
815 442 1425 538 Hinter den Kulissen.
593 413 672 548 1
529 529 1758 590 (Das „Reigen“=Verbot. — Von der früheren Zensur und ihrem Wirken.
593 573 1744 657 Das neue Opernballeit. — Lina Loos und ihr Stück. — „Reigen“
903 617 1368 667 und die ältere Generation.)
648 642 1746 728 Sensation des Tages: der „Reigen“ ist verboten, wird ver¬
524 694 1745 770 boten, das Verbot auf dem Wege ... Eine Theateraffäre, die
538 752 1748 813 das Gefüge des Staates bedroht, dem Kampf der Parteien Zünd¬
537 795 1748 865 stoff gibt. Schnitzler stand schon zweimal im Mittelpunkt von
529 849 1752 900 Affären. Einmal, da er den „Leutnant Gustl“ schrieb, den das
524 884 1745 956 Offizierskorps der Armee als Beleidigung empfand, und das
540 950 1739 1006 zweitemal aus Anlaß sseines „Professor Bernhardi“, den die
520 990 1742 1052 Zensur verbot, weil er das religiöse Empfinden der Staats¬
528 1037 1748 1104 bürger zu verletzen geeignet. Jetzt, beim „Reigen“, handelt es
528 1081 1743 1156 sich um die Sittlichkeit, die angeblich gefährdet. Die Regierung
523 1140 1735 1188 wird gegen die tolerante Landesregierung zu Hilfe gerufen und
521 1182 1742 1240 schreitet ein, nachdem ein paar tausend Wiener Menschen durch
527 1228 1728 1290 den „Reigen“ bereits „schwere sittliche Schäden erlitten ....
526 1278 1732 1336 Es ist immerhin nicht allläglich, daß ein Stück nicht vor der Premiere
520 1315 1732 1382 sondern nach der Aufführung das Mißfallen der Behörden erregt.
525 1371 1739 1442 Aber keineswegs das erstemal. Eine ganz ähnliche Geschichte
528 1422 1729 1471 passierte, freilich im alten k. Oesterreich, mit dem „Feldherrn¬
523 1472 1736 1528 hügel“. Er wurde nach der achtzehnten Aufführung vom Repertoire
531 1521 1731 1580 „abgesetzt". Auf Verfügung von oben. Damals ließen sich solche
525 1567 1733 1632 Dinge noch viel, viel leichter machen, als heute. „Der Feld¬
531 1612 1723 1669 herrnhügel“ hatte großen Zulauf und bald sprach es sich herum,
524 1660 1733 1721 daß die „Hoheit“ kein Geringerer als weiland Erzherzog Otto fei
528 1715 1738 1775 und auch hinier den diversen Offizierstypen Originale aus der
523 1749 1150 1806 Werreichischen Gegenwart ständen.
636 1777 1742 1855 Aber die Zenjurfreigabe war nun einmal erfolgt. Was da
514 1857 1743 1918 tun? Während der ersten Vorstellungen überwachte die Behörde
527 1895 1734 1979 die Madken der einzelnen Darsteller. Jede Aehnlichkeit war un¬
840 1991 1282 2044 Neues Wiener Joulnal
528 2068 1745 2126 bedingt verboten. Charlé, der die „Hoheit“ spielte, mußte sich
531 2111 1732 2177 anstrengen, um nur ja an keinen Habsburger zu erinnern, und
517 2151 1737 2210 jeden Tag kam der Direktion eine Verwarnung zu, dieser oder
524 2200 1743 2268 jener Schauspieler hätte, irgendeiner militärischen Kapazität
538 2249 1740 2312 ähnlich gesehen. Einige Erzherzoge besuchten inkognito die Vorstellung,
534 2294 1745 2358 antüsierten sich ausgezeichnet und waren gar nicht böse. Eines
546 2344 1753 2413 Abends passierte ein Malheur. Eine Hofdame der Erzherzogin
1670 2392 1749 2453 Die
540 2396 1532 2455 Maria Josefa saß im Theater und war empört
540 2451 1745 2506 Folgen dieser Empörung machten sich schon am nächsten Tag
541 2478 1742 2551 bemerkbar. Die Direktoren der Neuen Wiener Bühne wurden aufs
536 2531 1752 2600 Polizeipräsidium gebeten. Dort legte man ihnen nahe, auf weiters
543 2584 1747 2653 Aufführungen des interessanten Werkes zu verzichten. Falle
538 2622 1760 2691 nicht . .. deutete man ihnen zart an, mögen sie bedenken, daß
532 2676 1755 2753 sie nur eine „erweiterte Singsyielhallenkonzession“, besäßen und
544 2730 1760 2793 laut dieser nach einem Gesetz aus dem Jahre 52 oder früher nur
944 2769 1754 2841 Die Direktoren verstanden, und der „Feld¬
539 2782 946 2847 berechtigt seien ...
546 2817 1746 2890 herrnhügel“ verschwand. Das war natürlich im alten Oesterreich.
534 2887 1622 2952 Heute ist dergleichen ja nicht mehr möglich —, sagt man.
661 2914 1764 2977 Eine Zensurvergangenheit hat auch Robert Misch' Komödie
551 2963 1763 3030 „Biederleute“, die heutige Volkstheater=Novität. Sie wurde vor
551 3008 1759 3080 zirka siebzehn Jahren im Berliner Lustspielhaus unter Martin
548 3054 1760 3124 Zichel zum erstenmal gespielt. Mit Fischer in der Hauptrolle,
552 3111 1760 3167 der auch heute diese Rolle spielt. Vor ein paar Jahren sollte
553 3150 1759 3208 die Komödie schon im Volkstheater drankommen. Mit Tyrolt.
555 3207 1761 3253 Aber vor der Generalprobe wurde sie abgesetzt und verschwand.
560 3247 1759 3306 Sie war Herrn Direktor Weisse, dem damaligen Volkstheater¬
561 3295 1767 3357 direktor, zu „stark“, er wollte dergleichen seinem Publikum
559 3342 1763 3401 nicht zumuten und opferte Probenmühe und Erfolgchance für das
546 3390 1760 3459 gesellschaftliche Niveau seines Theaters, das eine Welt wie die
552 3444 1263 3510 der „Biederleute“ nicht kennen durste.
675 3499 1767 3550 Spricht man von Zensur und Zeusurpraktiken, darf man
557 3536 1764 3607 jenes Zensurverbot im Burgtheater nicht vergessen, das damals in
556 3585 1752 3651 ganz Deutschland Aufsehen machte: das Verbot der „Rose Bernd“
560 3633 1768 3702 von Hauptmann, das gleichfalls auf höfische Intervention zurück¬
558 3680 1770 3745 zuführen war. Eine Enherzogin war bei der Aufführung, plötzlich
551 3734 1780 3790 sprang sie entrüstet auf und rauschte aus der Loge, nicht ohne
563 3775 1776 3845 vother einen Sessel umzuwerfen. Der Direktionsstuhl Schlenthers
560 3832 720 3892 wackelte.
672 3864 1775 3954 Im Opernhallett gab es jetzt erregte Tage. Gestern abend
562 3923 1764 3991 endlich wurde die Reise nach Spanien angetreten mit herzlichen,
567 3982 1776 4040 rührenden Abschiedsszenen. Bis zur letzten Minute gleichsam war
952 4026 1778 4076 wer der künstlerische Leiter der Tournee
560 4034 896 4081 es noch ungewit
