3336 4320
243 77 756 192 11. Reigen
939 96 1344 199 box 18/1
2221 751 2321 841 813
953 847 2313 936 anderes wollte, als diese Bilder weisen — dann ist Arthur Schnitzler
949 908 2316 973 tatsächlich Pornograph. Wenn aber ein Gedanke, ein starker, guter
962 972 2311 1036 Gedanke diese Details beherrscht, wenn die Details notwendig sind,
959 1021 2314 1081 um eine Idee zum Ausdruck zu bringen — dann ist das ganze Werk
948 1071 2323 1120 durch diese Idee geadelt, geläutert, emporgehoben und dann haben
960 1121 2321 1192 diejenigen Unrecht, die wider Schnitzler jetzt moralisch so lebhaft sich
957 1166 1141 1236 entrüsten.
1069 1194 2308 1280 Nun ich sehe in dem Werk sehr deutlich eine solche Idee. Die
951 1268 2317 1332 Form des Reigens ist nicht absichtslos gewählt; nicht absichtslos
952 1330 2322 1386 gehen die Dialoge von der Dirne aus; nicht absichtslos kehrt der eine
951 1368 2313 1438 Teilnehmer einer Szene in der nächsten jedesmal wieder, so daß eine
960 1424 2323 1484 enge Verbindung, ein Zusammenhang zwischen allen Personen dieser
958 1471 2321 1533 Vorgänge besteht; nicht absichtslos wirkt gerade ein Ehepaar in der
950 1518 2322 1576 Mitte der Ereignisse; nicht absichtslos endlich schließt der Kreis, wie
951 1567 1513 1642 er begonnen, mit der Dirne.
1064 1629 2314 1698 Es war nun kaum wohl Schnitzlers Intention, zu zeigen, daß
947 1678 2314 1730 in dieser moralischsten aller Welten die ehelichen Geschlechtsbeziehungen
950 1724 2319 1792 von den irregulären turmhoch umbrandet, überschwemmt und heuchlerisch
945 1780 2317 1833 und verlogen gemacht werden; oder daß Monogamie eine Illusion ist
947 1830 2310 1896 und daß, wie in seinen Szenen, auch im Leben jeder und jede zumindest
943 1877 2304 1930 zwei Geschlechtsrelationen hat; oder daß man der einen seiner Geschlechts¬
939 1935 2315 1998 relationen gebend, der andern empfangend gegenübersteht. Bei all diesen
953 1970 1709 2047 Hypothesen bleibt ein ungeklärter Rest.
1055 2027 2316 2106 Was Schnitzler zeigen wollte, war etwas anderes. Und zwar,
940 2081 2316 2142 wie ich glaube, war es dies: Er wollte darauf hinweisen, daß es eine
946 2136 2317 2185 Gefährlichkeit des Ehebruchs und der Ausschweifung gibt, abgesehen von
944 2181 2321 2242 der Überraschung durch den Mann oder durch die Frau und abgesehen
938 2232 1904 2302 von der Verachtung durch die Gesellschaft —
1938 2237 2306 2304 eine Gefährlichkeit,
944 2283 2307 2339 die sich darauf gründet, daß die irseguläre Geschlechtsbeziehung die
950 2335 2319 2385 Schuldigen nicht isoliert läßt, sondern mit den unreinsten Persönlich¬
943 2384 2315 2438 keiten in nahe Verbindung bringt, daß der Weg zum Ehebruch von
944 2433 2306 2498 der Dirne kommt und von ihm fort zur Dirne führt, daß A und
943 2475 1030 2544 0,
1029 2482 2315 2535 Anfang und Ende der irregulären Geschlechtsbeziehung die Dirne
942 2535 2311 2585 und wieder nur die Dirne ist. Die Dirne ist gesund — dann geht
946 2582 2303 2648 alles gut! Aber stellen Sie sich vor, daß sie krank ist, daß ein gefähr¬
944 2633 2313 2689 licher Keim in ihr ruht, der sich „in Liebe“ weiterpflanzt — dann
938 2677 2316 2739 wird der ganze, scheinbar so freudige Reigen zu einem drohenden
940 2726 2301 2793 Todestanz, gemimt von gräulichen Skeletten, zu einer grinsenden
940 2771 2306 2841 Gespensterreihe, die künftigen Generationen noch Aussatz und Stumpf¬
949 2824 2304 2892 sinn bringt. Das ist die Idee, die das Werk suggeriert, die starke,
949 2876 2307 2931 sittliche Idee, und wenn es die Idee eines Arztes ist (der Arthur
944 2930 2315 3004 Schnitzler bekanntlich war), so hat die Hand eines Dichters, eines
939 2970 1664 3038 ausgezeichneten Dichters, sie gestaltet.
1060 3022 2310 3099 Es ist wahr, der Gedanke steht nicht ausdrücklich im Buche;
950 3069 2307 3136 aber wenn ich darauf kam, ich beinah'! ahnungsloser Engel, um wie
941 3131 2306 3181 viel mehr muß die schuldige Frau, der schuldige Gatte beim Lesen dieses
936 3178 2310 3243 Buches drauf verfallen, und um wie viel tiefer und stärker muß auf
933 3229 1760 3310 sie die warnende, koerzitive Wirkung sein.
1062 3279 2298 3356 Für höhere Töchter ist das Werk natürlich gleichwohl keine
932 3347 2306 3401 Lektüre. Aber nur ganz oberflächliche Leser, die nicht den Zusammen¬
