3336 4320
201 129 714 236 11. Reigen
63 812 630 895 Nieder mit dem „Reigen“!
59 882 494 949 Sozialdemokratie!“
557 880 625 957 Es
58 924 553 1000 kr ein Tapezierergehilfe
60 983 620 1050 spezierergehilfen ist als bei
46 1026 623 1106 on einige ähnliche Sachen
54 1073 619 1149 n. Nach einigen Jahren
53 1123 613 1200 Bücher, die ich geschrieben,
52 1176 371 1259 einer Gegner.“
69 1277 331 1381 ier Gegner
90 1603 603 1714 worte.=
53 1885 172 1958 agen.
54 1966 346 2065 nschen weiß?
52 2048 297 2133 rruchtesten
74 2185 419 2275 Mus geschaffen,
57 2253 310 2326 Schlaraffen;
50 2344 230 2437 rdauen.
55 2927 212 3022 jewesen,
47 2997 155 3070 esen.
61 3105 274 3201 s getan?
40 3180 396 3261 so häßlich an.
41 3249 593 3349 Sosscccccose
60 3330 580 3439 UND KRAFT
905 117 1271 215 box 18/
2501 743 2562 825 5
1009 820 2553 927 Zu Arthur Schnitzlers „Reigen:
1146 910 2554 992 Es kommt alles auf die eine Frage an: ob bei diesem Ringelspiel der
1016 983 2560 1053 Erotik eine tiefe Erkenntnis geheimster Zusammenhänge oder bloß ein
1026 1047 2551 1106 witziger Einfall die zeugende Kraft gewesen ist. Auch im letzteren Falle
1015 1087 2549 1151 bliebe Schnitzler immer noch ein blendender Former des erotischen Dialogs,
1020 1142 2553 1211 wie deren heute die Literatur deutscher Zunge keinen zweiten aufzuweisen
1014 1189 2556 1251 hat. Sich durch die szenische Wiedergabe dieser zehn Dialoge dem Haß und
1013 1237 2545 1306 der Verdächtigung pharisäischer Fanatiker und ihrer ahnungslosen, ver¬
1011 1290 2553 1374 führten Gefolgschaft auszusetzen, dafür indessen schiene dieser Fall kaum
1013 1340 1666 1396 hinreichenden Grund zu bieten.
1135 1361 2554 1447 Aus innerster Ueberzeugung aber sage ich: Hier hat ein Dichter und
1012 1449 2531 1506 einer, dessen Güte, Reinheit und seelische Keuschheit nach einem Menschen
1013 1498 2549 1567 alter köstlichster Gaben vor deutschen Kulturbürgern keiner Beglaubigung
1020 1538 2478 1612 mehr bedürfen sollte — tendenzlos, eben weil er ein Dichter ist
1016 1584 2544 1659 Erkenntnis gestaltet und Weisheit gespendet, die wohl wert erscheint,
1005 1644 2539 1716 erariffen zu werden von allen, die da guten Willens sind, sich ergreifen zu
1014 1685 1148 1755 lassen.
1138 1711 2544 1803 Stoff und Form dieses Totentanzes um das Irrlicht der Erotik, um
1016 1776 2539 1861 den bitter=süßen Trug der Liebesvereinigung von Mann und Weib, sind,
1004 1846 2545 1897 als des Dichters persönlichstes Eigentum, von jeder hergebrachten Behand¬
997 1887 2543 1951 lung auf der Bühne allerdings meilenfern. Das leugnen, hieße auf jeden
1012 1938 2542 2001 Zöllner einen Pharisäer setzen. Gerade weil Schnitzler, der Pfadfinder im
1013 1991 2541 2055 weiten Lande der Seele, mit der verstehenden Hand des Arztes mild über
1012 2038 2542 2113 Wunden streicht, in die ein Wedekind und Strindberg unbarmherzig
1012 2088 2537 2162 schneiden, weil er noch überlegen lächeln und lächeln machen kann, wo diese
998 2143 2461 2201 chaotischen Liebeshasser in ihrer Qual verstummen oder aufstöhnen
1004 2192 2534 2254 gerade darum ist für jene, die sich reif genug fühlen, ohne billiges Grinsen
1004 2241 2533 2313 über das gewisse Etwas die Mystik und die tiefere Bedeutung
1005 2285 2534 2365 dieses Totentanzes auf sich wirken zu lassen, der Wille zum äußersten
1003 2339 2539 2413 Ernst, zu vorurteilsfreier Hör= und Lernbereitschaft gegenüber der Bühnen¬
1007 2387 1787 2459 wiedergabe erstes und einziges Gebot.
1114 2423 2543 2510 Laß es dir sagen, Publikum: Die Gedankenstriche im Buch und die
995 2470 2540 2552 verdunkelten Stellen in der Aufführung sind nicht das Wesentliche dieses
995 2538 2547 2622 Abends. Sondern einzig die Erkenntnis eines Dichters und seine Bot¬
1008 2585 1527 2660 schaft an euch, die lautet:
1128 2630 2532 2714 Auch alle sinnliche Liebe ist platonische Sehnsucht nach Vollendung
993 2679 2525 2757 im Anderen. Und noch der flüchtigste Rausch und Sinnesgenuß trägt schon
992 2742 2530 2815 den Keim der fanstischen Enttäuschung unentrinnbar in sich. Dieser Erb¬
990 2785 2532 2862 fluch des Ewig=Unvermeidlichen, dieses Verurteiltsein zu immer wieder¬
992 2837 2534 2907 kehrender Ernüchterung, diese schmerzliche Scham darüber, was die
993 2885 2533 2959 Menschen aus der Liebe gemacht haben, und was die
987 2941 2530 3017 Liebeausden Menschen macht — das ist es, worauf es Schnitzler,
990 2986 2523 3058 dem Dichter, ankommt. Und das ist, Bürger des 20. Jahrhunderts,
990 3046 2522 3102 unsere Sache: als Kinder einer götterlosen Zeit, denen die Sehnsucht
991 3085 2516 3160 nach dem verlorenen Paradies der Reinheit wahrlich heißer und ehrlicher
998 3138 2522 3200 in der Seele brennt, als sich die Schulweisheit aller amtlich angestellten
998 3186 1753 3261 Sittlichkeitsbeschirmer träumen läßt.
1901 3200 2478 3302 Richard Rosenheim.
986 3257 2522 3352 Sbss0sss33s33 533s3333s333333ssssss
973 3336 2518 3467 BUCHHANDLUNG GRÄFE UND UNZER
