3532 4192
6 3869 66 3908 reit
19 2239 64 2292 11
16 931 101 988 gebet
34 1015 105 1067 Ang
373 134 905 236 11. Reigen
1087 143 1514 230 box 18/2
960 694 2128 871 Berliner Tageblatt
237 812 349 894 921
240 933 2109 1115 verständigen im „Reigen“=Drozeß.
920 1108 2116 1170 nur benutzt. um in dieser Form eine antisemitische Aktion
265 1144 2123 1229 Beweisaufnahme. iW setzen. Der Zeuge erklärt hierzu: Bei dem Skandal
935 1207 2069 1263 am 22. Februar seien Rüfe laut geworden, wie „Saujude
271 1208 907 1273 zu dem sich nach wie vor ein großer
1998 1224 2117 1298 „Die
1504 1233 1930 1290 „Judendirektor
940 1242 1125 1293 „Bande
1117 1238 1459 1295 , „Gesindel
239 1263 905 1324 nd macht, wurde gestern zunächst die
931 1258 1993 1319 I den müßte man rausschmeißen“ usw. usw.
233 1300 894 1372 u Gertrud Gerken=Leitgabel
927 1303 2119 1358 dem 22. Februar sei Direktor Sladek mit anonhmen Schmähbriefen,
940 1353 2121 1397 Pamphleten des bekannten Knüppel=Kunze usw. überschüttet wor.
938 1386 2117 1430 den, die sämtlich antisemitischen Inhalt hatten. Nirgends in diesen
242 1370 901 1440 stzenden, welchen Vereinigungen die
941 1426 2119 1484 Schmähschriften und offe#rn Postkarten sei von Gefährdung der
295 1431 889 1471 daß sie Mitglied des „Volks¬
946 1465 1981 1527 Jugend oder dergl. die R#de, sondern nur von Indenhaß.
240 1463 903 1519 son Anstand und guter Sitte",
257 1506 907 1553 für Sittlichkeit“ und anderen
1078 1516 1967 1583 Aussage eines Ehescheidungsrichters.
232 1525 900 1583 Wolfgang Heine: Haben Sie irgend
241 1576 906 1629 , das erklärt habe, daß es durch das
992 1586 2108 1644 Zeuge Landserichtsrat Jenne vom Landgericht I hat einer Auf¬
283 1606 895 1668 Zeugin: Jawohl. Ein junges
937 1620 2119 1677 führung des „Reigen“ am 21. Februar beigewohnt und den Eindruck
242 1644 900 1697 as Stück eine ganz andere Auffassung
938 1668 2123 1720 gehabt, daß die gesamte Aufmachung des Stückes eine grob unzüchtige
251 1693 898 1745 s erlaubt oder verboten sei, erzeugen
944 1703 2115 1751 sei. Er sei Ehescheidungsrichter in Berlin, und die Gefahr
221 1718 907 1781 des Rechtsenwalts Heine orklärt die
937 1747 2129 1796 liege sehr nahe, daß die Flutder Ehescheidungen, die schon
224 1759 906 1817 estbewegung segen das Stück
939 1780 2120 1844 sehr größ in Berlin ist, durch Aufführung derartiger Stücke immer
238 1789 897 1855 eraten habe es sich anzusehen und sich
934 1813 1297 1879 mehr zunimmt.
251 1826 901 1897 s. Sie selbst habe das Stück erst am
985 1857 2119 1917 Justizrat Dr. Rosenberger: Kann denn der Zeuge angeben.
222 1874 909 1932 ale gesehen. Es sei ihr bekannt,
930 1880 2115 1963 daß die Ehescheidungsstatistik seit der Aufführung des „Reigen“
243 1918 897 1970 r hinter der ganzen Bewegung stehe.
933 1936 1261 1989 zugenommen hat?
227 1952 906 2000 cht, daß Gelder aus dem Fonds des
979 1955 1642 2030 Zeuge: Das kann ich nicht bekunden.
237 1989 898 2047 ms zur Anschaffung der Billets für
989 2000 2114 2062 Auf zahlreiche Fragen der Verteidiger bekundet der Zeuge:
242 2024 374 2075 n seien.
940 2053 2122 2105 Er wohne mit Prosessor Brunner in Lichterfelde nicht
246 2046 905 2111 lfred Kerr richtek an die Zeugin mit
937 2086 2122 2137 weit von einander und arbeite mit ihm zusammen auf allen mög¬
271 2085 906 2149 rch das Stück eine tiefer Lebensauf¬
943 2131 2112 2180 lichen Gebieten. Professor Brunner habe nicht den Versuch gemacht,
255 2138 902 2180 frage, oh sie meine, daß ein Dichter,
936 2172 2116 2215 ihn zu einer Agitation gegen das Stück zu gewinnen.
259 2167 906 2226 schilbert, wie sie tatsächlich im Leben
937 2205 2119 2272 In einem Gespräch mit Prosessor Brunner sei auch die
258 2217 887 2271 ill, so solle es gemacht werden. —
937 2232 2118 2290 Rebe auf den „Reigen“ gekommen und man wollte gemeinsam in die
238 2245 908 2312 bin ich nicht. Ich weiß genau, daß
936 2286 2123 2333 Vorstellung gehen. Professor Brunner sei aber verhindert gewesen
230 2281 741 2338 agen will: „Tuk es auch so.“
939 2323 2124 2366 und so habe er sich mit einem anderen Herrn ins Theater begeben,
250 2305 901 2373 orn: Frau Zeugin, ist Ihnen nicht
953 2366 2122 2410 und zwar auf die ihnen zur Verfügung gestellten Dienstplätze
236 2364 913 2410 nen mit einer gewissen Ernüchterung
942 2399 2121 2442 Professor Brunners vom Polizeipräsidium. Außer der Dar¬
241 2398 900 2455 eugin: Ich habe das Gesühl der Er¬
943 2432 2126 2481 stellung hätten sie auch die Musik mit ihrer=süßlichen Melodie und
233 2437 906 2490 #nur auf seiten des Mannes feststellen
938 2469 2110 2513 ausgeprägter Sinnlichkeit als ein raffiniertes Mittel empfunden
233 2472 915 2518 mnuß dabei zu der Ansicht kommen, drß
828 2505 915 2560 sich
941 2507 2105 2554 Von besonderen Schritten, die Professor Brunner gegen den „Reigen
235 2510 833 2570 eßt und gibt dann derjenigen, die
951 2547 2123 2602 eingeleitet habe, wisse er nichts. Peofessor Brunner habe ihn nur
231 2551 911 2603 Fußtritt. Er muß den. Einbruck be¬
230 2583 905 2641 sich jeder Frau, auch der verheirateten,
950 2616 2119 2665 Befragen der Verteidiger erklärt der Zeuge: er gehöre dem Deutsch¬
1738 2657 2117 2711 und sei Kandidat der
944 2662 1681 2710 völkischen Schutz= und Trutzbnk
221 2654 501 2741 wig Julda:
946 2692 1796 2738 Deutschnationalen Partei für den Reichstag si#n
1915 2696 2126 2744 Der Zeuge,
229 2711 916 2796 zeigt wird, daß der Minnn die Fral,
946 2734 2117 2773 Amtsgerichtsrat Ganze, erklärt nach einigen Fragen des Dr. Alfreb
241 2771 916 2815 hat fortstößt. Muß da nicht gerade
944 2767 2115 2821 Kerr, daß er die schädliche Auswirkung des „Reigen“ hauptsächlich
218 2807 907 2854 kinen, daß ein Mann, der nur aus sinn¬
945 2810 2117 2859 darin erblicke, daß das Stück gerade in der heutigen Zeit des sitt¬
226 2839 906 2897 hrt, nachdem er sein Ziel erreicht hat.
945 2846 1925 2897 lichen Verfails gegeben worden sei. Hierauf wird
383 2877 909 2937 Mädchen kann das doch nicht
328 2915 753 2972 es für widerlich halten.
1258 2902 1808 2978 Professoe Dr. Beunner
280 2934 918 2996 Es ist aber ein großer Unterschied.
939 2960 2120 3023 als Zenge vernommen. (er bekundet, daß er an der Organi¬
214 2980 916 3042 gerein mit sittlich gefestentem
961 3014 2116 3060 ation des Theaterslandals am 22. Februar in keiner
222 3029 915 3074 n würde, so würde das Stück auf diese
945 3056 2116 3100 Weise beteiligt gewesen sei. Ebenso sei es nicht richtig,
209 3066 916 3112 ung ausüben, die es auf mich gemacht
945 3092 2119 3142 daß er die Vorstellung am Sonntag vorzeitig verlassen habe, da er
211 3100 913 3149 tadtmädchen, die durch mangelnde
946 3124 2122 3170 sich „etwas derartiges“ nicht mit ansehen könne. Er habe den Ein¬
222 3135 904 3190 gang ein gewisses schwankendes Seelen¬
947 3154 2046 3213 druck daß gegen ihn noch vor der Abgabe seines Gurachtens
2064 3166 2122 3215 ein
218 3180 904 3222 Verführungen leicht beeinflüssen lassen,
943 3204 2036 3253 Resseltreiben veranstaltet werde, um ihn zu Falle
2062 3208 2117 3253 zu
226 3216 913 3267 hlaube ich nicht, daß eine abschreckende
940 3235 2045 3282 bringen. Es sei völlig unrichtig, wenn die Verteidigung hier
2065 3245 2123 3291 be¬
244 3254 346 3303 tritt.
952 3280 2038 3326 haupte, duß er der Organisator des ganzen Kampfes gegon
2063 3282 2123 3328 den
215 3269 911 3336 gin hat meine Frage nicht beantwortet.
954 3310 2019 3368 „Reigen“ sei. Im Gegenteil:er halte sich fern von
2044 3321 2100 3364 eg
207 3327 910 3380 er einen Seite das weibliche Geschlecht
938 3356 1996 3401 lichen tätlichen Vorgehen in den Cheaiern
216 3364 912 3428 #id auf der anderen Seite aber aussreist
1009 3373 2047 3430 #ds und hube es sogar seinem 39 jähric Sohhe verddien,
2067 3281 2128 3443 5
216 3400 495 3451 r Widersprlich.
947 3417 2063 3479 an irgendwelchem Vorgehen gegen das Theater selbst zu beteilig
2053 3430 2135 3477 gen.
217 3434 922 3482 Plländer: Frau Zeugin. Sie wissen.
941 3459 2045 3515 Bezüglich der Frage der Verwendung von öffentlichen Geldern
2066 3466 2123 3509 für
239 3470 905 3522 Malerei die Nacktheit des nenschlichen
953 3493 2122 3549 die Villetts zum „Reigen“, könne er nur sagen, daß davon keine Rede
210 3508 906 3568 Wie denken Sie diesbezüglich über die
961 3533 2121 3580 ei. Der Zeuge erklärt weiter, daß er mit der Lebitsschen Ver¬
952 3576 2130 3622 sammlung absolut nichts zu tun habe. (Als das Publikum bei
213 3580 906 3633 ehrerin war, bin ich mit meinen Schule¬
944 3610 2123 3658 einzelnen Ausführungen Professor Brunners ironische
244 3618 917 3679 die Museen gegangen, um ihnen die
941 3641 2126 3706 Zwischenruse macht, droht Landgerichtsdirektor Berenhausen
216 3652 909 3723 künstlerischen Nacktheit klar¬
946 3689 2015 3739 im Wiederholungsfalle die Räumung des Zuhörerraumes an.)
995 3719 2120 3775 Rechtsanwalt Wolfgang Heine erklärt hierzu, daß er auch gegen
206 3716 927 3795 en auch, daß große Künstler den
944 3768 2126 3813 eine derartige Mitbeteiligung der Juhörer sei, daß aber derartige
216 3767 912 3822 kt haben. Glauben Sie, daß in der
950 3806 2121 3854 Zurufe begreiflich seien, wenn sich Professor Brunner hier als Ver¬
209 3807 918 3867 nge sieht, solche Empfindungen geweckt
955 3842 1806 3891 treter der öffentlichen freien Meinung bezeichne.
1807 3839 2123 3894 Auf eine Frage
209 3844 445 3897 en „Reigen“.
952 3878 2123 3927 des Rechtsanwales Heino, ob er als Beamter des Polizeipräsidiuns
218 3871 907 3935 beantwortete dann verschiedene Fragen
951 3919 2123 3966 sich nicht für verpflichtet gehalten habe, seiner Behörde dienstliche
226 3914 843 3966 berger. Der Verteidiger betont:
855 3918 916 3974 ∆4
839 3952 908 4004 den
210 3962 850 4006 ar nicht um einen Kampf gegen
955 3960 2127 4005 Anzeige zu erstatten, als er von seinem Sohne hörte daß im
938 3989 2123 4055 Theater Skandalszönen provoziert werden sollten, er¬
216 3986 916 4048 ie Juden. Man habe den „Reigen
1477 4042 1737 4119 Sd Musen
956 4106 2121 4166 Frauen seine frühere Bedeutung so gut wie ganz eingebüßt. — #bente
1542 4145 1597 4172 4
2780 756 3063 837 1. Betblatt
2483 817 3331 886 Druck und Verlag von Rudolf Mosse in Berlin.
3061 873 3147 944 Er
2140 925 3318 985 klärt Zeuge in höchster Erregung, daß er sich zu einer der¬
2150 972 3322 1020 artigen Denunzitation auf Grund von Mitteilungen innerhalb seiner
2147 1015 3321 1065 Familie niemals hergegeben hätte und richtete dabei verschiedene
2145 1059 3220 1106 rein persönliche Angriffe gegen Rechtsanwalt Wolfgang Heine.
2200 1092 3335 1148 R.=A. Heine: Die Angriffe gegen mich seien Ihnen geschenkt.
2157 1126 3322 1189 Ich werde mich noch an anderer Stelle mit dem Herrn
2154 1167 3321 1225 Professor Brunner deswegen auseinandersetzen. Auf weitere
2144 1214 3334 1265 Fragen des R.=A. Heine erklärt Zeuge Brunner, daß er der
2154 1246 3319 1293 Organisation des Kampfes gegen den „Reigen“
2150 1281 3326 1335 völlig fernstehe. Der eigentliche Inspirator dieses Kampfes
2151 1311 2814 1388 sei der Schriftsteller Schlaitjer.
2433 1374 3030 1458 Direktor Felix Holländer
2145 1441 3335 1492 vom Deutschen Theater bekundet als Sachverständiger unter an¬
2148 1485 3331 1539 derem: Das Stück „Reigen“ habe in keiner Weise irgendwie
2147 1513 3334 1576 sein Schamgefühl verletzt, noch habe er Anstoß daran ge¬
2310 1560 3332 1627 Die Vorstellung, die er angesehen habe, sei in
2154 1566 2311 1624 nommen.
2161 1602 3335 1661 keiner Weise verlotend, sonbern“ eher langwellig gewesen.
2158 1642 3336 1689 Der „Reigen“ sei auch von Direktor Max Reinyardt
2154 1678 3332 1730 angenommen gewesen, das Stück ist dann auf Grund
2884 1702 3332 1759 Reinhardt=Bühnen und
2258 1704 2868 1771 zwischen dem Konzern der
2218 1723 2269 1768 400
2160 1719 2230 1763 der
2220 1745 3332 1812 Kleinen Schauspielhaus bestehenden Interessengemein¬
3130 1785 3319 1839 „Reigen“
2160 1779 2987 1840 schaft dem letzteren überlassen worden.
2153 1821 3329 1881 ist absolnt ein sehr großes Kunstwerk, das er immer als solches an¬
2155 1862 3158 1925 erkennen werde. Die Darstellung sei auch durchaus dezent.
2201 1909 3326 1955 Sachverständiger Letdwig Fulda, der auch vereidigter Sach¬
2154 1953 3337 1998 verständiger für dramatische Literatur an den drei Berliner Land¬
2145 1981 3330 2038 gerichten ist, war von Frau Eysold eingeladen worden, die General¬
2151 2023 3327 2075 probe zu besuchen, da gegen die Aufführung des Stückes Bedenken
2150 2064 3333 2111 erhoben wurden. Er habe auf der Generalprobe den überraschenden
2152 2096 3331 2149 Eindruck gehabt, wie dieses Werk in absolut einwandfreier Weise
3007 2131 3328 2183 Irgendwelche Be¬
2153 2135 3017 2186 auf der Bühne verkörpert werden konnte.
2153 2157 3339 2220 denken sittlicher Art durch das, was dargestellt worden, konnten nicht
2148 2214 3324 2257 entstehen. Er habe in keiner Weise an der sehr bezenten Aufführung
2160 2254 3336 2298 Aergernis genommen. Riemals könne etwas Dargestelltes unzüchtig
2152 2292 3337 2339 werden durch etwas, was nicht dargestollt wird. sonst würde ein
2551 2312 3335 2369 unserer klassischen Meister¬
2153 2316 2548 2374 großer Teil
2147 2366 3339 2411 werke und Werke der modernen Literatur
2165 2400 3334 2442 ür unzüchtig erklärt werden müssen. Schnitzler habe
2148 2422 3334 2483 nie daran gedacht, daß diese von ihm geschriebenen Dialoge
2156 2474 3323 2526 auf die Bühne gelangen sollten, er hatte das Werk nur für die Lek¬
2492 2508 3340 2566 Der intellektuelle Urheber der
2151 2513 2470 2565 türe geschrieben.
2154 2556 3327 2596 „Reigen=Aufführungen“ sei Professor Maz Rein¬
2157 2583 3322 2632 hardt der Dr. Schnißler erklärte: „Ich halte dis Aufführung
2156 2630 3318 2671 Ihres Werkes künstlerisch nicht nur für opportun, sondern für burch
2162 2658 3340 2704 aus wünschenswert.“ Erst auf Reinhardts wiederholtes Drängen hat
2160 2699 3322 2743 Schnitzler das Aufführungsrecht dem Professor Reinhardt übertragen.
2153 2738 3329 2788 Vieles, was auf Berliner Bühnen zu sehen ist, sei viel pikanter, ver¬
2159 2767 3322 2820 fänglicher und frivolet sowohl in bezug auf das Stück, als auche auf
2154 2809 3323 2867 die Darstellung, als was der „Reigen bietet. Er erinnere ferner
2159 2844 3247 2910 an die Andeülungen des Geschlechtsaktes, wie im „Faust“
2158 2882 3304 2926 „Romeo und Julia“, in Hebkels „Judith“, in Waqners „Walküre“
2155 2924 3315 2966 Das Buch der „Walküre hatte seinerzeit Schopenhauer vorgelegen
2157 2955 3331 3015 und dieser schrieb hinter Wagners Bemerkung „Der Voxhanz fällt
3273 2994 3336 3038 Die
2167 2997 3211 3048 chnell“ die Bemerkung: „Es war aber auch die höchste Zéiel
2152 3036 3328 3096 Kunst habe nicht nur das Recht, sondern auch die Pflicht,
2161 3074 2998 3126 auch die Schattenseiten des Lebens zu behandeln.
2200 3084 3342 3152 Der nächste Sachverständige Baron zu Putlitz,
2152 3138 3335 3190 hat sich in seiner Eigenschaft als Präsideni des deutschen
2164 3173 3335 3222 Bühnenvereins mit der Aufführung des „Reigen“ besaßt.
2159 3223 3335 3273 Nach seiner Ueberzeugung hat Frau Eissoldt nie bezöglich des
2158 3256 3336 3305 Reigen“ die künstlerischen Interessen vernachlässigt und nur an
2152 3282 3338 3339 Kassenerfolge gedacht. Seinerseits hat der Sachwerständige von Putz¬
2154 3332 3325 3393 litz bei den wiederholt von ihm besuchten Vorstellungen nie einen
2258 3371 2967 3431 as Gefühl des Zuwiderseins gehabt.
2216 3394 3339 3470 Der Sachverständige Professor Klaar hat nichts als unsittlich
2152 3451 3341 3513 und anfrößig empfunden, von unzüchtigen Bewegungen nichts geschen,
2152 3494 3250 3555 deren angebliche Beobachtung auf einem Irrium berichen muß.
2534 3543 2948 3623 Dr. Alfred Kerr:
2216 3598 3330 3660 Der Sachverständige, Dr. Alfred Kern, richtet zunächst an den
2161 3643 3337 3696 Staaisanwalt die Frage, weshalb denn nicht auch die Musiker, die
2167 3686 3334 3734 Geiger und Flöt.isten, die doch ebenfalls bei einer etwaigen unsitt¬
2160 3730 3329 3776 lichen Handlung mitgewirtt hätten, unter Anklage gestellt worden
2159 3768 3318 3815 seien. Der Staatsanwalt erwidert, ihre Mitwirlung sei so untar
2154 3791 3323 3854 geordneter Natur gewesen, daß sie nicht zut Kenntnis der Staals¬
2160 3833 3329 3883 anwaltschaft gelangt sei. Der Sachverständige verbreitet sich sodann
2162 3881 3322 3927 zunächst über die Stimmung, aus der heraus das Buch „Der Reigen
2158 3914 3330 3958 entstanden sei, das er in der Handschrift des Dichters von einem
2162 3950 3322 3999 Vierteljahrhunderts bereits gelesen hat. Auf ihn ist es zurück¬
2157 3988 3333 4041 zuführen, daß das Stück nicht den von Schnitzler zuerst gewählten
2520 4040 2569 4103 542
2890 4040 3073 4109 G
2152 4042 2362 4140 W
2516 4098 3336 4173 Es fehlt ihm an einer widerstandsfähigen Ein¬
2305 4097 2424 4177 1001
2383 4140 2434 4180 #
