3496 4320
389 122 891 221 11. Reigen
1093 130 1506 212 box 17/5
2325 123 3224 184 „Pfui. Judenpack!“, „Nieder mit den Sozia
2114 126 2302 181 gesindel!“,
2121 164 3148 216 demokraten!“, „Weg mit dem Schweinestück!“, „Schluß
3169 168 3213 216 d
2107 216 3208 265 Vorstellung!“ nicht nur die wenigen, die noch in das Theat
2113 249 3216 314 zu gelangen suchten, sondern auch vorübergehende Passante
2114 303 3213 347 und vorbeifahrende Automobile und Wagen. Als die Situatir
2112 345 3207 398 bedrohlich zu werden schien, kam der Theaterwache eine Ve
2112 390 3205 439 stärkung aus der Wachstube in der Postgasse zu Hilfe. Nu
2119 439 3207 480 mehr wurden die Demonstranten gegen den Kai und de
2117 473 3212 526 Stephansplatz abgedrängt, wo sie noch eine kurze Zeit lärmt
2106 521 2572 573 und sich dann zerstreuten.
2187 541 3202 605 Bei der Räumung der Rotenturmstraße leisteten die Demon
2106 602 3202 654 stranten der Wache Widerstand, weshalb Arretierungen vo
2104 637 3209 699 genommen wurden. Die vier Arretierten waren: Ein Pos
2108 693 3202 740 unterbeamter, ein Beamter der Gemeinde Wien, ein Schneide
2097 727 3206 777 gehilfe und ein Fabriksarbeiter. Sie wurden in die Wachstube i
2104 767 3207 815 der Postgasse gebracht, wo sie sich als Mitglieder des katholische
2108 813 3204 877 Volksbundes legitimierten und nach Abgabe ihres National
2105 851 2526 908 wieder entlassen wurden.
2183 886 3204 947 Sowohl die Abendvorstellung als auch die Nachtvorstellun
2103 925 3211 991 des „Reigen“ selbst, die vollständig ausverkauft waren, ginge
2104 990 3213 1041 ohne Zwischenfall vor sich. Direktor Bernau erklärt, daß ihn
2110 1021 3206 1079 da er bisher kein behördliches Verbot erhalten habe, weder di
2105 1065 3205 1116 Demonstrationen vor dem Theater noch auch Drohungen m
2096 1104 3203 1156 weiteren Störungen veranlassen würden, die Aufführungen de
2100 1152 3193 1201 „Reigen“ einzustellen. Den Demonstrationen vor dem Theat
2105 1196 3203 1240 werde die Polizei begegnen, für die Abweisung von Störunge
2097 1231 3210 1285 während der Vorstellung werde das Publikum sorgen. Auf sei
2097 1270 3210 1312 Anbot, szenische Aenderungen der Aufführung durchzuführer
2095 1315 3206 1358 habe er bisher vom Bundesministerium noch keine Antwort ei
2100 1346 3206 1400 halten. Bürgermeister Reumann habe ihm gegenüber die strikt
2099 1398 3201 1451 Erklärung abgegeben, daß er seine Entscheidung auf alle Fäll
2104 1440 2356 1501 aufrechterhalte.
2176 1463 3210 1527 Heute vormittag wurde der Vorverkauf für die weitere
2103 1514 3210 1580 „Reigen“= Aufführungen der Woche eröffnet. Er gestaltete sich
2098 1562 3215 1611 so lebhaft, daß Polizeiorgane den Verkehr in der Passage zun
2090 1609 2521 1675 Theater regeln mußten.
2118 1670 3185 1751 Abgeordneter Professor Dr. Seipel über die
2443 1726 2871 1805 „Reigen“=Affäre.
2824 1772 3188 1847 Wien, 14. Februar.
2177 1826 3220 1880 Im Anschlusse an die 14. Hauptversammlung des Volks¬
2095 1871 3219 1920 bundes der Katholiken Oesterreichs fand gestern nachmittag in der
2083 1919 3218 1962 Volkshalle des neuen Rathauses eine massenhaft besuchte Festver¬
2101 1959 3235 2014 sammlung statt, in der Abgeordneter Professor Dr. Seipel
2085 2002 3222 2050 unter anderem ausführte. „Das sittliche Empfinden unseres boden¬
2105 2046 3231 2102 ständigen christlichen Volkes wird fortgesetzt aufs schwerste ver¬
2097 2087 3220 2134 letzt durch die Aufführung eines Schmutzstückes aus der Feder
2100 2131 3215 2177 eines jüdischen Autors. Vor wenigen Tagen hat dieser Umstand
2096 2171 3215 2229 sogar eine widerliche Sturmszene in unserem obersten Ver¬
2100 2214 3216 2269 tretungskörper, im Nationalrat, ausgelöst. Es ist als Anwalt
2101 2260 3225 2313 dieses Stückes der Präsident Seitz aufgetreten — der Fasching ist
2101 2309 3213 2354 vorüber und die Sozialdemokratie demaskiert sich. Es ist ganz
2091 2343 3215 2397 offen jetzt zutage getreten, was wir früher ohnehin wußten, daß
2085 2381 3210 2440 die Sozialdemokratie auftreten und stürmische Szenen machen
2088 2423 3216 2484 muß, wenn es sich um die Verteidigung irgendeiner jüdischen
2086 2466 3209 2520 Machenschaft handelt. Ich rede hier von dem üblen Judentum,
2099 2509 3211 2558 das als notwendige Gegenwehr immer wieder den Antisemitismus
2095 2551 3213 2604 hervorrufen muß, von denjenigen, die sich anmaßen, an der
2097 2595 3218 2648 Spitze des deutschen Volkes zu stehen und von deutscher Kunst
2093 2636 3219 2685 zu reden, ohne zu wissen, welche hohe Würde der deutschen Kunst
2098 2677 3219 2725 zukommt und daß sie sich offenbaren muß nicht so sehr in der
2090 2722 3224 2778 Technik als in der Wahl der Stoffe für die Kunstwerke. Unsere
2083 2759 3217 2819 Regierung nud insbesondere unser Bundesminister für Inneres
2088 2804 3216 2859 habe sich ganz korrekt verhalten. Er hat das Möglichste getan,
2091 2849 3217 2909 die Verfassung zu wahren, aber auch die Autorität zu stützen,
2094 2890 3212 2948 selbst in dem Fall, wenn sie in den Händen eines Reumann
2091 2936 3220 2993 liegt. Er hat lange zugewartet, Vorstellungen erhoben und in
2091 2982 3208 3041 einem höflichen Briefe den Bürgermeister aufgefordert, selber
2091 3020 3207 3072 Ordnung zu machen, um ja nicht dessen Autorität oder Emp¬
2089 3063 3208 3125 findlichkeit zu verletzen. Als aber all diese höflichen Mittel und
2101 3110 3216 3172 sanften Aufforderungen nichts nützten, da blieb ihm natürlich
2095 3153 3214 3201 nichts anderes übrig, als zur Wahrung von Ordnung, Sitt¬
2081 3195 3206 3247 lichkeit und Ehre unseres Volkes selber mit dem Verbote vor¬
2070 3236 2236 3296 zugehen“.
2154 3263 3204 3340 „Kardinal=Erzbischof Drf Piffl sagte zum Schlusse:
2089 3323 3211 3388 In der Gegenwart bricht sich mehr und mehr in weiten Kreisen
2083 3367 3206 3426 die Erkenntnis Bahn, daß mit einer Weltanschauung, die auf¬
2081 3419 3202 3472 gebaut ist auf dem schwankenden Boden wechselnder mensch¬
2082 3459 3206 3505 licher Hypothesen, die letzten Endes nichts anderes ihren Be¬
2088 3499 3212 3564 kennern zu bieten vermögen als bange Zweifel, Oede und
2091 3544 3213 3601 kalte Verneinung, auf die Dauer der Menschheit nicht gedient
2086 3585 3210 3642 sei. Bei dieser Erkenntnis dürfen wir Wenschen von heute nicht
2081 3632 3207 3691 stehen bleiben. Es muß ihr die Forderung auf dem Peiße
2073 3674 3207 3726 folgen, daß das Volk, wenn es aus seiner wintschestlichen Not.
2078 3722 3192 3775 aus seinem sittlichen Verfall genesen will, festsehen muß auf
2080 3756 3201 3816 einem göitlichen Boden der Wahrheit und daß es in allen öffent¬
2069 3800 3195 3878 lichen Fragen von einer handfesten Führung geleitet sein muß“.
