3336 4320
58 3236 229 3291 kreie Iusz
230 3123 305 3175 ände
216 146 694 247 1. Reigen
900 162 1287 249 box 18/1
349 1563 1636 1635 sichert sein, daß ich aus den schon wiederholten Gründen mein volles
359 1600 1636 1679 künstierisches Interesse Ihrem Werk widmen werde und unbedingt dafür
368 1637 684 1700 Sorge trage, daß
788 1653 1610 1723 uf dem höchsten künstlerischen Niveau heraus
353 1674 507 1730 komme.“
453 1717 1625 1792 Auf diese Zusicherungen hin schloß ich mit Max Reinhardt einen
363 1743 829 1803 Vertrag, nach welchem der
1002 1770 1631 1833 bis spätestens 31. Januar 1920 an
453 1793 525 1842 sein
645 1797 803 1845 nen zur
868 1805 1623 1868 führung kommen sollte. Der Termin wurde,
453 1829 769 1882 das im Theaterlebe
851 1846 1522 1906 wellen vorkotmt, versäumt, eine kur
453 1869 502 1916 rch
614 1850 851 1928 ten die polikt
1154 1884 1365 1935 für eine 2
1455 1896 1530 1942 run
1577 1899 1617 1943 es
419 1898 706 1958 eigen“, worüber
1318 1935 1525 1983 war, nicht
1152 1964 1308 2011 g ein G
1394 1969 1507 2020 zu m
1367 2006 1494 2053 verhan
1208 2041 1362 2089 ung drin
1153 2077 1260 2125 n Rei
1386 2083 1447 2130 am
1366 2115 1566 2173 ich Jhnen
1391 2159 1463 2209 reten
1316 2195 1438 2246 Richtu
1219 2226 1502 2287 niemals darang
1395 2273 1492 2325 mmer
1235 2306 1457 2378 ren. Daran
852 2355 991 2429 dieser
1114 2374 1496 2444 stung Max Reinhardt
1195 2420 1290 2476 r kür
1356 2433 1542 2484 vergönnk
1135 2465 1607 2522 ntwerfen er begonnen hatte.
1104 2505 1606 2559 untlich von der Leitung seiner
946 2544 1603 2600 ein Nachfolger, übernahm mil anderen
1038 2576 1238 2625 erbak in m
1314 2584 1547 2638 cher Unterred
1026 2615 1588 2669 die Schwestern“ in den Kammer
1016 2652 1538 2705 legastspiel des Deutschen Theal
867 2691 1461 2740 der „Büchse der Pandora“ der
866 2721 1509 2784 spielhans zur Aufführung zu bringen
790 2758 1553 2826 frau Eysoldi und Direktor Sladek stehe,
701 2795 1590 2874 auch aus persönlicher Erfahrung als vortreffliche
593 2829 1284 2893 annt, die Inszenierung anzuvertrauen.
739 2865 1583 2939 #ich meine Zustimmung (zur Reigenaufführung
538 2915 1595 2972 gehe ich in jeder Weise dafür ein und hätte jede Verank¬
518 2941 1587 3019 elbstverständlich auch dann mit dem größten Vergnügen ge
507 2983 1564 3050 nn das Resultat nicht so unwidersprechlich für Max Reinhand
435 2985 500 3061 un
528 3014 1515 3095 zeugle: „daß die Bedenken gegen eine Aufföhrung
494 3061 1593 3151 sich durch eine künstlerische und diskrete Inszenierung über¬
387 3082 613 3145 aden ließen“.
406 3138 1594 3220 Trotdem bleibt es nach wie vor niemandem verwehrt, im „Reigen“
402 3174 1604 3263 Maximilian Harden nichts anderes zu sehen, als eine Reihe „schon
353 3211 1601 3298 ßlich angesch mmelker, in jedem Sinn unplakonischer Gespräche über
371 3258 1598 3336 ist und Leid der Paarung“; sedem steht es auch weiserhin frei, das
338 3284 1608 3382 Experiment einer „Reigen“-Aufführung, wie ich selbst es so lange Jahre
371 3328 1601 3414 idurch tak, für problemakisch, ein gelungenes für mißglückt und sogar
437 3368 1609 3465 hördlich approbiertes noch immer für strafwürdig zu erklären: ja.
1584 2165 1622 2212 en
1653 1583 2742 1671 ich bin fern davon, jeden, der so denkt, für einen Philister un
1656 1634 2720 1706 mann, und jeden, der für das Bürgerrecht des Reigen“
1657 1668 2780 1753 darum für einen Kunstkenner und Freiheilskämpfer zu hallen.
1648 1705 2673 1789 ich mich aber mit aller Entschiedenheik verwahre, das ist
1673 1751 2560 1822 erade Max Reinhardt, der als erster meine eigen
1667 1785 2536 1861 chtaufführbarkeit des „Reigen“ ins Wanken gel
1651 1818 2524 1894 Bedenken gegenüber die Aufführung des Reigen
1653 1854 2210 1913 lerisch opportum, sondern für
1658 1891 2163 1960 als Eideshelfer gegen die kü
1661 1936 2114 1993 Experimenkes anzurufen, a
1658 1975 2148 2041 gelten muß — mögen auch d
1717 2014 1863 2070 Experin
