3532 4224
387 110 905 218 11. Reigen
1084 127 1500 204 box 18/2
645 594 1221 714 Klose & Seidel
639 697 1214 774 Bureau für Zeitungsausschnitte
584 753 1265 836 Berlin NO. 43, Georgenkirchplatz 21
885 835 1298 936 Freiger.
560 930 740 1004 Zeitung:
821 985 1229 1084 Gresdein
555 1065 1119 1158 Datum: e Prr P
1003 1131 1095 1215 E
864 1106 929 1209 2
949 1105 1010 1211 □
512 1174 1396 1263 * Der Streit um Schnitzlers Reigen. All¬
490 1210 1392 1305 mählich wird's ein dickes Aktenstück! Erst hat
493 1261 1218 1335 ein Zivilkammer des Berliner
1271 1293 1377 1345 Lan#d¬
498 1306 1382 1383 gegeIII festgestellt, daß die Aufführung
495 1342 1383 1420 desKkleinen Schauspielhauses nicht schlüpfrig
498 1379 1372 1449 sei, sondern „geradezu eine sittliche Tat“ be¬
490 1419 1383 1495 dente. Dann hat die Zentralvolizeistelle zur
490 1455 1371 1534 Bekämpfung unzüchtiger Schriften unter Füh¬
491 1496 1369 1575 rung des Professors Brunner Strafantrag
484 1536 1366 1609 beim Staatsanwalt gestellt, da sie die sittliche
480 1574 1364 1649 Tat als „Schande unserer Zeit“ bewerte. End¬
479 1613 1369 1697 lich hat eine Strafkammer Gertrud Eysoldt
484 1658 1362 1734 und Maximilian Sladek außer Verfolgung ge¬
490 1727 1375 1811 setzt, die Aufführung ihres Theaters aber
493 1776 1370 1848 „objektiv als Vornahme unzüchtiger Hand¬
489 1811 1375 1887 lungen“ erklärt. Nun will auf Antreiben der
487 1847 1372 1927 Kreise um Professor Brunner der Staats¬
477 1890 1371 1966 anwalt noch einmal eine Klage gegen Direk¬
475 1923 1371 2005 toren und Darsteller des Kleinen Schauspiel¬
476 1962 1365 2046 hauses wegen Sittlichkeitsvergehens erheben.
481 1994 1357 2080 nachdem der Reigen neun volle Monate ge¬
476 2038 1366 2115 spielt worden ist! Man mag über die Notwen¬
476 2074 1368 2157 digkeit einer Aufführung der Schnitzlerschen
468 2114 1365 2192 Dialoge verschieden denken. Aber die Über¬
484 2156 1358 2238 flüssigkeit der Prozesse um diese abgeurteilte
453 2198 1248 2265 Sache dürfte allen Parteien einleuchten.
611 2410 1189 2534 Klose & Seidel
614 2534 1187 2595 Bureau für Zeitungsausschnitte
555 2586 1395 2675 Berlin NO. 43, Georgenkirchplatz 21—
944 2642 1332 2740 Hellen
531 2752 716 2842 Zeitung:
534 2829 628 2908 Ort:
519 2907 1404 3007 Datum: seererseseanennm Krafe
1056 3049 1212 3132 1004
782 3046 1032 3134 . Se
510 3134 1680 3219 Der Streit um Schnitzlers „Reigen“, Allmählich wirds ein
479 3196 1666 3258 dickes Aktenstück! Erst hat eine Zivilkammer des Landgerichts 3
482 3231 1672 3301 festgestellt, daß die Aufführung des Kleinen Schauspielhauses nicht
477 3276 1661 3335 schlüpfrig sei, sondern „geradezu eine sittliche Tat“ bedeute. Dann
468 3307 1664 3374 hat die Zentralpolizeistelle zur Bekämpfung unzüchtiger Schriften
472 3353 1664 3413 unter Führung des bekannten Fanatikers Professors Brunner
483 3394 1664 3458 Strafantrag beim Staatsanwalt gestellt, da sie die sittliche Tat als
472 3432 1661 3500 „Schande unserer Zeit" bewerte. Endlich hat eine Strafkammer
465 3474 1670 3536 die Sünder, Gertrud Eysoldt und Marimilian Sladek,
470 3510 1669 3577 außer Verfolgung gesetzt, die Aufführung ihres Theaters aber
477 3562 1667 3610 „objektiv als Vornahme unzüchtiger Handlungen“ erklärt. Nun
471 3599 1669 3659 will auf Antreiben der Kreise um Professor Brunner der Staats¬
467 3639 1667 3701 anwalt wirklich noch einmal eine Klage gegen Direk¬
468 3673 1669 3748 toren und Darsteller des Kleinen Schauspielhauses wegen
467 3708 1653 3779 Sittlichkeitsvergehens erheben, nachdem der „Reigen neun volle
465 3747 1667 3821 Monate gespielt worden ist! Man mag über die Notwendigkeit
467 3795 1666 3849 einer Aufführung der Schnitzlerschen Dialoge verschieden denken.
456 3831 1652 3907 Uobber die Ueberflüssigkeit der Prozesse um diese des iudicata dürfte
466 3872 942 3937 allen Parteien einleuchten.
2045 902 2699 1030 Klose & Seide
2100 1018 2670 1095 Bureau für Zeitungsausschnitte
2038 1072 2710 1162 Berlin NO. 43, Georgenkirchplatz 21
1999 1214 2189 1299 Zeitung:
2344 1211 2738 1331 2-Z# 4
2003 1277 2108 1360 Ort:
2002 1349 2193 1428 Datum:
2346 1333 2699 1467 eri in. —
2364 1501 2637 1600 □
2398 1580 2721 1668 Kunstchronik.
2060 1647 3142 1728 Minister Dominicus über Schnitzlers „Reigen“. Auf eine
1970 1685 3128 1763 kleine„Anfrage der Abgeordneten Frau von Kulesza und
1975 1733 3125 1794 Gen#an den Preußischen Landtag hat jetzt der Minister
1977 1761 3123 1841 des (Innern Dominiens an den Präsidenten des Landtags fol¬
1986 1806 3126 1882 gende Antwort gerichtet: „Die Frage, ob die Aufführung von
1967 1849 3119 1917 Schnitzlers „Reigen“ in sittlicher Beziehung
1979 1879 3124 1951 Anstoß erregt, ist ron der 6. Zivilkammer des Landgerichts III
1974 1920 3125 1997 zu Berlin nach vorhergegangener Besichtigung von zwei Auf¬
1972 1961 3118 2032 führungen durch das Gericht verneint worden, nachdem die staat¬
1967 1996 3121 2078 liche Hochschule für Musik als Vermieterin des Theaters versucht
1972 2036 3113 2112 hatte, das Verbot der Aufführung im Wege der einstweiligen Ver¬
1973 2075 3117 2153 fügung herbeizuführen. Eine Möglichkeit zum erfolgreichen Ein¬
1972 2114 3115 2194 schreiten habe ich danach, in Uebereinstimmung mit der Auffassung
1975 2154 3124 2227 meines Herrn Amtsvorgängers und des Herrn Ministers für
1962 2194 3112 2263 Wissenschaft, Kunst und Volksbildung nicht für gegeben erachtet.
1973 2229 3113 2309 Inzwischen ist ein Beschluß der 6. Strafkammer des Land¬
1962 2270 3111 2342 gerichts III zu Berlin ergangen, durch den die elf angeschuldigten
1972 2305 3106 2388 Theaterbesitzer. Spielleiter, Schauspieler und Schauspielerinnen
1970 2348 3109 2427 zwar außer Verfolgung gesetzt werden, in dessen Gründen jedoch
1970 2392 3104 2460 ausgeführt wird, die Aufführung des „Reigen“ stelle sich objektiv
1956 2430 3110 2505 als Vornahme unzüchtiger Handlungen dar; die Einstellung des
1956 2463 3113 2544 Verfahrens sei lediglich erfolgt, „weil bisher die subjektiven Merk¬
1959 2504 3102 2585 male der Kenntnis des unzüchtigen Inhalts der Aufführung und
1961 2540 3111 2619 damit ohne weiteres auch das Bewußtsein davon, daß sie Aergernis
1954 2581 3109 2674 zu erregen geeignet sei“, bei den Angeschuldigten nicht hinreichend
1888 2676 3040 2753 festzustellen gewesen seien. Sollte das daraufhin von seiten der
3061 2700 3149 2761 n
1881 2725 3031 2796 Oberstantsanwaltschaft beim Landgericht III eingeleitete neue
3063 2745 3110 2795 t.
1875 2759 3039 2851 Verfahren zu einer rechtskräftigen Verurteilung führen, so wäre
3070 2778 3160 2831 gebe
1877 2797 2626 2881 damit allerdings eine neue Lage gegeben.
3075 2821 3149 2872 Bil
