3484 4224
1040 124 1444 218 box 17/1
344 129 865 233 11. Reigen
751 874 1883 949 Um den Kumpf gegen die bedalition sotlgasehen, den
756 934 1883 995 es nach seiner vorigen Demission auf Grund des Hand¬
754 984 1879 1042 schreibens unternahm, das seine Wiederernennung ver
753 1037 1876 1093 fügte, sondern weil es vermutlich noch lange dauern wird,
761 1083 1882 1155 bis die Nachfolger gefunden sind, denen es den Platz
846 1176 1438 1238 Die heutige Nummer enthält:
848 1236 1895 1309 „Natur= und Völkerkunde“: „Die
762 1289 1898 1376 Deszendenztheorie und das allgemeine
755 1355 1894 1447 Lebensproblem.“ Von Universitätsprofessor
763 1437 1898 1505 Dr. F. v. Wagner. Miszellen. Seite 20 bis 22.
853 1511 1014 1578 Ferner:
867 1533 1896 1625 Die 24. Fortsetzung des Romaus „Gottfried
764 1623 1898 1700 Wunderlich“ von Max Burckhard. Seite 23.
1127 1738 1530 1838 Feuilleton.
962 1853 1714 1926 Ein Adreßbuch der Medisance.
1143 1922 1527 1996 Von Douar Blumenthal.
880 1972 1898 2051 Ein Buch liegt vor mir, das ich mit lebhaften Er¬
763 2030 1897 2090 wartungen in die Hand genommen habe, um es jetzt mit
768 2079 1907 2140 herber Enstäuschung wieder auf die Seite zu schieben. Ein
780 2129 1902 2187 beifallswerter Plan ist hier unter täppischen Fingern zu
786 2178 1905 2240 Grunde gegangen, und auf der letzten Seite des Bandes
787 2221 1910 2282 möchte ich ein Marterl aufrichten, wie man es an den
781 2267 1910 2335 Absturzstellen in den österreichischen Bergen findet. Es
777 2330 1326 2405 müßie die Inschrift tragen:
881 2341 1660 2438 „Hier ist ein guter Gedanke verunglückt
882 2415 1906 2479 Das Buch, von dem ich spreche, nennt sich:
790 2452 1912 2525 „Berlin und die Berliner“ und hat noch die
794 2511 1912 2571 Untertitel: „Leute. „Dinge. „Sitten.“ „Winke.“ Statt
778 2549 1903 2622 der Reiseführer, die den Fremden nur über das Aeußer¬
786 2595 1909 2664 liche einer Grosstadt trocken und nüchtern ortentieren, will
788 2659 1915 2714 das Buch ein großes Kulturbild entrollen, das die deutsche
785 2696 1907 2759 Reichshauptstadt in ihren Menschen und Sitten wider¬
797 2734 1905 2807 spiegelt. „Was will dieses Buch?“ so fragt der Verfasser
790 2795 1913 2862 sich selbst in einer gut geschriebenen Vorrede, und er gibt
789 2852 1380 2927 die verheißungsvolle Anwort:
894 2865 1920 2955 „Dies Buch will ein Führer und ein Nachschlagewerk
796 2937 1915 3000 für Fremde und Einheimische sein. Es bietet einen Ueber¬
789 2982 1912 3042 blick über die Menschen, die im Jahre 1905 Berlin be¬
796 3028 1911 3088 deuten. Sie sind hübsch verzeichnet nach Namen, Stand
796 3077 1909 3139 und Wohnung, wie sie bei der Polizei angemeldet sind
796 3126 1914 3187 Aber es finden sich auch kurze Bemerkungen über sie
782 3180 1919 3260 gleine bezeichnende. manchmal berlinisierende, oft böse und
1927 856 3052 947 sondern den ganzen Reichstig, die gesamte ponilische
1933 925 3054 980 Nation, wie man in Ungarn zu sagen pflegt, repräsentiere.
1937 973 3059 1029 Daß dem entsprechend auch die Forderungen der Koalition
1939 1026 3052 1084 höher gespannt, ihre Geneigtheit, sich dem Standpunkt der
1934 1064 3051 1137 Krone anzunähern, geringer sein wird, als es vor der
1929 1164 3061 1229 doch siets gutmütige Bemerkungen, wie sie der heutige Tag
1939 1219 2613 1297 prägt und der morgige vergißt....
2033 1254 3061 1316 Der Versuch, eine Millionenstadt aus ihren Bewohnern
1937 1303 3053 1365 heraus zu charakterisieren und die bezeichnenden Aus¬
1938 1353 3056 1419 strahlungen des Großstadtlebens gleichsam in einem Brenn¬
1942 1406 3052 1466 punkt aufzufangen — welch eine große und dankbare Auf¬
1938 1449 3064 1514 gabe für einen scharfäugigen Gesellschaftsphilosophen! Das
1932 1497 3054 1557 konnte ein kuhnes gesellschaftliches Rundgemälde werden
1940 1559 3060 1612 das in tausend dem Augenblick abgestohlenen Moment¬
1934 1595 3071 1654 bildern vorbereitet sein mußte. Wer es unternahm, mußte
1939 1638 3058 1705 die Reichshauptstadt in ihren Höhen und Tiefen durch¬
1939 1685 3061 1745 messen haben. Die Leute, die nicht bloß Einwohner sind,
1936 1729 3068 1798 sondern in ihrer Gesamtheit den Kulturbegriff Berlin
1941 1778 3073 1850 hervorbringen, hätten in ihrer innersten Wesenheit
1943 1837 3066 1892 erfaßt und mit tief gekerbten Linien gezeichnet werden
1939 1874 3068 1934 müssen, die sich den Lesern unwillkürlich ins Gedächtnis
1938 1925 3058 1982 einfurchen. Ein glücklich gefundenes Summenwort mußte
1943 1976 3067 2037 uns wie ein Monogramm ihrer Persönlichkeit erscheinen.
1952 2016 3072 2079 Und bei der Lösung dieser Aufgabe war auf die Voll¬
1947 2065 3062 2137 ständigkeit geringerer Wert zu legen als auf die bezeich¬
1954 2114 3070 2172 nende Auswahl. Denn nicht alle, die in Berlin wohnen,
1950 2156 3071 2227 sind charakteristische Berliner, und nicht jeder, der in einer
1944 2205 3066 2266 Großstadt sein Heim besitzt, ist deshalb als ein Groß¬
1959 2246 3073 2319 tädter zu betrachten. Noch immer erneut sich uns bei
1946 2312 3069 2369 jedem Blick in die Runde die Beobachtung, daß in
1945 2350 3073 2408 Deutschland als Großstädte nur die Ansiedlungen be¬
1951 2395 3069 2471 zeichnet werden, die von einer größeren Anzahl von Klein¬
1960 2437 3076 2510 tädtern bewohnt sind als alle anderen. Wer aus diesem
1953 2500 3067 2558 bunten Schwarm die Individualitäten und aus den Leuten
1948 2538 3070 2599 die Menschen herausgreifen würde — und zwar nur die¬
1958 2585 3071 2658 jenigen, die mit ihrer bestimmten persönlichen Nuance an
3021 2631 3078 2686 er
1948 2632 2922 2695 dem Gesamtbilde der Reichshauptstadt abfärben
1948 2687 3072 2741 hätte einen Beitrag zur Kulturgeschichte von bleibendem
1956 2734 3079 2790 Wert geliefert. Freilich mußte er vorher wie der hinkende
1963 2772 3078 2849 Teufel durch alle Dächer geblickt und selbst durch über¬
1949 2818 3081 2891 polsterte Türen feinhörig erlauscht haben, was für das
1955 2879 3082 2933 Geheimleben der Großstadt bezeichnend ist. Vielleicht war
1965 2917 3083 2982 überhaupt die Fülle und Weite dieses Stoffes nicht von
1965 2968 3077 3035 einem einzelnen zu bewältigen. Es gehörte dazu eine Ver¬
1956 3008 3081 3080 einigung von Schriftstellern, die durchbringende Augen,
1959 3055 3081 3122 eine schöpferische Wortkunst und eine Feder besitzen, die
1954 3104 3064 3175 sich in einen Grabstichel verwandeln kann, wenn sie mensch
1952 3156 2491 3245 liche Profile festhalten will.
3091 851 3377 929 auem ein Kan
3105 918 3393 981 Was im Falle
3100 966 3355 1028 folgen willde,
3100 1012 3373 1086 beiden Häuser
3088 1060 3388 1130 Vergleiche mit
3186 1156 3376 1220 Und was
3101 1208 3381 1272 nennt, aber we
3104 1250 3352 1318 selbst nicht
3111 1303 3387 1370 panoramas ge
3105 1347 3393 1422 der Medisance
3112 1397 3395 1460 in welchem jes
3110 1443 3345 1508 Kaffeehauses
3102 1489 3386 1556 zimmers etwas
3115 1540 3374 1603 ünzten kleine
3116 1587 3386 1650 gerecht rorfind
3110 1636 3388 1693 selbst zu bem
3106 1675 3352 1744 Ausdruck zu
3102 1728 3384 1793 ihr durch alph
3108 1774 3400 1838 gemacht, irgen
3117 1818 3396 1886 der Schriftste
3122 1871 3389 1930 asser hatleine
3119 1918 3394 1979 m übrigen nur
3204 1965 3391 2022 Und wen
3107 2010 3374 2077 entwaffneu kö
3120 2060 3385 2119 um eine Liniel
3122 2105 3383 2167 stammtische un
3119 2153 3373 2217 allerlei wohl
3121 2203 3379 2263 menschenffeund
3122 2250 3381 2314 nach einem W
3107 2297 3353 2377 zu erkläten,
3117 2341 3390 2408 La, die kürzen
3111 2389 3389 2454 versucht, habe¬
3116 2437 3381 2501 briefe für Ech
3319 2484 3382 2538 Es
3125 2484 3321 2546 Merkmale
3121 2532 3386 2600 und nichtsshe
3115 2581 3374 2648 Wörtchen mit
3122 2630 3361 2694 merkung, die
3121 2672 3382 2739 aber herrscht
3125 2720 3374 2787 „Schnoddffeit
3115 2770 3379 2841 gefürchtet wir
3217 2818 3378 2882 „Fürst
3116 2854 3378 2930 Reichskanzler
3126 2913 3384 2978 gefürstete Re
3123 2959 3282 3025 kanzler.“
3212 3002 3338 3069 „Graf
3119 3049 3375 3117 und Major
3220 3104 3382 3166 „Maxim
3102 3141 3378 3225 Flesche Rhei
