3532 4256
933 145 1116 224 Zeitung
926 211 1025 275 Ort:
1485 227 1543 302 *
919 284 1107 348 Datum:
986 514 1891 604 Theaterabende unterwegs.
917 547 966 623 1
1385 590 1491 656 Von
1306 652 1562 720 Erich Köhrer.
1008 714 1861 801 VI. Die Hamburger Kammerspiele.
990 779 1939 843 Die Hamburger Theaterverhältnisse haben immer nach
917 825 1947 882 zwei Richtungen ihre Eigenart gehabt: das Publikum
921 869 1940 915 der Alsterstadt ist außerordentlich konservativ und
920 902 1947 959 frönt einem geradezu wienerischen Personenkultus im
917 943 1940 1006 Theater, wie ja das Hamburger Schauspielhaus sich gern
914 978 1945 1032 die „nordische Burg nennen hört. Trotzdem aber ist
917 1016 1942 1079 Hamburg auch eine Uraufführungsstadt par
922 1064 1944 1103 excellence, und ich glaube, daß in den wenigen Ham¬
925 1103 1948 1155 burger Theatern fast ebensoviel Uraufführungen im Jahre
922 1137 1943 1192 stattfinden wie in der Masse der Berliner Bühnen zu¬
916 1177 1943 1236 sammen. Freilich, auf die Wahl dieser Uraufführungen
917 1217 1943 1266 übte die ersterwähnte Eigenart stets ihren maßgebenden
915 1254 1939 1306 Einfluß aus: stürmisch bewegte Experimente durften nicht
916 1292 1946 1343 dabei sein! Man hob und hebt in Hamburg gern ein
920 1330 1933 1391 liebenswürdiges Lustspiel, schließlich auch ein würdiges
913 1368 1939 1430 Schauspiel aus der Taufe, aber man hält sich von neuen,
917 1417 1938 1459 unbekannten, vielleicht nicht glatt gebahnten Wegen durch¬
915 1456 1934 1509 aus fern. Man schätzt und liebt sogar das Theater als
916 1490 1941 1542 eine Pflegestätte angenehmer Zerstreuung und Unter¬
912 1527 1932 1579 haltung, aber man hat am Tage viel zu viel an der Börse
909 1568 1941 1618 oder im Schifffahrtskontor sich anzustrengen, als daß man
919 1611 1943 1663 dem Theater das Recht einräumen könnte, nun auch noch
924 1647 1928 1714 einerseits eine gespannte Aufmerksamkeit, ein tieferes
916 1679 1369 1734 Nachdenken zu verlangen.
985 1713 1935 1778 Wenn man dazu bedenkt, daß der Hamburger sehr
902 1746 1934 1809 viel auf das Aeußere gibt (wieviel wohltuend gut an¬
915 1805 1931 1847 gezogene Männer habe ich jetzt wieder in Hamburg“ ge¬
918 1840 1930 1887 sehen!), und daß beim Neubau des Thaliatheaters die
914 1877 1937 1934 Logenfrage wichtiger wur als die Akustik, begreift man erst
903 1914 1933 1971 richtig, wolches ungeheure Wagnis Erich Ziegel unter¬
909 1960 1933 2004 nommen hhat, als er vor ein paar Jahren, noch während
908 1991 1931 2048 der letzten Kriegsmonate, die „Hamburger Kammer¬
908 2030 1930 2089 spiele eröffnete. Das Lokal, das den neuen Musen¬
902 2072 1934 2123 tempel bilsete, war ein viereckiger Saal auf einem Hofe,
902 2114 1931 2153 zu dem man aus dem Vordereingang eine hohe Treppe
909 2150 1932 2196 hinabsteigen muß. Hier haben früher schon einmal
911 2185 1929 2234 Bauer und Heltai vergeblich versucht, ein ernsthaftes
898 2227 1924 2281 Theater zu machen, hier war man dann auf die „Königin
899 2262 1932 2307 der Luft“, den „Seligen Balduin“ und Hamburger Lokal¬
905 2299 1932 2351 schwänke hinuntergekommen. Das gute Publikum war
900 2342 1924 2391 dem Siall enifremdet — wenn es ihn überhaupt je gekannt
901 2381 1935 2436 hatte! — und man mußte sich auch vergeblich fragen, wie
912 2425 1935 2480 es möglich sein konnte, in diesem Raum, in diesem schmal
910 2463 1925 2507 in die Tiefe gestreckten Tanzsaal die Stimmung auf¬
895 2502 1933 2546 zubringen, die für den Spielplan nun einmal nötig ist,
899 2536 1919 2579 auf den der Namen „Kammerspiele“ unzweideutig hinwies
968 2575 1930 2614 Wie Ziegel sich in diesem Hause hat durchsetzen und
896 2607 1929 2665 halten können, ist mir wirklich ein Rätsel. Gewiß, er hat
902 2653 1925 2709 inzwischen das nebenan gelegene Varieté „Hammonia“ hin¬
904 2694 1927 2742 zugenommen, es in Komodie nhaus umbenannt und
903 2730 1930 2781 spielt dort Schwänke und ähnliches Publikumsfutter. Aber
898 2768 1920 2809 auf der anderen Seite hat er das Repertoir der Kammer¬
901 2804 1925 2850 spiele wirklich im ganzen auf einer schönen Höhe gehalten
901 2841 1925 2892 und auch in der Gestaltung der Aufführungen den Mut
895 2885 1917 2938 zur Bekundung künstlerischen Willens gefunden. Es unter¬
897 2923 1920 2969 liegt gar keinem Zweifel, daß die Hamburger Kammer¬
894 2947 1921 3010 spiele heute das lebendigste, künstlerisch am stärksten kon¬
896 2999 1915 3047 zentrierte Theater der Stadt sind. Ob die Aufführung der
889 3042 1921 3093 „Räuber“ in moderner Kleidung, die ich leider nicht
897 3075 1920 3121 gesehen habe, ein verfehltes Experiment war, ob mancher
891 3115 1918 3157 andere Ansatz nicht zur Vollendung reift — die Tat¬
896 3148 1220 3199 sache allein,
1226 3154 1772 3213 daß in Hamburg auf
1774 3152 1929 3205 einer
899 3194 1915 3248 Bühne experimentiert wird, und zwar unter
888 3223 1230 3277 künstlerischen
1232 3226 1764 3270 Gesichtspunkten,
891 3269 1435 3322 freudige Anerkennung und
1456 3270 1924 3325 sollte die Hamburger in
897 3305 1903 3353 Scharen ins Haus ziehen. Aber ich habe nicht den Ein
888 3340 1899 3394 druck gewonnen, daß Ziegels ehrliche Arbeit und sein
892 3381 1894 3427 Leistungen vom Hamburger Publikum so unterstützt wer
886 3423 1900 3468 den, wie er es verdient. Ich habe ihn leider nicht g
883 3451 1918 3512 sprochen und daher keinen Einblick in seinen Etat gs
891 3497 1916 3539 wonnen. Ich weiß aber, daß er ein ziemlich großes Per¬
885 3531 1914 3584 sonal hat, und daß die Einnahmefähigkeit seiner Bühne
897 3579 1923 3627 räumlich beschränkt ist. Die Kammerspiele fassen nur etwa
895 3617 1919 3664 750 Personen, und da der teuerste Platz am Wochentag
888 3654 1925 3699 55 Mark kostet, dürften wohl nur ausverkaufte Häuser den
893 3691 1919 3739 Betrieb erhalten. Schnitzlers „Reigen, gegen dessen
894 3730 1923 3779 Aufführung ich mich durchauls bekenne, hat auch hier d?
884 3769 1853 3822 gute Wirkung ausgeübt, Ziegel das Haus lange Zeit
1855 3778 1924 3829 #
888 3810 1941 3853 füllen und ihn wirtschaftlich zu stärken. Denn der Ham¬
892 3846 1908 3910 burger hat immer eine s—tille Liebe für ans—tößige
881 3878 1153 3941 Sachen gehabt.
968 3920 1914 3971 Allerdings zeigt sich die Besonderheit des Hamburger
887 3967 1915 4016 Publikums selbst in diesem Hause, dessen Besucher doch
883 4005 1920 4061 sicherlich in einem gewissen Grade literarisch interessiert
2219 433 2947 513 Hande ana
2018 505 3043 564 sind. Nach meinen Beobachtungen scheint das Verständnis
2015 561 3038 621 für das Schaffen unserer Zeit nicht gerade sehr groß zu sein,
2011 603 3043 643 und selbst ein Stück wie Speyers „Rugby“ ruft schon
2008 634 3045 687 lebhaftes Kopfschütteln und sogar Pfiffe der Entrüstung
2009 676 3045 725 hervor. Wenn's nicht was Erotisches ist, dann zieht man
2011 714 2493 770 schon die Klassiker vor.
2090 745 3045 801 Deren Pflege wird freilich durch äußere und innere
2013 790 3045 844 Hemmungen stark erschwert. Durch äußere: die Bühne ist
2014 833 3041 883 sehr bescheiden, räumlich stark beschränkt und technisch kaum
2005 880 3031 928 auf der Höhe. Durch innere: ein Privattheater ist nun
2012 917 3043 968 einmal gezwungen, sich zu entscheiden, ob es sein Personal
2021 948 3031 1007 ür klassischen oder modernen Spielplan zusammenstellen
2014 983 2074 1035 soll.
2085 989 2124 1030 70
2150 991 3044 1043 Die schauspielerischen Differenzierungen sind all¬
2011 1034 3043 1086 mählich viel zu sehr vorgeschritten, als daß man mit einem
2018 1070 3033 1113 Personal für diese beiden grundverschiedenen. Aufgaben
2009 1111 3031 1162 reichen könnte. Ziegel hat ja nun wohl ein ungewöhnlich
2007 1146 3035 1195 großes Personal verpflichtet und damit seinen Etat schwer
2007 1187 3036 1232 belastet. Trotzde gelingt es auch ihm nicht — und konnte
2010 1223 3039 1268 ihm nicht gelingen! — für beide Aufgabenkreise geeignetes
2008 1261 3032 1311 Material an Kräften zu finden und festzuhalten. Es soll
2014 1306 3041 1357 nicht vergessen werden, daß eine Reihe Bühnenmitglieder,
2002 1340 3040 1395 die jetzt in Berlin an ersten Stellen stehen, vorher bei
2001 1376 3031 1440 Ziegel waren. Aber er wird nicht leicht in der Lage sein,
2019 1424 2819 1474 ich solche Kräfte für längere Zeit zu sichern.
2074 1445 3031 1505 Unter diesen Umständen erscheint mir das Nibeau
2009 1486 2769 1541 seiner Aufführungen bemerkenswert hoch.
2845 1495 3031 1552 Eine Auf¬
2008 1538 3034 1581 führung des „Sommernachtstraum", die Ziegel
2000 1577 3042 1623 selbst inszeniert hat, gab mir ein Bild davon, wie er mit
2001 1613 3030 1657 dem Raumproblem fertig wird und zugleich eine Probe
2012 1652 3033 1703 davon, wie er neue Wege zu gehen sucht. Man spielt die
1995 1689 3032 1736 Komödie in zeitlosen (von Eise Kündiger mit gutem
2004 1731 3037 1774 Farbensinn entworfenen) Kostümen, die ein wenig dem
2004 1770 3034 1813 Biedermeier angenähert sind. Daß man keinen Augenblick
1995 1801 3029 1858 einen Gegensatz zwischen dem Kostüm und der Erwähnung
1999 1847 3035 1897 Athens und seiner Götter empfand, beweist das Gelingen.
1997 1875 3038 1932 Die Raumfrage ist rein dekorativ annehmbar gelöst. Der
1999 1919 3036 1971 Wald sogar, durch eine mächtige Eiche im Mittelgrund an¬
1995 1961 3035 2010 gedeutet, din sich nach dem Hintergrund zu im Gestrüpp ver¬
1993 1999 3026 2051 liert, entbehrt nicht des szenischen Reizes. Aber der be¬
1992 2038 3027 2085 sondere Stimmungszauber, der sich aus dem Ineinander¬
1997 2078 3026 2129 weben von Monsch und Wald und Elf und Troll ergibt,
1996 2112 3029 2164 bleibt aus, weil eine Entfaltung unmöglich ist. Zu diesem
2008 2151 3028 2203 Eindruck trägt auch bei, daß hier die neue Musik versagt,
2003 2192 3027 2244 die Ernst Roters geschrieben hat, und die für die Rüpel¬
2006 2230 3033 2279 zenen witzige und charakteristische Ausdrücke findet, aber
1994 2271 3025 2313 der Märchenstimmung mit einem ziemlich banalen Walzer
1998 2309 3022 2359 nicht nahekommt. Die allzu reichliche Musik bedeutet auch
1993 2347 3024 2394 quantitativ eine störende Belastung des Werkes, sie unter¬
1998 2386 3030 2431 bricht seinen Fortgang, ohne die Unterbrechung durch be¬
1996 2423 3024 2476 strickende Stimmung unmerklich zu machen. Ebenso ver¬
2000 2464 3020 2507 fehlt ist die allzu ausgedehnte Tanzerei im Wald, be¬
2003 2501 3028 2545 sonders, wenn sie so peinlich dürftig und uninteressant aus¬
2005 2542 3031 2589 geführt wird wie durch die paar eckigen Schwimmerinnen
1998 2579 3030 2623 ien Hamburg, die als „Münchener Tanzgruppe“ gastieren.
1995 2616 3023 2660 Mit den Nöten des Raumes fertig zu werden, scheint an
2000 2657 3015 2699 dieser Stelle nicht anders möglich, als indem der Spiel¬
1990 2693 3028 2741 keiter sich in allen Dingen mit Andeutungen begnügt, wie
1995 2733 2859 2782 es szenisch auch für den Wald hübsch gelungen ist.
2068 2763 3025 2821 Speyers „Rugby wurde unter der Regie des Dr.
1988 2803 3015 2860 Bobrik in einem geschmackvollen und kultivierten Rahmen
1999 2843 3027 2896 gespielt, im Tempo nicht immer leicht genug, aber sicher
2001 2887 3019 2930 ointiert. Nur das Bett im Zimmer des dritten Aktes war
1989 2922 3013 2967 böse Provinz. Ich lernte als Karola eine Schauspielerin
1995 2961 2963 3010 kennen, die Marcella Halicz heißt und so hübsch,
1987 3000 3023 3055 von innen heraus voll Liebe und Frische bei der Sache ist,
1981 3036 3022 3079 daß ich ihr wirklich raten möchte, die deutsche Sprache zu
1997 3078 3012 3120 ernen. Ich glaube, es würde sich für sie lohnen — und
1994 3115 3013 3165 auch für die deutsche Bühne. Die ganze Vorstellung stand,
1989 3158 3009 3204 mit Ausnahme des Ehepaares Buttler, auf einer erfreu¬
1986 3194 3015 3238 lichen künstlerischen Höhe. Den Eindruck besonderer Bega¬
1981 3227 3012 3281 bung, den Herr Sodinger als Conny durch die liebens¬
1996 3274 3010 3316 würdig=kecke Konversationsführung erweckte, verstärkte er
1985 3309 3008 3348 als Lysander. Die Hippolyta des Frl. Kündiger machte
1983 3348 3011 3392 mit einer trefflichen Sprecherin bekannt, die Hermia des
1994 3385 3004 3435 Frl. von Mahr mit einer lieblichen Künstlerin voll Laune
1987 3427 3001 3476 und Zärtlichkeit. Im Ganzen kamen in der „Sommer
1988 3460 3004 3509 nachtstraum"=Aufführung, der Ziegel, soweit Musik und
1983 3502 3009 3553 Tanz es zuließen, ein wirbelndes Tempo gegeben hat, die
1984 3541 3011 3581 Rüpelszenen zu überlegenerer Wirkung als die Märchen¬
1989 3576 3004 3629 teile. Die einzelnen Typen waren scharf gesehen und mit
1985 3616 3005 3659 individualistischer Charakteristik humorvoll gestaltet. Gerade
1983 3654 3011 3703 auch in ihren Szenen wurde erkennbar, wie die Kammer¬
1979 3689 3012 3737 spiele mit Eifer und Gelingen bemüht sind, ihre besondere
1995 3733 3009 3782 Stellung im Hamburger Theaterleben sich täglich neu zu
1982 3771 2155 3826 verdienen.
