3392 4256
299 84 432 176 11.
494 84 556 157 R
487 102 806 199 Zeigen
1006 94 1404 180 box 18/1
1300 866 2530 963 Sobald die Unergiebigkeit des Nachwuchses in die Vergangenheit
1221 935 2520 996 der Dramatik zurücktrieb, kam eines Tages auch Schnitzler wieder
1223 980 2515 1051 dran. Was von ihm? „Reigen“? Nach Aufhebung der Zensur war
1224 1018 2513 1088 die Oeffnung dieses gabinetto secreto schließlich nur eine Frage der
1220 1064 2519 1133 Zeit, nach der eiwas zu großen. Selbstverständlich, daß der Spezialist
1215 1107 2514 1179 für das Sonmiertheatergeschält Herr Sladek sich ganz energisch verbeten
1211 1149 2511 1225 hätte, dabei irgendeiner künstlerischen Absicht geziehen zu werden.
1219 1193 2514 1259 Sein Wintergeschält umrauschte der Pleitegeier in engen und täglich
1210 1248 2521 1318 engern Kreisen. Schönherr war durchgefallen, Bahr hatte kläglich ver¬
1220 1285 2513 1344 sagt: half der dritte Oesterreicher nicht, so wurden die Stühle ver¬
1207 1335 2511 1399 steigert. Aber die Probe ist leider nicht angestellt worden. Die Be¬
1220 1374 2510 1449 hörde lieh ihre Unterstützung mit einem Erfolg, daß ihr die dickste
1210 1415 2513 1492 Provision gebührte. Nie hat sich eine Behörde dümmer und unge¬
1209 1467 2515 1521 schickter erwiesen, Sie wollte das Kleine Schauspielhaus aus der
1208 1504 2511 1576 Hochschule für Musik hinausschikanieren: und hat ihm eine Reklame
1214 1547 2512 1626 gemacht, daß es bis zum Ablauf des Vertrages jeden Abend ausverkauft
1209 1602 2513 1666 sein wird. Als ich zur siebenhundertsten Aufführung strömite, waren
1213 1637 2509 1709 Hardenberg- und Fasanen-Straße wegen Lebensgefährlichkeit reif für
1211 1680 2509 1758 die Absperrung. An der Kasse wogte der Abschaum der berlinischen
1208 1723 2509 1802 Menschheit, dem mit Netzen die blauen Lappen entschopft wurden. Ge¬
1206 1778 2511 1845 sichter, wie ich noch keine sah; Geistlosigkeitt. ausgespien aus der
1203 1813 2509 1899 Hölle; Kostüme, die ihren Trägerinnen ermöglicht hätten, in dem
1199 1859 2497 1923 einen entscheidenden Moment jeder Szene ohne Gage und ohne sonder¬
1205 1903 2506 1976 liche Veränderung an der Toilette mitzuspielen. Ich war hoch und
1207 1954 2502 2016 heilig entschlossen, das sattsam bekannte öffentliche Aergernis keines¬
1203 1995 2495 2065 wegs ungenommten zu lassen. Aber es ging nicht. Wie auf der Bühne
1198 2038 2490 2111 geschah, was nach Schnitzlers Geheiß zu geschehen hat, gab einer
1197 2087 2497 2154 natürlichen Verrichtung ihre Unschuld zurück, selbst wenn eine wider¬
1208 2132 2499 2192 natürlich talentlose Schauspielkunst sich hindernd dazwischenklemmte.
1206 2169 2490 2243 Da vor keuschen Augen garnicht gezeigt wird, was keusche Herzen
1193 2221 2492 2289 nicht entbehren können, sö fragt sich allenfalls, auf welche Weise die
1203 2262 2496 2334 völlig ahnungslosen Gemüter, die noch nicht hinter den Vorhang ge¬
1199 2299 2505 2375 blickt haben, und die eben deshalb die Behörde schützen zu müssen
1196 2340 2500 2413 behauptet, die hier emplangene Anregung praktisch verwerten werden.
1190 2386 2505 2454 Die Mädchen haben zehnmal überaus verwundert bemerkt, wie ekelhaft
1192 2428 2503 2508 die zärtlichen Knaben „hinterher“ sind, und verzichten entweder auf
1193 2479 2501 2547 die Kontrolle: dann hat die rührend fürsorgliche Behörde eher zur
1189 2521 2488 2592 Förderung als zur Schädigung des Unternehmens Anlaß; oder sie
1190 2561 2496 2623 trauen sich zu, ihren Enaben in geringere tristitia zu versetzen: dann
1194 2608 2484 2675 wird sie zu solcher Prüfung ihrer Kräfte ein Sonnnerabend oder das
1199 2649 2486 2729 erstbeste heiße Buch genau so leicht verfühfen wie diese Theatervor¬
1194 2705 2481 2767 stellung. Die Knaben? Ihnen droht einzig, daß sie für eine Situation,
1195 2754 2481 2811 in die sie heut oder morgen unfehlbar konnnen werden, ein bißchen
1189 2782 2485 2849 bessere Manieren lernen. Und die erwachsenen Kunden des Theaters
1186 2829 2484 2902 bedürfen der Bevormundung nicht. Den meisten verstellt überall in
1183 2876 2484 2945 der Kunst der Stoff die Aussicht auf die Form — soll das etwa eine
1190 2915 2481 2989 Zensur aus der schlechtesten aller Welten schaffen? Wer aber Form
1185 2957 2493 3034 zu würdigen weiß, der wird an Scimitzlers melancholisthem Witz seine
1188 3002 2488 3078 Freude haben und von der Trzuer dieses unleidenschaftlich ironischen
1187 3043 2493 3129 Gehirns um die Centaurenhaftigkeit des Menschen zu innig berührt
1186 3098 2479 3149 werden, als daß er auf ein Niveau herunterzusteigen vermöchte, wo er¬
1191 3140 2489 3220 wogen wird, was in den Bereich der dichterischen Gestaltung und auf
1183 3176 1708 3251 eine Bühne von heute taugt.
1226 3228 1305 3308 74
