3392 4256
546 20 1763 116 weites giünes Spihechen frinte im (amten unzere Aeri
552 86 1758 159 Eine jenseits von deutscher Zensurmacht hergestellte Ausgabe („für
562 137 1762 216 Liebhaber", „für Kunstfreunde“ oder wie man's, nach berüchtigtem
556 181 1759 263 Musier, sonst nennen mochte), hätte dem Verfasser ein hübsches
566 234 1765 306 Stück Geld eingebracht. Er hat's verschmäht: offenbar in dem noblen
561 280 1763 353 Gefühl, daß so würzig an vespasianische Münze erinnernde Einkunst
559 328 1766 402 ihm nicht zieme. Nur Freunden, ernsthaft in Kunstbetrachtung Versenkten
560 379 1767 454 wurde zunächst, ohne jede Entgltsforderung, das Buch ge¬
575 421 1777 505 chickt. Ob nach dem Niederbruch der österreichischen
576 475 1770 549 Wirtschaft, in dem Wien, wo das Gulasch (nicht etwa in
562 521 1773 604 Luxusschenken) sechzig Kronen kostet, Herrn Schnitzler der
570 571 1775 647 Gedanke an „Verwertung“ der alten Nebenarbeit nahte und
568 613 1774 688 übetmannte, weiß ich ni . Nach der Fassadenänderung, die der
568 662 1779 739 deutsche Drang, „allen Komfort der Neuzeit“ auch in sein Haus
566 711 1781 792 zu raffen, noch manchmal eine Revolution nennt, tauchte
583 764 1777 832 auch bei uns der Wunsch auf, die Konjunktur hüllenloser
572 809 1672 876 Sexualiendarstellung auszunutzen und den „Reigen“
570 861 1782 931 offener Bühne, vor Zahlungsfähigen, tanzen zu lassen.
573 903 1785 983 Der mit der Verantwortlichkeit für ein großes Heer An¬
585 948 1787 1033 gestellter bebürdete, von der Sorge für den über alles Erwarten
578 1002 1791 1076 hinaus verteuerten Riesenbau des Großen Schauspielhauses
578 1050 1778 1115 bedrückte Künstler Max Reinhardt war überredet worden
583 1093 1792 1173 sich das Aufführungsrecht für seine Kammerspielbühne zu sichern
591 1147 1789 1233 („sonst erwirbt es morgen ein anderer"); stimmte mir aber sofort
579 1192 1781 1281 zu, als ich seiner Frage, ob die Aufführung mir ratsam scheine,
593 1239 1747 1321 antwortete: „Durch die Ausstellung von Akten, die den ...
580 1280 1795 1360 vorbereiten, Geld zu verdienen, kann und muß Reinhardt anderen
595 1333 1795 1414 überlassen. Er hat, trotz mancher Schwierigkeit in der Spielplan¬
595 1382 1794 1463 gestaltung, aus seinem Recht nicht Zins gezogen, die . .. gespräche
591 1427 1793 1517 nicht auf seine Bühne gebracht. Und er wäre, vielleicht, der Einzige
590 1489 1802 1563 gewesen, dessen Theatergenie ihnen ein szenisches Phantasiegewand
593 1531 1413 1605 von eigenem Kunstwert zu wirken vermochte.
701 1570 1795 1658 Jetzt huschen sie über eine Bühne, der, nur zu diesem
753 1624 1797 1694 ein Personal gemietet wurde und deren kränkelnde
584 1618 746 1703 4 ck,
590 1671 1798 1750 Wirtschaft sie „sanieren“ sollen. Ueber die Bühne der staat¬
599 1722 1801 1789 lichen Hochschule für Musik, die diesen Raum für einen
834 1770 1812 1829 tief unter dem Selbstkostenauswand, gegen
600 1784 807 1845 Spottpreis,
593 1817 1803 1897 das feierliche Versprechen priesterlich reiner Kunstpflege
591 1861 1805 1929 hingegeben hal und deren jugendlichen, oft noch kindhaften Zög¬
594 1913 1803 1977 lingen erleichterter Einlaß in diese Vorstellungen vom Direktorium
600 1961 1809 2030 verbürgt ist. Auf solche Bühne taugte schon nicht die Lulu
599 2015 1812 2074 Wedekinds (der neben dem seelisch elegantesten Schnitzler
600 2056 1811 2127 doch wie ein Gigant neben einem Gigerl stünde), nicht
595 2099 1814 2164 die in Winkelprostitution Hinabgesunkene, die der Zu¬
1736 2148 1809 2205 nach
605 2148 1684 2232 schauer drei Männer von der Straße aufkobern,
599 2204 1810 2270 einander über die Szene ködern sieht und nebenan mit ihrem
598 2234 1808 2327 welken Leib sättigen (beinah) hört. Dort aber war immerhin noch
604 2343 1810 2425 katholische Herrlichkeiten der Stadt selbst mit, der schauerlich¬
601 2399 1822 2469 nhaulastische Glockenchor, ein Zug der Beghinen und dazwischen eine
611 2447 1813 2518 Ganklerszene, die das dramatische Scherzo der Oper bildet, mit vielen
603 2494 1815 2572 Figuren, wie eine italienische Commedia dell arte, toll, sprühend,
608 2546 1815 2612 mit zahllosen geistreichen Einzelheiten, fliegenden Ensemble¬
609 2589 1822 2666 stellen und dem Hauptstück eines zärtlichen, mit reizender
608 2648 1823 2716 wienerischer Anmut ersundenen. Sechsachtel, in dessen Mitte
606 2681 1824 2766 ein schwärmerischer Baßwalzer liegt. Das Ganze im
609 2735 1820 2811 geisterhatten Kolerit eines Spukbildes. Diese zauberische
609 2788 1823 2856 Szene hat nicht ihresgleichen in der Opernliteratur.
613 2837 1819 2900 Nur die Hand eines geistsprühenden Lustspielkomponisten konnte
611 2872 1823 2951 sie sormen. Als Aktabschluß schließt sich ein „geträumtes“ Liebesduett
618 2923 1815 2995 an, in welchem die erolische Stimmung zu stark überspannt und
614 2976 1716 3055 überhitzt ist. Das A-dur dieser Stretta kocht in Weißglut.
727 3013 1819 3101 Zur Traumhandlung gehört im dritten Akt der groß
600 3078 1824 3146 R##ecitionsmarsch, der sich im Orchester riesenhaft steigert und ein
1788 46 2601 104 Zeigen erltust Ir, eenen
1788 82 3011 156 auf seine Nerven reizend wirkt und das er an sich, an dem er
1803 132 2468 213 ich geschlechtlich zu erwärmen sucht?
1897 169 3013 248 Auch diese Darstellung, ruft man, sei erlaubt; denn der
1798 234 2999 303 Freiheit det Kunst sei nirgends eine Grenze gesetzt. Nirgends,
1799 273 3015 347 auch da, wo sie in öffentliches Gewerbe austritt? Euer
1807 331 3010 395 „Reigen“ zeugt gegen euch. Weshalb werden die Um¬
1802 365 3005 444 armungsakte selbst, in deren Verlauf oft die echtesten mensch¬
1796 431 3002 488 tierisch tiefsten Laute aus Mannheit und Weibheit aufheulen,
1795 460 3017 532 aufkeuchen, nicht vorgeführt, sondern durch kritische Fetzen
1801 509 3016 581 von Musik ersetzt, der hier (unter dem Dach der Hochschule
1810 557 3006 631 für Musik) das Amt des Stimmung machenden Klavierspielers in
1805 607 3014 679 einem verrufenen Hause zugewiesen ist? Weil dem Gewerbe öffent¬
1811 655 2858 730 licher Kunstausstellung eben doch eine Grenze gezogen ist.
1910 704 3018 764 Wo läuft sie? Auf der Linie, die leidenschaftliche Wallung
1809 760 3021 822 von Prostitution scheidet. Und Prostitution, scheint mir, ist da,
1810 793 3019 873 wo die Gebärde sexualer Begierde von dem Zweck des
1822 841 3023 922 Gelderwerbes bestimmt ist. Das Weib, das seinen Schoß
1807 889 3025 969 dem Stundenmieter öffnet und ihm eine der Höhe des Pacht¬
1813 938 3025 1024 zinses angemessene Erregtheit oder Paarungslust vortäuscht,
1810 995 3025 1068 gilt, obwohl es nur über sein Eigenstes verfügt und auf seine
1823 1043 3034 1109 Art durchaus „reell“ handelt, als prostituiert und geschändet.
1816 1093 3026 1160 Und ein Serienspiel, das dieselben Grimassen allabendlich ein paar
1820 1135 3029 1211 hundert Wohlhabenden, zum selben Zweck des Gelderwerbes, vor¬
1828 1185 3023 1252 führt, soll ich als ein Gebild reiner Kunst in Ehrfurcht an¬
1823 1248 1984 1316 staunen?
1926 1274 3033 1346 Herz und Nieren, Willen und Vorstellung der Direktion
1829 1333 3032 1403 des Kleinen Schauspielhauses zu prüfen, ist nicht meines Amtes;
1826 1377 3038 1443 ich habe Frau Eysoldt stets als ernste Künstlerin geschätzt und
1823 1415 3047 1498 bin weitab von jedem Wunsch, sie oder ihren Sozius übten
1824 1471 3036 1539 Wollens zu verdächtigen. Möglich, daß sie nicht sehen, was
1835 1515 3040 1598 ist. Was ist? An der Kasse werden bis zu hundert, dem Zwischen¬
1834 1571 3039 1649 händler bis zu vierhundert Mark für den Platz gezahlt: und um
1827 1619 3049 1687 diese Plätze rauft alltäglich die Menge. Welche? Dem aufstrebenden
1832 1679 3047 1738 Künstler, dem Beamten, Richter, Forscher, Gelehrten, dem
1841 1711 3031 1787 chlichten Bürger, gar dem Prolejarier sind noch die „billigen“
1836 1760 3036 1835 Plätze unerschwinglich. War ein Werk edler Kunst der deutschen
1834 1806 3049 1883 Bühne zu erobern: warum gab man's nicht dieser Schicht?
1828 1850 3049 1926 Warum reservierte man's denen, die Sprachgebrauch von heute
1841 1906 3045 1975 Schieber, Schleichhändler, Parasiten des Krieges und Umsturzes
1840 1951 3047 2023 nennt? Will ein Ernster im Ernst behaupten, diese
1831 1993 3045 2072 Leute drängten sich an die Kasse, um Kunst zu genießen?
1845 2044 3059 2123 Ist nicht ein Unterschied, ob ich leckere Zotenmalerei
2994 2098 3056 2155 zu
1839 2108 2956 2173 (von Rops oder Zichy: um nicht große Namen
1842 2144 3047 2213 nennen, von denen der zierliche Fein=Schnitzler erdrückt würde) in
1850 2184 3049 2263 in öffentliches Museum, unter andersartige Kunstwerke
1848 2232 3054 2320 hänge oder in einem nur gegen ungemein hohe Einlaß¬
1838 2284 3064 2367 gebühr zugänglichen Sälchen den von Stoffgier hingetriebenen
1851 2337 3049 2412 Schleckern zeige? Von hundert Reigensüchtigen wollen (min¬
1852 2403 3053 2454 destens) neunzig ohne Plumpheit, sacht angegeilt werden oder,
1852 2442 3056 2507 wenn das nicht mehr möglich ist, wohlig die Erinnerung
1859 2477 3036 2550 chlürsen, „wie das einmal war". Das sie „Mutti“
1854 2512 3047 2599 Verwegene sogar die Tochter mitnehmen, trüffelt die Lust
1860 2570 3065 2649 Einst zog Berlin in Lokale, an deren Gattengitter, weiß auf
1848 2621 3063 2693 Grün, stand: „Hier können Familien Kaffee kochen“. Long
1844 2665 3064 2744 ago. Jetzt sind die Otte beliebt, über deren Pforte, in Gold¬
1848 2714 2968 2793 lettern, stehen dürfte: „Hier können Familien Zoten hören“.
1961 2756 3063 2841 Ich möchte nicht zweifeln, daß der Künstler Schnitzler,
2999 2818 3060 2872 ist,
1860 2811 2993 2883 venn er diese Wirklichkeit sähe, wie sie, unbestreitbar,
1849 2862 3068 2930 lieber hungern als Einkunft aus so unsauberem Quell schöpfen
1859 2904 3068 2982 wvürde. Er kann nicht wünschen, daß die Menschen, die
1849 2975 3061 3028 in Deutschland Theaterbesuch noch zu eikausen vermögen,
1861 3005 3055 3077 nit der Nervenpeitsche und mit Kantharidenreiz so lange „trainiert“
1858 3055 3071 3121 werden, bis sie ganz und gar unfähig geworden sind, dem Wort
1853 3099 3059 3174 stiller Seelenkünstler still zu lauschen und dem Drama, das in
1851 3148 3073 3225 Hamlet und Cordelia, in Stella und Tasso hohe Ahnen verehrt.
1854 3195 3080 3277 ein würdiges Publikum zu sein. Und wir, alle, denen Kunst
1856 3241 3079 3316 ein Heiligtum und Sinnlichkeit ein unersetzlicher Hort
1853 3285 3068 3365 starken Menschentums ist, die jauchzen, wenn im Tanze
1862 3349 3059 3416 sich eines Weibes edler Leib völlig blößt, doch speien,
1853 3390 3064 3456 wenn daraus ein Härchengeschäft wird, wir müssen uns
1857 3430 3066 3508 gegen die von Tag zu Tag dreister werdenden Versuche
1857 3492 3073 3556 sträuben, durch Nackitänze, Aufklärungsfilme, Sexualtheatralik die
1859 3530 3069 3603 Freude an edler, freier, froh über alle Ränder von Sitte und
1859 3578 3067 3650 Brauch aufschäuteender Sinnenregung zu erwürgen. Denn diese
1859 3620 3062 3699 Freude lebt von dem Geheimnis des höchsten Geschlechtsvorganges,
1859 3673 3067 3743 das jeder selbst entschleiern, in seliger Nacktheit anstaunen und,
1858 3721 3070 3792 als wäts zuvor nie einem offenbar geworden, genießen muß.
2976 3769 3081 3825 wäre
1858 3767 2913 3851 Das wirksamste Mittel, diese Freude zu morden,
1862 3808 3083 3890 die Gründung einer „staatlichen Hochschule für den technischen
1869 3868 3084 3938 Betrieb der Sinnlichkeit". Deren Probierbühne mag dann mit
1871 3926 2359 4005 „Reigen“ eröffnet werden.
