3392 4256
535 206 861 299 Reigen
1058 215 1459 308 box 18/2
609 737 1794 812 Anzweiflung seiner Eigenschaft als Gutachter in künstlerischen Fragen
615 803 1787 858 energisch zu widerlegen. Er habe seinen Posten in Berlin an¬
622 843 1793 892 genommen, weil es ihm ein Herzensbedürfnis sei, gegen den sittlichen
622 875 1788 929 Schmutz, der unser Volk mehr und mehr vergifte, mit allen seinen
610 915 1799 974 Kräften anzukämpfen. Diesen Kampf führe er nicht von einem poli¬
611 951 1784 1002 tischen Standpunkte, und müsse sich gegen das Kesseltreiben ver¬
607 992 1790 1041 wahren. An der Aufführung des „Reigen“ habe er wie
609 1024 1787 1081 viele ander Anstoß genommen und nehmen müssen. Nachdem das
618 1062 1796 1126 Buch als unzüchtig zu bewerten ist, ist die Uebertragung auf die
609 1099 885 1154 Bühe unzüchtig.
668 1125 1796 1200 Da die Zeit zu weit vorgeschritten ist, wird die Fortsetzung der
608 1171 1794 1245 Vernehmung des Prof. Brunner auf Dienstag, 9 Uhr, vertagt.
919 1270 1492 1358 Rettet die Kinder.
675 1344 1787 1416 Infolge unseres Aufrufs in der letzten Sonntagsnummer
604 1396 1301 1446 erhielten wir nachfolgende Spenden:
621 1438 855 1492 1000.— M.:
879 1440 1778 1505 Sammlung Fritz Hammer, Bayern=Allee 3 — Alfred Goeß,
878 1479 994 1516 Westend.
650 1487 852 1560 500.— M.:
872 1505 1778 1552 Erwin Mühlberg, Berlin — Julius Lipinsti, Detroit, Michigan
928 1538 1109 1592 P. H. Brand
1133 1533 1432 1594 — X. Y. Berlin —
1442 1544 1774 1591 Thomas Peter Graupe
878 1565 978 1607 Berlin.
652 1581 859 1634 419.90 M.:
649 1628 840 1670 250.— M.:
878 1618 1342 1668 Paul M. Werner, Schöneberg.
875 1658 907 1694 G.
647 1657 844 1711 200.— M.:
903 1656 1012 1694 E. —
1034 1652 1446 1702 beschw. Rother, Berlin —
1443 1635 1788 1701 R. N. aus Anlaß des
880 1687 1468 1747 Jahrzeittages meiner seligen Mutter
1475 1686 1783 1747 — S. Kleinberger,
878 1717 974 1754 Berlin.
654 1736 851 1785 100.— M.:
1003 1729 1224 1789 Charlotienburg
879 1746 999 1783 O. St.,
1239 1749 1288 1784 —
1727 1740 1764 1786 —
1292 1734 1731 1794 Ingelis Grau, Berlin O. 34
592 1776 1607 1815 Anstatt einer Kranzspende für den verstorbenen Paul Gidion
1609 1780 1779 1825 — Hilbert
601 1806 644 1837 u.
656 1803 1728 1843 Winkelmann, G. m. b. H., Flügel= u. Klavierfabrik. Eisenberg S.=A.
602 1830 741 1868 N. N. —
751 1834 1586 1875 M. Louis u. #e Pasewalk — Margarete Hoffmann —
1602 1842 1783 1876 Louis Koop¬
600 1864 1784 1903 mann, Berne (Oldenburg) — „Harmonie“ Verlagsgesellschaft für Literatur und
599 1884 1350 1934 Kunst, Halensee. — 85.— M.: N. N., Berlin W.
1351 1895 1776 1941 — 70.— M.: Sühnetermin
600 1921 1781 1964 G. L. — 50.— M.: Hans Schlesinger, Berlin — M. P. 24 — Madame Lient¬
598 1950 1590 1986 nant Charses Johannessen, Aachen — Ungenannt, Berlin SW. —
1598 1957 1771 1999 Dr. Philipp
604 1979 1779 2021 Lederer, Berlin — Frau Hede Lubliner, Charlottenburg — Louis Heller, Cann¬
598 2009 671 2052 statt.
771 2002 1339 2047 30.— M.: „M. B.“, Wilmersdorf.
1348 2009 1773 2059 — 25.— M.: Zahnarzt
599 2039 1730 2083 Dr. Nathan, Düsseldorf — Nauenberg, Wageningen — A. J. in Konstanz.
600 2068 1220 2115 20.— M.: Georg Weyrau, Dresden —
1236 2073 1599 2104 Dr. de Laporte, Halensee
1602 2075 1779 2113 — Aus der
603 2099 1020 2136 Sparkasse von Mia Tuchler
1132 2102 1166 2133 L.
1027 2102 1115 2140 — W.
1235 2100 1394 2148 Weckmann
1396 2104 1587 2144 — „M. M.“
1588 2103 1777 2146 — Heinrich
599 2121 1238 2166 Friedlaender Friedenau. — 5.— M.:
1239 2132 1398 2170 M. L. —
1413 2131 1776 2176 Summa: 7624.90 M.
608 2146 1129 2193 Bereits veröffentlicht: 88 865.— M.
1240 2161 1770 2199 Gesamtsumme: 96 489.90 M.
652 2195 1767 2239 Sammlung ist durch den Kommissar für die Regelung der Kriegs¬
598 2231 1779 2284 wohlfahrtspflege in Preußen laut Schreiben vom 17. September 1921
584 2267 784 2332 genehmigt.
792 2329 1609 2424 Für die Opfer von Oppau¬
591 2405 771 2468 sind noch
790 2408 1384 2470 folgende Spenden eingegangen:
622 2460 772 2504 5000.—
774 2464 848 2503 M.:
873 2453 1466 2524 Michelsohn u. Ascher Akt.=Ges., Berlin.
771 2496 843 2535 M.:
961 2497 1008 2533 G.
626 2495 770 2580 1269.—
768 2526 841 2566 M.:
876 2498 1767 2582 Sammlung der Deutschen Hutmacher=Zeitung Hasse u. Dreher,
875 2555 976 2591 Berlin.
614 2557 847 2631 1140.65 M.:
873 2566 1773 2644 Sammlung der Deutschen Hutmacher=Zeitung Hasse u. Dreher,
868 2614 969 2655 Berlin.
868 2630 1269 2686 Anton Bregel, Berlin —
625 2628 835 2697 1000.— M.:
1271 2633 1764 2686 Georg Schweitzer, Tuchgroßhand¬
866 2664 1044 2710 lung, Berlin
1068 2677 1101 2708 —
1117 2670 1688 2728 Wolif u. Glaserfeld, Berlin=Bielefeld.
636 2684 838 2744 600.— M.:
862 2695 1146 2742 Eugen Blumenthal.
877 2725 1003 2775 ornfield
643 2731 844 2785 500.— M.:
1017 2718 1500 2770 u. Goldstein, Constantinopel —
1520 2717 1771 2776 Erwin Mühlberg,
867 2761 963 2796 Berlin
1017 2762 1760 2814 Personal der Fa. L. Anger — Kaminski u. Leser,
864 2791 964 2826 Berlin,
871 2813 1223 2862 Abrahamsohn u. Willert
639 2807 848 2868 200.— M.:
1286 2799 1766 2861 S. S. — H. G., Charlottenburg
904 2850 978 2887 Prof.
1005 2851 1769 2909 Dr. W. Traube, Berlin — Personal der Firma
868 2860 1298 2912 Wys Muller u. Co., Berlin.
635 2879 853 2956 100.— M.:
856 2897 1762 2946 Julius Anter, Bankgeschäft für Hypotheken und Grund¬
592 2929 791 2981 besitz. Berlin
870 2937 1313 2984 Besen= und Bürsten=Industrie
1325 2941 1760 2979 „Astra“ Gebr. Stern, Char¬
597 2960 1725 3004 lottenburg. — 60.— M.: A. N. F. — 50.— M.: Oskar Schunck, Berlin
600 2990 1760 3037 dans Schlefinger, Berlin — Dr. H. K., an Stelle von Geburtstagsgeschenken für
592 3024 1411 3056 Anni E. und Fania L. — O. A., Charlottenburg —
1529 3032 1576 3062 —
1419 3026 1524 3065 W. B.
1598 3026 1771 3067 29.50 M.:
594 3052 1758 3090 H. Moonen, Rotterdam. — 20.— M.: Michael Altmann, Berlin — F. Rase¬
597 3083 861 3128 mann, Steglitz. —
878 3087 1765 3127 16.— M.: Aus Gerda Hagens Sparbüchse. — 10.— M.:
589 3110 867 3152 Kaufmann, Berlin
876 3110 1327 3149 — Frau Clara Röder, Berlin.
1327 3114 1755 3149 — Summa: 18 056.15 M.
584 3145 1756 3188 Hierzu bereits veröffentlicht: 362 852.40 M. Gesamtsumme: 380 908.55 M.
642 3181 1760 3218 Sammlung ist durch den Kommissar für die Regelung der Kriegs¬
582 3215 1764 3270 wohlfahrtspflege in Preußen laut Schreiben vom 27. September 1921
588 3251 778 3319 genehmigt.
654 3299 1698 3373 Liebesgabensammlung des „Berliner Tageblattes“
944 3385 1408 3464 Postscheckkonto Nr. 117 939.
642 3491 1761 3551 Anstoßkarten im Eisenbahnpersonenverkehr. Die Tarif¬
585 3537 1756 3583 erhöhung, die im Personenverkehr der Eisenbahn zum 1. De¬
589 3579 1754 3630 zember zur Durchführung kommt, bringt im Berliner Verkehr eine
579 3619 1753 3669 neue Art von Fahrkarten, mit deren Ausgabe bedeu¬
585 3661 1750 3710 tende Bequemlichkeiten für den Reisenden ver¬
591 3703 1758 3763 bunden sind. Es handelt sich um durchgehende Fahrkarten für solche
589 3748 1754 3801 Reisende, die nach Stationen jenseits der Vorortgrenze gelangen
593 3783 1761 3836 vollen und bis zur Vorortgrenzstation die Vorortbahn mit ihrem
584 3823 1763 3877 wesentlich billigeren Tarif benutzen iollen. Die neuen Karten, die
586 3872 1754 3918 den Namen Anstoßkarten führen werden, entsprechen in der
576 3911 1750 3961 Farbe den gewöhnlichen Fahrkarten, sie sind in der 2. Klasse grün,
579 3956 1753 3999 in der 3. Klasse braun und in der 4. Klasse (nur für die Fern¬
590 3997 1755 4043 strecken) grau in der Grundfarbe. Die Gültigkeit dieser neuen
580 4039 1758 4090 „Anstoßkarten“ ist auf vier Tage festgesetzt. Sie werden zunächst
584 4082 1542 4126 nur für eine Reihe bestimmter Stationen ausgegeben.
2091 783 2740 873 Teilweise Beilegung
2075 866 2773 950 des Gasarbeiterstreiks.
2019 936 2822 1032 Aufnahme der Arbeiten in drei Werken.
1895 1014 3017 1092 Der Streik der Arbeiter in den städtischen Gaswerken wurde
1829 1062 3010 1128 bereits gestern nachmittag in den Werken Danziger Straße, Git¬
1837 1111 3005 1179 schiner Straße und Schmargendorf wieder aufgehoben. Nach¬
1831 1154 3008 1227 dem der Magistrat gestern in einer außerordentlichen Sitzung,
1833 1196 3007 1272 über die wir bereits in der Abendausgabe berichtet, eine wesentliche
1830 1247 3007 1314 Erhöhung der Lohnsätze für die Arbeiter mit sofortiger Aus¬
1828 1301 3010 1364 zahlung der Beträge für Oktober und November bewilligt
1828 1340 3008 1407 hatte, wurde auf den einzelnen Werken eine Abstimmung über
1824 1384 3011 1459 die sofortige Aufnahme der Arbeiten vorgenommen. Diese hatte zur
1831 1430 3015 1491 Folge, daß in den drei genannten Werlen nachmittags die Arbeiten
1827 1485 3017 1541 gegen vier Uhr wieder voll aufgenommen wurden, während
1824 1524 3002 1583 in den Werken Tegel, Neukölln, Charlottenburg und Lichten¬
1832 1571 2621 1622 berg die Arbater weiter im Streik blieben.
1868 1614 3009 1681 Hier haben sich auch diesmal wieder die Arbeiter über die Be¬
1836 1660 3003 1725 chlüsse ihrer Gewerkschaften hinweggesetzt und den Streik auf
1818 1709 3004 1758 eigene Faust weitergeführt. In völliger Verkennung der
1830 1740 2999 1804 Zugeständnisse des Magistrats erklären sie, daß sie an der 1000=Mark¬
1833 1786 3002 1840 forderung festhalten und die Bezahlung der Streiktage verlangen.
1826 1828 2996 1892 Sämtliche Arbeiter der Gaswerke halten heute mittag eine Funk¬
1823 1869 3006 1931 tionärversammlung ab, in der über die Weiterführung des Streiks
1819 1910 3008 1959 durch Abstimmung entschieden werden soll. Es ist jedoch mit Be¬
1830 1951 2998 2006 timmtheit anzunehmen, daß die noch im Streik befindlichen Arbeiter
1816 1996 2997 2054 bereits im Laufe des heutigen Tages ihre Arbeit wieder auf¬
1815 2036 2996 2111 nehmen werden und somit die vollständige Beendigung des Gas¬
1818 2082 2418 2130 arbeiterstreiks herbeigeführt wird.
1867 2116 3010 2180 In den Straßen Berlins und auch in einigen Vororten
1823 2174 3003 2231 war gestern durch den Streik die Straßengasbeleuchtung
1823 2212 2997 2273 unterbrochen. Durch die Herabsetzung des Druckes war auch
1822 2251 3000 2300 die Gaszufuhr in den Privathaushaltungen teilweise in Mitleiden¬
1829 2287 2998 2354 chaft gezogen. In Alt=Moabit, Ecke Paulstraße, explodierte gestern
1823 2341 2992 2395 nachmittag eine Preßgasglühlichtlampe und verursachte eine große
1821 2371 2993 2428 Stichflamme. Durch Absperren der Zuleitung konnte die Gefahr
1808 2412 2094 2469 beseitigt werden.
1874 2455 3002 2531 Die Direktion der städtischen Gaswerke erläßt folgenden
1816 2495 2034 2558 Warnruf
1898 2532 2991 2603 „Wenn der Streik auf den Gaswerken fortdauert, muß die Ab¬
1847 2589 2991 2640 gabe von Gas eingestellt werden. Tritt dieser Fall ein, so ver¬
1844 2631 3002 2687 löschen die Lampen und Kocher oder brennen ganz klein. Sobald
1843 2670 3000 2727 dies bemerkt wird, müssen sofort alle Gashähne geschlossen
1855 2719 2987 2769 verden, da sonst bei Wiederkehr des Druckes die Gefahr besteht,
1846 2753 2988 2822 daß das Gas unbemerkt in Wohnräume und Küchen ausströmt und
1842 2794 2165 2851 Schaden anrichtet.“
1864 2832 3004 2898 Wie wir von der Direktion der Elektrizitätswerke er¬
1822 2885 2993 2939 ahren, ist die Streikgefahr in den Elektrizitätswerken einst¬
1816 2928 2994 2984 veilen beseitigt. Die Arbeiter selbst haben erklärt, daß die
1809 2964 2700 3021 Gründe für einen Streik nunmehr hinfällig seien.
1864 3059 2995 3122 Die Tagesordnung der nächsten Stadtverordnetenver¬
1815 3109 3001 3177 ammlung in Berlin ist recht inhaltsreich. Unter anderem soll zu¬
1806 3155 2999 3216 nächst die Geschäftsordnung der Berliner Stadtverordneten¬
1799 3190 2993 3259 versammlung angenommen werden. Dann findet die Wahl eines
1805 3229 2992 3296 Ausschusses für die Nachprüfung dieser Geschäftsordnung statt und
1799 3274 2988 3333 daran anschließend die Wahl des Stadtverordnetenvorstehers sowie
1804 3323 2985 3377 der drei Vorsteherstellventreter und von vier Beisitzern und vier
1801 3358 2990 3426 Stellvertretern. An wichtigen Vorlagen zur Beschlußfassung
1796 3399 2992 3468 liegen zwei vor: eine über eine einschneidende Aenderung der Lust¬
1794 3439 2992 3509 barkeitssteuer im Rahmen der Reichsvergnügungssteuer und
1800 3484 2992 3551 eine zweite über die Besoldungsordnung. Ferner soll über
1792 3521 2888 3592 die Wahl der unbesoldeten Stadträte Beschluß gefaßt werden.
1863 3580 2985 3647 Deutsche Hochstapler in Genua verhaftet. Durch das
1796 3623 2991 3690 Zusammenarbeiten in= und ausländischer Polizeibehörden ist es jetzt
1806 3671 2992 3734 zelungen, in Genua drei gefährliche Hochstapler und
1795 3710 2987 3778 Scheckfälscher zu verhaften. Vor einigen Tagen wurden
1792 3746 2984 3818 bereits verschiedene Helfer dieser Betrüger in Berlin zu längeren
1799 3787 2978 3856 Freiheitsstrafen verurteilt. Nur den eigentlichen Betrügern konnte
1795 3836 2975 3895 die Polizei bisher immer noch nicht auf die Spur kommen. Jetzt
1794 3873 2974 3942 hatte die Berliner Kriminalpolizei aber erfahren, daß sich die Hoch¬
1799 3919 2973 3984 stapler, die als Alex Meta de Maltesa, Baron Endersyni und Baron
1801 3966 2974 4028 . Balocki auftraten, nach Genua gewandt hatten. Die italienische
1793 3999 2968 4060 Kriminalpolizei wurde nun von Berlin aus benachrichtigt, und die
1792 4046 2969 4109 drei flüchtigen und überall gesuchten Verbrecher konnten in dem
1799 4081 2976 4154 Augenblick verhaftet werden, als sie gerade einen Dampfer nach
3047 779 3362 848 Brasilien beste
3050 831 3358 891 vier junge, bi
3048 868 3376 927 reiche sländer 2o
3050 911 3376 968 Brasilien auszuwat
3048 956 3357 1014 früheren Fällen,
3047 997 3339 1055 Mädchen konnten
3048 1041 3300 1095 wahrt werden.
3059 1080 3369 1150 älschten amerikani
3045 1125 3167 1179 halten.
3098 1165 3374 1242 Der „Großkar
3051 1200 3358 1285 ichtungstag
3051 1266 3359 1322 den 23. November
3043 1310 3376 1367 merken, daß die P
3048 1349 3376 1403 Rattenvertilgungste
3043 1398 3380 1454 überzeugen, daß das
3049 1437 3364 1492 innerhalb Groß=Be
3046 1478 3372 1536 ob das Gift ta
3043 1519 3375 1578 legen des Giftes
3043 1564 3372 1634 Gleichzeitig soll er
3047 1607 3262 1666 worden sind.
3100 1657 3369 1713 Die Ründelsic
3046 1701 3352 1766 präsident hat mit
3039 1748 3356 1805 die Sparkasse
3049 1788 3364 1856 gemäß dem Ausfü
3044 1830 3362 1890 Anlegung vor
3046 1870 3362 1935 für Wertpapiere f
3048 1917 3357 1979 Lemeindesparkassen
3042 1964 3362 2017 gegangen und werd
3046 2004 3345 2074 sicherheit geführt.
3093 2054 3365 2119 Bußtag und
3033 2100 3353 2157 wältigung des zu
3047 2138 3375 2198 iner Eisenbahnst
3042 2184 3373 2238 die Eisenbahnverwa
3044 2222 3372 2282 felde=Friedho
3043 2264 3362 2326 der Ringbahn in de
3049 2306 3376 2368 es Zugverkehrs vo
3036 2349 3376 2404 worden, den Zugve
3046 2389 3375 2449 Am Bußtag dürfen
3041 2435 3372 2487 Arbeiten vorgenomn
3041 2477 3360 2531 zur Verhütung
3035 2518 3368 2583 eines nicht vorherzu
