3392 4384
328 2052 401 2123 Für
325 2275 396 2353 Abo
320 2345 394 2412 Ab
325 2468 398 2518 Inh
321 2586 396 2636 Leb
316 2627 400 2680 thei
310 181 418 272 11
1007 189 1426 281 box 17/2
492 194 825 290 Reigen
814 528 1258 613 —eiepsolese1.
452 599 1646 684 Alex. Weigl’s Unternehmen für Zeitungs-Ausschnitte
1402 680 1583 746 Ausschnitt
1193 698 1362 800 FP“
712 713 1235 823 „OBSERVE
1481 736 1691 840 Nr. 15
342 803 1745 883 I. österr. behördl. conc. Burgau für Zeitungsberichte u. Personalnachrichten
610 858 1507 961 WienfI. Concondiaplarz 4.
340 937 1753 1026 Vertretungen in Berlin, Budapest, Chicago, Genf, London, Newyork, l’aris, Rom.
708 990 1397 1058 Stockholm, Kristiania, St. Petersburg.
989 1084 1672 1185 Roses Wisner
341 1099 814 1192 Ausschnitt aus:
543 1195 989 1322 114 1000
341 1251 520 1314 vom:
500 1352 1642 1428 * In einer Besprechung von Arthur Schnitzler's
404 1428 1639 1492 „Reigen“ heißt es anläßlich der kürzlich stattgefundenen Auf¬
415 1475 1641 1534 führung im Münchener akademisch=dramatischen Verein in der
420 1534 1644 1587 „Allgemeinen Ztg.“, dem weitaus bedeutendsten Münchener Blatte,
410 1578 1642 1635 unter Anderem folgendermaßen: „Von den zehn kleinen Ge¬
422 1619 1641 1679 sprächen, die der Wiener Schriftsteller Arthur
413 1673 1650 1722 Schnitzler im Jahre 1900 als Manuscript, im Jahre 1903
411 1715 1647 1782 für die Oeffentlichkeit drucken ließ, sind vom akademisch=drama¬
410 1772 1647 1824 tischen Verein drei vor geladenem Publicum aufgeführt worden.
417 1809 1649 1867 Schnitzler hat durch seine Schauspiele sowie durch mehrere
415 1859 1652 1916 Novellen sich einen der vorderen Plätze in der gegenwärtigen
414 1905 1639 1969 deutschen Literatur errungen. Er ist verschiedentlich ausgezeichnet
426 1959 1644 2014 worden, auch durch die höchste Ehrung, die sein Vaterland dem
422 2013 1645 2075 dramatischen Schriftsteller verleihen kann, den Grillparzer=Preis.
424 2058 1649 2117 Der Mann hat also einen geachteten Namen durch achtbare
420 2102 1650 2161 Leistungen erworben; er hat diesen Namen zu bewahren; er darf
421 2162 1650 2211 ihn nicht frivol aufs Spiel setzen. Es ist Schnitzler's gutes Recht,
424 2201 1647 2266 die Liebe aufzufassen, wie er will. Aber es ist auch unser gutes
418 2241 1649 2310 Recht, diese Auffassung als unkünstlerisch, als culturfeindlich, als
423 2302 1655 2354 vom Standpunkt jeder Sittlichkeit aus unsittlich zu empfinden. Es
420 2344 1652 2405 stand Schnitzler frei, sein Werk zu verfassen; es stand ihm voll¬
424 2388 1656 2457 kommen frei, es für einen intimeren Kreis, unter Ausschluß der
414 2438 1643 2504 Oeffentlichkeit, drucken zu lassen; wie viel Achtung er seinen
426 2493 1651 2557 Freunden gegenüber aufs Spiel zu setzen hat, muß er selbst
421 2547 1644 2599 wissen. Aber was ihm nicht mehr freistand, war, die Dialoge in
421 2587 1651 2657 die Oeffentlichkeit zu werfen; denn er hatte einen angesehenen
421 2642 1650 2694 Namen zu verlieren, einen der besten, öffentlich am meisten ge¬
420 2686 1643 2746 ehrten Namen. Er hat ihn durch diese Veröffentlichung gefährdet,
409 2732 1655 2796 wenn nicht verloren. Denn, wenn seine Vertheidiger kommen
426 2792 1648 2841 und sagen, es sei sein Künstlerrecht, zu schreiben und
422 2820 1654 2888 drucken zu lassen, was ihm beliebe, wie es ihm beliebe
425 2882 1643 2931 und wann es ihm beliebe, wenn es nur künstlerisch gearbeitet sei,
428 2920 1643 2987 so erwidern wir ihnen, daß die sittliche Gesundheit und Kraft
420 2964 1654 3031 einer Nation denn doch bedeutend gewichtiger sind als die Ver¬
429 3005 1654 3080 öffentlichung einer noch so virtuos gemachten Alkovenstudie. Wir
418 3074 1652 3130 können uns kaum mehr retten vor all dem Schmutz, der von
416 3114 1647 3178 Paris und Berlin, Wien und Pest her in Deutschland zusammen¬
427 3162 1642 3224 strömt; es ist geradezu unheimlich, wie tief und rapid der Stand
420 3209 1649 3270 der öffentlichen Anständigkeit in den letzten zehn Jahren gesunken
420 3269 1647 3323 ist, der Schmutz thürmt sich höher und höher; er stinkt zum
420 3308 1642 3368 Himmel; kein Stand, kein Lebensalter sind mehr intact. Man mag
422 3353 1647 3415 Katholik oder Protestant, Christ oder Atheist, radical oder con¬
429 3409 1652 3464 servativ sein: Reinheit des Familienlebens, Keuschheit der Frau,
417 3461 1651 3526 Treue des Mannes, Reinhaltung der Jugend, Gesundheit der
462 3517 1699 3614 Geschlechter stehen auf dem Spiele! Und da geht einer von den
457 3583 1691 3664 ersten und geachtetsten deutschen Schriftsteller her und überläßt
456 3622 1137 3700 der Oeffentlichkeit ein solches Buch.“
568 3674 1684 3758 * Wie uns aus Wiesbaden berichtet wird, erzielte in den
461 3707 1683 3805 Operetten „Wiener Blut“ und „Madame Sherry“ eine junge Wienerin,
463 3755 1677 3851 Fräulein Olly Jera, große Erfolge. Die Kritik rühmt ihr temperament¬
462 3803 1571 3877 volles, pikantes Spiel und ihre hübsche Stimme ganz besonders.
615 3835 1682 3914 Die Concertsängerin Marietta Giovani und der Opern¬
460 3852 1673 3950 sänger Fritz Vogel geben am Samstag den 4. d. M. ein Conceri
465 3916 1680 3991 in Gainfarn, in dem die Concertpianistin Joachim=Neumann
453 3952 1674 4034 mitwirken wird. Anschließend an dieses Concert unternehmen die
450 3988 1679 4082 Künstler eine Tournée durch die böhmischen und salzburgischen Curorte
1677 2613 1717 2670 t¬
2136 1142 2893 1376 mickier Sienalist.
2090 1361 3007 1430 Es ist bezeichnend genug für die eigentümlichen
2010 1426 3000 1480 Münchner Theaterverhältnisse, daß die interessante¬
2010 1475 3007 1526 sten und literarisch wertvollsten Schauspielpremieren
2030 1514 3016 1570 eit einer Reihe von Jahren durch den Akademisch¬
2014 1564 3013 1618 dramatischen Verein veranstaltet werden. Eine Hand
2015 1614 3005 1664 voll junger Leute also, die noch die Hochschule be¬
2016 1659 3015 1711 suchen und keine irgendwie geartete finanzielle oder
2022 1709 2999 1760 sonstige Unterstützung von autoritativer Seite ge¬
2010 1764 3009 1818 nießen, bringt es hier zuwege, literarisch tatsächlich
2015 1803 3008 1861 zu führen. Wir verdanken dieser kühnen und zumeist
2015 1857 3003 1911 von gutem Geschmacke geleiteten Vereinigung eine
2012 1900 3004 1952 lange Reihe origineller, zum Teile hochbedeutsamer
2015 1952 3010 2012 Erst= und Uraufführungen, und gar manches Stück,
2012 2000 3005 2054 das in den Separatvorstellungen dieses Vereines
2008 2046 3003 2097 die Feuerprobe bestanden, wurde dann in das Reper¬
2013 2096 2994 2157 toir einer der hiesigen Bühnen übernommen (z. B.
2020 2147 2994 2204 „Gespenster“ und „Wildente“ von Ibsen, „Jugend“
2015 2191 3001 2244 von Halbe, „Weber“ und „Einsame Menschen“ von
2005 2244 3009 2300 Hauptmann, „Über unsere Kraft“, 1. Teil, von
2007 2284 2996 2346 Björnson u. s. w.). Eine Vorstellung dieses Ver¬
2007 2329 3003 2394 eines bedarf daher längst keiner besonderen Reklame
2008 2384 2999 2438 mehr. Das gesamte literarische und künstlerische
2015 2428 2994 2485 München bemüht sich, dort gesehen zu werden, und
2008 2480 3003 2531 man findet daher fast immer volle Häuser. Noch sei¬
2015 2529 2991 2594 ten aber war der Andrang so stark gewesen, wie an¬
2015 2574 3003 2627 läßlich der letzten Aufführung, die vor geladenem
2015 2623 2994 2691 Publikum stattfand. Der ganze große Kaimsaal, der
2011 2674 3003 2726 im Sommer ein mittelmäßiges Volkstheater=En¬
2010 2722 2994 2773 semble beherbergt, war dicht besetzt von einem ele¬
2010 2771 2986 2820 ganten Publikum, das freilich diesmal weniger das
2004 2820 2993 2885 literarische Interesse, als vielmehr eine sehr pikante
2008 2862 2989 2922 Sensation angelockt hatte, denn das Programm ver¬
2003 2911 3004 2992 sprach u. a. einige Dialoge aus Schnitzlers schnell
2010 2962 2750 3023 berühmt gewordenen Buche „Reigen“.
2064 3014 3007 3082 Das in nervöser Spannung harrende Publikum
3023 1232 3294 1288 wurde durch
3029 1271 3309 1343 Drama, „Die
3030 1326 3326 1386 Goldmann,
3040 1369 3323 1439 Stück ist eines
3044 1414 3337 1486 geratenen sogen
3043 1471 3307 1526 hauer Walter
3035 1514 3331 1578 lent, den Beruf
3028 1568 3337 1632 brutale Alltags
3026 1614 3331 1678 gorischen Forde
3030 1663 3336 1724 begonnenen Lau
3028 1709 3334 1770 Marmorgruppe
3025 1756 3350 1820 vollendet. Da b
3043 1804 3322 1869 einen früheren,
3035 1900 3338 1965 Verzweifelten w
3033 1949 3347 2014 seine Zukunft zu
3031 1995 3329 2061 will er im Inte
3028 2047 3345 2104 Vater dieser Da
3028 2097 3323 2155 dann nicht, als
3026 2140 3322 2203 lung heroischen
3030 2189 3338 2257 will der Freund
3040 2236 3320 2298 penstigen alten
3025 2287 3316 2347 keinen Schritt,
3034 2334 3332 2397 Hinweis auf de
3030 2382 3329 2447 führung und Vo
3027 2431 3330 2495 gen will, da erg
3033 2477 3343 2546 Schlage gegen d
3038 2527 3305 2592 ich dazwischen,
3033 2574 3310 2639 Der Bildhauer
3036 2624 3338 2690 hende Auge de
3033 2671 3350 2735 triumphiert, wir
3028 2768 3350 2836 den er nun gewi
3097 2813 3342 2881 Es ist nicht
3025 2865 3331 2927 Idee hier im K
3016 2911 3356 2976 jedoch nichts dau¬
3022 2960 3335 3027 geschieht, ist bar
3024 3006 3338 3082 tagereif bis zur
