<?xml version="1.0" encoding="UTF-8" standalone="yes"?>
<PcGts xmlns="http://schema.primaresearch.org/PAGE/gts/pagecontent/2013-07-15" xmlns:xsi="http://www.w3.org/2001/XMLSchema-instance" xsi:schemaLocation="http://schema.primaresearch.org/PAGE/gts/pagecontent/2013-07-15 http://schema.primaresearch.org/PAGE/gts/pagecontent/2013-07-15/pagecontent.xsd">
    <Metadata>
        <Creator>prov=University of Rostock/Institute of Mathematics/CITlab/Gundram Leifert/gundram.leifert@uni-rostock.de:name=ONB_Newseye_GT_M1+(htr_id=10810)::::v=2.4.3
prov=University of Rostock/Institute of Mathematics/CITlab/Tobias Gruening/tobias.gruening@uni-rostock.de:name=de.uros.citlab.module.baseline2polygon.B2PSeamMultiOriented:v=2.4.3
prov=University of Rostock/Institute of Mathematics/CITlab/Tobias Gruening/tobias.gruening@uni-rostock.de:name=/net_tf/LA73_249_0mod360.pb:de.uros.citlab.segmentation.CITlab_LA_ML:v=2.4.3
Transkribus</Creator>
        <Created>2019-10-07T11:37:06.343+02:00</Created>
        <LastChange>2019-12-04T12:37:06.955+01:00</LastChange>
        <TranskribusMetadata docId="223982" pageId="9501780" pageNr="79" tsid="20369385" status="IN_PROGRESS" userId="40391" imgUrl="https://files.transkribus.eu/Get?id=SITPQJDKINBACEWVMQCEPBVM&amp;fileType=view" xmlUrl="https://files.transkribus.eu/Get?id=TSGTFNNTTHJXZHLLFKERAZLV" imageId="6192002"/>
    </Metadata>
    <Page imageFilename="223982_0079.jpeg" imageWidth="3436" imageHeight="4384">
        <ReadingOrder>
            <OrderedGroup id="ro_1711448241856" caption="Regions reading order">
                <RegionRefIndexed index="0" regionRef="r1"/>
                <RegionRefIndexed index="1" regionRef="r2"/>
            </OrderedGroup>
        </ReadingOrder>
        <TextRegion orientation="0.0" id="r1" custom="readingOrder {index:0;}">
            <Coords points="310,174 310,331 442,331 442,174"/>
            <TextLine id="r1l1" custom="readingOrder {index:0;}">
                <Coords points="290,293 323,291 330,299 345,292 355,300 377,291 392,295 407,285 461,285 465,220 440,218 417,232 393,219 349,227 342,220 295,217"/>
                <Baseline points="310,275 336,274 362,275 389,277 415,280 442,281"/>
                <TextEquiv>
                    <Unicode>11.</Unicode>
                </TextEquiv>
            </TextLine>
            <TextEquiv>
                <Unicode>11.</Unicode>
            </TextEquiv>
        </TextRegion>
        <TextRegion orientation="0.0" id="r2" custom="readingOrder {index:1;}">
            <Coords points="394,255 394,3196 3332,3196 3332,255"/>
            <TextLine id="r2l1" custom="readingOrder {index:0;}">
                <Coords points="499,278 528,280 532,276 535,280 564,282 569,217 547,216 543,219 540,215 536,218 503,216"/>
                <Baseline points="516,275 548,277"/>
                <TextEquiv>
                    <Unicode>R</Unicode>
                </TextEquiv>
            </TextLine>
            <TextLine id="r2l2" custom="readingOrder {index:1;}">
                <Coords points="999,294 1097,289 1154,312 1194,287 1219,303 1281,293 1302,308 1426,293 1427,235 1398,227 1319,236 1236,223 1177,255 1127,224 1001,222"/>
                <Baseline points="1018,281 1043,282 1069,283 1095,284 1121,284 1147,285 1173,286 1199,286 1224,287 1250,288 1276,288 1302,288 1328,289 1354,289 1380,290 1406,290"/>
                <TextEquiv>
                    <Unicode>box 17/2</Unicode>
                </TextEquiv>
            </TextLine>
            <TextLine id="r2l3" custom="readingOrder {index:2;}">
                <Coords points="480,312 560,305 589,319 715,305 734,320 773,309 788,323 828,323 828,237 571,233 549,254 509,261 480,250"/>
                <Baseline points="499,294 525,294 551,293 577,293 603,293 629,293 655,293 681,293 707,293 733,293 759,294 785,294 811,295"/>
                <TextEquiv>
                    <Unicode>Reigen</Unicode>
                </TextEquiv>
            </TextLine>
            <TextLine id="r2l4" custom="readingOrder {index:3;}">
                <Coords points="1727,1274 2468,1260 2467,1210 2066,1195 1726,1234"/>
                <Baseline points="1746,1266 1781,1265 1816,1264 1851,1263 1887,1263 1922,1262 1957,1262 1992,1261 2028,1260 2063,1259 2098,1258 2133,1258 2169,1257 2204,1257 2239,1256 2274,1255 2310,1255 2345,1255 2380,1254 2415,1253 2451,1253"/>
                <TextEquiv>
                    <Unicode>Des Erestaner Karwnatstonon—</Unicode>
                </TextEquiv>
            </TextLine>
            <TextLine id="r2l5" custom="readingOrder {index:4;}">
                <Coords points="1514,1321 3337,1299 3336,1230 3227,1217 1513,1249"/>
                <Baseline points="1531,1310 1620,1310 1709,1309 1799,1307 1888,1306 1978,1304 2067,1302 2156,1301 2246,1299 2335,1296 2425,1295 2514,1293 2603,1291 2693,1289 2782,1287 2872,1286 2961,1285 3050,1283 3140,1283 3229,1282 3319,1282"/>
                <TextEquiv>
                    <Unicode>lbart betont in der Sozialen Praxis die dringliche Not= derausstellung zu Hannover ihre 1</Unicode>
                </TextEquiv>
            </TextLine>
            <TextLine id="r2l6" custom="readingOrder {index:5;}">
                <Coords points="378,1343 414,1353 515,1335 551,1349 685,1337 743,1348 742,1275 500,1266 471,1288 421,1267 377,1281"/>
                <Baseline points="394,1330 419,1331 444,1331 470,1331 495,1331 520,1330 546,1330 571,1329 597,1329 622,1328 647,1328 673,1329 698,1330 724,1331"/>
                <TextEquiv>
                    <Unicode>Hilbck (nat.=lib.)</Unicode>
                </TextEquiv>
            </TextLine>
            <TextLine id="r2l7" custom="readingOrder {index:6;}">
                <Coords points="2687,1419 2915,1431 3085,1403 3219,1430 3342,1422 3341,1356 2954,1361 2922,1380 2687,1369"/>
                <Baseline points="2707,1416 2737,1416 2768,1416 2799,1416 2830,1416 2861,1416 2892,1415 2923,1415 2954,1415 2985,1414 3016,1413 3046,1413 3077,1412 3108,1412 3139,1411 3170,1411 3201,1410 3232,1410 3263,1410 3294,1410 3325,1410"/>
                <TextEquiv>
                    <Unicode>Schnitzlers „Reigen“ unmöglich is</Unicode>
                </TextEquiv>
            </TextLine>
            <TextLine id="r2l8" custom="readingOrder {index:7;}">
                <Coords points="1551,1453 2686,1434 2685,1373 2631,1370 1550,1391"/>
                <Baseline points="1570,1442 1624,1441 1679,1440 1734,1438 1789,1437 1844,1436 1899,1435 1954,1434 2009,1433 2064,1432 2119,1431 2173,1430 2228,1429 2283,1428 2338,1427 2393,1426 2448,1425 2503,1424 2558,1422 2613,1421 2668,1420"/>
                <TextEquiv>
                    <Unicode>sundheit der Geschlechter stehen auf dem Spiele! Und da</Unicode>
                </TextEquiv>
            </TextLine>
            <TextLine id="r2l9" custom="readingOrder {index:8;}">
                <Coords points="380,1473 1511,1457 1536,1392 379,1415"/>
                <Baseline points="396,1461 452,1461 508,1460 564,1459 620,1459 676,1458 732,1457 789,1456 845,1455 901,1454 957,1453 1013,1452 1069,1451 1125,1450 1182,1449 1238,1448 1294,1447 1350,1446 1406,1445 1462,1444 1519,1442"/>
                <TextEquiv>
                    <Unicode>stand ihm vollkommen frei, es für einen intimen Kreis,</Unicode>
                </TextEquiv>
            </TextLine>
            <TextLine id="r2l10" custom="readingOrder {index:9;}">
                <Coords points="2690,1447 2774,1471 2918,1454 3298,1463 3341,1455 3341,1401 2690,1418"/>
                <Baseline points="2708,1458 2738,1458 2769,1459 2800,1459 2831,1459 2861,1459 2892,1458 2923,1458 2954,1457 2984,1457 3015,1456 3046,1456 3077,1455 3107,1454 3138,1454 3169,1453 3200,1453 3230,1452 3261,1452 3292,1451 3323,1451"/>
                <TextEquiv>
                    <Unicode>Sie das im Berliner Tageblatt n</Unicode>
                </TextEquiv>
            </TextLine>
            <TextLine id="r2l11" custom="readingOrder {index:10;}">
                <Coords points="1555,1496 2680,1464 2679,1424 2436,1410 1554,1446"/>
                <Baseline points="1572,1484 1626,1483 1681,1483 1735,1482 1790,1481 1844,1480 1899,1479 1953,1478 2008,1477 2062,1476 2117,1474 2171,1473 2226,1472 2280,1471 2335,1470 2389,1469 2444,1468 2498,1467 2553,1466 2607,1465 2662,1464"/>
                <TextEquiv>
                    <Unicode>geht einer der ersten und geachtetsten deutschen Schrift¬</Unicode>
                </TextEquiv>
            </TextLine>
            <TextLine id="r2l12" custom="readingOrder {index:11;}">
                <Coords points="389,1516 1532,1495 1530,1423 388,1469"/>
                <Baseline points="406,1508 461,1506 516,1505 571,1504 627,1502 682,1501 737,1500 793,1499 848,1498 903,1497 959,1496 1014,1495 1069,1494 1124,1493 1180,1492 1235,1491 1290,1491 1346,1490 1401,1489 1456,1488 1512,1487"/>
                <TextEquiv>
                    <Unicode>unter Ausschluß der Oeffentlichkeit, drucken zu lassen; wie</Unicode>
                </TextEquiv>
            </TextLine>
            <TextLine id="r2l13" custom="readingOrder {index:12;}">
                <Coords points="2696,1508 3177,1496 3260,1513 3314,1501 3314,1454 2775,1471 2695,1450"/>
                <Baseline points="2713,1503 2742,1502 2771,1501 2800,1501 2829,1500 2858,1500 2887,1500 2916,1499 2945,1499 2974,1499 3004,1499 3033,1498 3062,1498 3091,1498 3120,1498 3149,1497 3178,1497 3207,1497 3236,1496 3265,1496 3295,1495"/>
                <TextEquiv>
                    <Unicode>Als literarisch gebildete junge</Unicode>
                </TextEquiv>
            </TextLine>
            <TextLine id="r2l14" custom="readingOrder {index:13;}">
                <Coords points="1551,1542 2581,1521 2686,1511 2685,1461 1550,1491"/>
                <Baseline points="1570,1529 1624,1528 1679,1527 1734,1526 1789,1524 1844,1523 1899,1522 1953,1521 2008,1520 2063,1519 2118,1517 2173,1517 2228,1515 2283,1514 2337,1513 2392,1512 2447,1511 2502,1510 2557,1509 2612,1508 2667,1507"/>
                <TextEquiv>
                    <Unicode>steller her und überläßt der Oeffentlichkeit ein Buch, das</Unicode>
                </TextEquiv>
            </TextLine>
            <TextLine id="r2l15" custom="readingOrder {index:14;}">
                <Coords points="391,1555 1544,1541 1543,1497 1456,1488 390,1501"/>
                <Baseline points="407,1548 463,1548 519,1548 575,1547 631,1546 687,1545 743,1544 799,1543 855,1542 911,1541 967,1540 1023,1539 1079,1537 1135,1536 1191,1535 1247,1534 1303,1533 1359,1532 1415,1531 1471,1530 1527,1529"/>
                <TextEquiv>
                    <Unicode>viel Achtung er seinen Freunden gegenüber aufs Spiel zu</Unicode>
                </TextEquiv>
            </TextLine>
            <TextLine id="r2l16" custom="readingOrder {index:15;}">
                <Coords points="2693,1548 2759,1562 2816,1543 3337,1543 3336,1503 3293,1500 2693,1508"/>
                <Baseline points="2712,1546 2742,1545 2772,1545 2802,1544 2833,1544 2863,1544 2893,1543 2924,1543 2954,1542 2984,1542 3015,1542 3045,1541 3075,1541 3105,1541 3136,1540 3166,1540 3196,1539 3227,1539 3257,1538 3287,1538 3318,1537"/>
                <TextEquiv>
                    <Unicode>sagen, daß, wenn je ein Stück, so</Unicode>
                </TextEquiv>
            </TextLine>
            <TextLine id="r2l17" custom="readingOrder {index:16;}">
                <Coords points="1553,1576 2678,1572 2677,1507 2583,1494 1553,1539"/>
                <Baseline points="1572,1573 1626,1571 1680,1570 1735,1569 1789,1568 1844,1566 1898,1565 1952,1564 2007,1563 2061,1562 2116,1561 2170,1560 2224,1559 2279,1558 2333,1557 2388,1556 2442,1555 2496,1554 2551,1553 2605,1552 2660,1551"/>
                <TextEquiv>
                    <Unicode>wie ein Aphrodisiakum wirken muß, wie Kanthariden und</Unicode>
                </TextEquiv>
            </TextLine>
            <TextLine id="r2l18" custom="readingOrder {index:17;}">
                <Coords points="399,1598 1513,1585 1537,1534 398,1559"/>
                <Baseline points="418,1593 473,1592 528,1591 583,1590 638,1590 693,1589 748,1588 803,1586 858,1586 913,1584 968,1583 1023,1582 1078,1581 1133,1580 1188,1579 1243,1578 1298,1576 1353,1576 1408,1575 1463,1574 1518,1573"/>
                <TextEquiv>
                    <Unicode>setzen hat, muß er selbst wissen. Aber was ihm nicht mehr</Unicode>
                </TextEquiv>
            </TextLine>
            <TextLine id="r2l19" custom="readingOrder {index:18;}">
                <Coords points="2696,1593 2975,1601 3206,1590 3235,1572 3344,1589 3343,1542 3321,1538 2920,1547 2902,1529 2880,1548 2696,1550"/>
                <Baseline points="2716,1590 2746,1588 2776,1587 2807,1587 2837,1586 2868,1586 2898,1585 2928,1585 2959,1584 2989,1584 3020,1584 3050,1584 3080,1584 3111,1583 3141,1583 3172,1583 3202,1582 3232,1582 3263,1581 3293,1580 3324,1580"/>
                <TextEquiv>
                    <Unicode>ler reine Lesedramen sind. Da</Unicode>
                </TextEquiv>
            </TextLine>
            <TextLine id="r2l20" custom="readingOrder {index:19;}">
                <Coords points="1555,1639 1656,1617 1681,1624 1779,1620 1778,1573 1699,1569 1674,1580 1656,1573 1637,1573 1630,1581 1554,1578"/>
                <Baseline points="1573,1615 1599,1612 1626,1611 1653,1611 1680,1611 1707,1612 1734,1612 1761,1611"/>
                <TextEquiv>
                    <Unicode>Jembahoa!</Unicode>
                </TextEquiv>
            </TextLine>
            <TextLine id="r2l21" custom="readingOrder {index:20;}">
                <Coords points="395,1641 1526,1622 1525,1579 1424,1574 394,1591"/>
                <Baseline points="411,1635 465,1635 520,1635 575,1634 630,1633 685,1633 740,1631 795,1630 850,1629 905,1628 960,1626 1014,1625 1069,1623 1124,1622 1179,1621 1234,1620 1289,1619 1344,1618 1399,1617 1454,1617 1509,1617"/>
                <TextEquiv>
                    <Unicode>frei stand, war, die Dialoge in die Oeffentlichkeit zu werfen;</Unicode>
                </TextEquiv>
            </TextLine>
            <TextLine id="r2l22" custom="readingOrder {index:21;}">
                <Coords points="2691,1636 3071,1643 3252,1619 3335,1636 3335,1585 2691,1593"/>
                <Baseline points="2709,1631 2739,1630 2769,1630 2800,1629 2830,1629 2861,1628 2891,1628 2921,1628 2952,1627 2982,1627 3013,1627 3043,1626 3073,1626 3104,1625 3134,1625 3165,1625 3195,1625 3225,1624 3256,1624 3286,1624 3317,1624"/>
                <TextEquiv>
                    <Unicode>Kommilitonen mußte Ihnen sag</Unicode>
                </TextEquiv>
            </TextLine>
            <TextLine id="r2l23" custom="readingOrder {index:22;}">
                <Coords points="1639,1664 2673,1644 2679,1575 1638,1613"/>
                <Baseline points="1658,1657 1708,1655 1758,1654 1808,1653 1858,1651 1909,1650 1959,1649 2009,1648 2059,1647 2109,1646 2160,1645 2210,1644 2260,1643 2310,1642 2360,1641 2411,1640 2461,1640 2511,1639 2561,1638 2611,1637 2662,1637"/>
                <TextEquiv>
                    <Unicode>Vor mir liegt das Buchhändlerbörsenblatt vom 2. Juni.</Unicode>
                </TextEquiv>
            </TextLine>
            <TextLine id="r2l24" custom="readingOrder {index:23;}">
                <Coords points="2691,1683 2948,1687 2987,1665 3092,1685 3222,1662 3342,1682 3341,1631 3254,1618 3222,1636 2690,1629"/>
                <Baseline points="2707,1673 2737,1673 2768,1673 2799,1673 2830,1672 2861,1672 2892,1672 2923,1671 2954,1671 2985,1670 3016,1670 3046,1669 3077,1669 3108,1668 3139,1668 3170,1668 3201,1667 3232,1667 3263,1667 3294,1666 3325,1666"/>
                <TextEquiv>
                    <Unicode>Gescheiteres zu tun hätten, als v</Unicode>
                </TextEquiv>
            </TextLine>
            <TextLine id="r2l25" custom="readingOrder {index:24;}">
                <Coords points="388,1686 1538,1669 1537,1608 387,1639"/>
                <Baseline points="406,1679 461,1678 517,1678 572,1677 628,1676 684,1675 739,1674 795,1673 850,1672 906,1671 962,1670 1017,1669 1073,1668 1128,1667 1184,1666 1240,1665 1295,1664 1351,1663 1406,1662 1462,1661 1518,1660"/>
                <TextEquiv>
                    <Unicode>denn er hatte einen angesehenen. Namen zu verlieren, nicht</Unicode>
                </TextEquiv>
            </TextLine>
            <TextLine id="r2l26" custom="readingOrder {index:25;}">
                <Coords points="1559,1706 2647,1689 2682,1642 1557,1638"/>
                <Baseline points="1578,1700 1632,1699 1686,1698 1741,1696 1795,1695 1849,1694 1904,1693 1958,1692 2012,1691 2067,1690 2121,1689 2175,1688 2230,1687 2284,1686 2338,1685 2393,1684 2447,1683 2501,1682 2556,1681 2610,1680 2665,1679"/>
                <TextEquiv>
                    <Unicode>Damals waren 5000 Exemplare in vier Wochen verkauft.</Unicode>
                </TextEquiv>
            </TextLine>
            <TextLine id="r2l27" custom="readingOrder {index:26;}">
                <Coords points="392,1733 1535,1713 1534,1669 1472,1667 391,1682"/>
                <Baseline points="409,1722 464,1721 519,1721 575,1720 630,1719 685,1718 741,1717 796,1716 851,1715 907,1714 962,1713 1017,1711 1073,1711 1128,1710 1183,1709 1239,1708 1294,1707 1349,1706 1405,1705 1460,1704 1516,1704"/>
                <TextEquiv>
                    <Unicode>das Renommee des nächsten besten Kaffeehausliteraten,</Unicode>
                </TextEquiv>
            </TextLine>
            <TextLine id="r2l28" custom="readingOrder {index:27;}">
                <Coords points="2695,1729 3342,1719 3341,1683 3222,1663 2694,1678"/>
                <Baseline points="2714,1718 2744,1717 2774,1716 2805,1715 2835,1715 2866,1714 2896,1714 2927,1713 2957,1713 2988,1713 3018,1712 3048,1712 3079,1712 3109,1711 3140,1711 3170,1711 3201,1710 3231,1709 3262,1709 3292,1708 3323,1707"/>
                <TextEquiv>
                    <Unicode>verfehltesten Werke aufzuführen.</Unicode>
                </TextEquiv>
            </TextLine>
            <TextLine id="r2l29" custom="readingOrder {index:28;}">
                <Coords points="1559,1747 2492,1744 2680,1729 2679,1675 1558,1707"/>
                <Baseline points="1576,1744 1630,1742 1684,1741 1739,1739 1793,1738 1847,1737 1902,1736 1956,1735 2010,1734 2065,1733 2119,1732 2173,1732 2228,1731 2282,1730 2336,1729 2391,1728 2445,1727 2499,1726 2554,1724 2608,1722 2663,1721"/>
                <TextEquiv>
                    <Unicode>Anpreisende Kritiken sind zu lesen: „ein wundervolles</Unicode>
                </TextEquiv>
            </TextLine>
            <TextLine id="r2l30" custom="readingOrder {index:29;}">
                <Coords points="2698,1769 3338,1762 3337,1715 3160,1729 2888,1697 2813,1731 2697,1729"/>
                <Baseline points="2717,1762 2747,1762 2777,1760 2807,1759 2837,1758 2867,1758 2897,1757 2927,1756 2957,1756 2987,1756 3018,1755 3048,1755 3078,1754 3108,1754 3138,1754 3168,1753 3198,1753 3228,1753 3258,1752 3288,1752 3319,1752"/>
                <TextEquiv>
                    <Unicode>„Schleier der Beatrice“ gebracht</Unicode>
                </TextEquiv>
            </TextLine>
            <TextLine id="r2l31" custom="readingOrder {index:30;}">
                <Coords points="400,1769 1536,1752 1495,1709 400,1725"/>
                <Baseline points="418,1766 475,1765 533,1764 591,1763 649,1762 707,1761 765,1760 822,1758 880,1757 938,1757 996,1756 1054,1755 1112,1754 1169,1753 1227,1752 1285,1751 1343,1750 1401,1748 1459,1747 1517,1746"/>
                <TextEquiv>
                    <Unicode>einen der besten, öffentlich am meisten geehrten Namen.</Unicode>
                </TextEquiv>
            </TextLine>
            <TextLine id="r2l32" custom="readingOrder {index:31;}">
                <Coords points="1557,1797 2678,1770 2677,1727 2586,1725 1556,1747"/>
                <Baseline points="1574,1788 1628,1786 1682,1785 1736,1784 1791,1783 1845,1781 1899,1780 1954,1779 2008,1778 2062,1777 2117,1776 2171,1774 2225,1773 2279,1772 2334,1771 2388,1770 2442,1769 2497,1768 2551,1767 2605,1766 2660,1764"/>
                <TextEquiv>
                    <Unicode>Buch“; „eine der keuschesten Dichtungen, deren ein blut¬</Unicode>
                </TextEquiv>
            </TextLine>
            <TextLine id="r2l33" custom="readingOrder {index:32;}">
                <Coords points="2690,1809 3333,1801 3332,1725 3054,1766 2859,1741 2816,1774 2689,1765"/>
                <Baseline points="2709,1803 2739,1803 2769,1803 2799,1803 2830,1802 2860,1802 2890,1801 2921,1801 2951,1800 2981,1800 3012,1799 3042,1799 3072,1798 3102,1797 3133,1797 3163,1796 3193,1796 3224,1795 3254,1794 3284,1794 3315,1794"/>
                <TextEquiv>
                    <Unicode>dienst und unsern Dank erworbe</Unicode>
                </TextEquiv>
            </TextLine>
            <TextLine id="r2l34" custom="readingOrder {index:33;}">
                <Coords points="393,1812 1543,1803 1542,1738 393,1773"/>
                <Baseline points="412,1811 467,1810 523,1808 578,1806 634,1805 690,1804 745,1803 801,1802 856,1801 912,1800 968,1799 1023,1799 1079,1798 1134,1797 1190,1796 1246,1795 1301,1794 1357,1794 1412,1792 1468,1791 1524,1790"/>
                <TextEquiv>
                    <Unicode>Er hat ihn durch diese Veröffentlichung beschmutzt und</Unicode>
                </TextEquiv>
            </TextLine>
            <TextLine id="r2l35" custom="readingOrder {index:34;}">
                <Coords points="1989,1810 2007,1813 2014,1810 2039,1814 2047,1768 2025,1764 2017,1770 2014,1766 1996,1763"/>
                <Baseline points="2009,1800 2023,1802"/>
                <TextEquiv>
                    <Unicode>100</Unicode>
                </TextEquiv>
            </TextLine>
            <TextLine id="r2l36" custom="readingOrder {index:35;}">
                <Coords points="1546,1837 2620,1825 2682,1816 2681,1769 1545,1794"/>
                <Baseline points="1565,1828 1619,1828 1674,1827 1729,1826 1784,1825 1839,1824 1894,1824 1949,1823 2004,1822 2059,1821 2114,1820 2168,1819 2223,1818 2278,1817 2333,1816 2388,1815 2443,1813 2498,1812 2553,1810 2608,1809 2663,1807"/>
                <TextEquiv>
                    <Unicode>voller Künstler fähig ist“; „einzig, ja klassisch in seiner Art“.</Unicode>
                </TextEquiv>
            </TextLine>
            <TextLine id="r2l37" custom="readingOrder {index:36;}">
                <Coords points="2705,1855 3316,1848 3338,1844 3337,1790 2704,1808"/>
                <Baseline points="2724,1846 2753,1845 2783,1845 2813,1845 2843,1845 2873,1844 2903,1844 2932,1843 2962,1843 2992,1842 3022,1842 3052,1841 3082,1841 3112,1840 3141,1839 3171,1839 3201,1838 3231,1838 3261,1837 3291,1836 3321,1835"/>
                <TextEquiv>
                    <Unicode>die 900 Mark Defizit, die Sie von</Unicode>
                </TextEquiv>
            </TextLine>
            <TextLine id="r2l38" custom="readingOrder {index:37;}">
                <Coords points="388,1874 1154,1856 1153,1799 1027,1790 846,1815 387,1812"/>
                <Baseline points="405,1851 441,1851 478,1851 514,1851 551,1850 588,1850 624,1849 661,1848 697,1848 734,1847 771,1846 807,1845 844,1844 880,1844 917,1843 954,1842 990,1842 1027,1841 1063,1841 1100,1840 1137,1840"/>
                <TextEquiv>
                    <Unicode>frivol gefährdet, wenn nicht verloren.</Unicode>
                </TextEquiv>
            </TextLine>
            <TextLine id="r2l39" custom="readingOrder {index:38;}">
                <Coords points="1554,1878 2606,1868 2685,1851 2685,1815 1553,1835"/>
                <Baseline points="1573,1873 1627,1872 1682,1871 1737,1870 1792,1869 1846,1868 1901,1867 1956,1866 2011,1865 2065,1864 2120,1863 2175,1862 2230,1861 2284,1860 2339,1859 2394,1857 2449,1856 2503,1855 2558,1853 2613,1851 2668,1850"/>
                <TextEquiv>
                    <Unicode>Hierzu bemerkt der Verlag: „Ihre freundliche Bestellung er¬</Unicode>
                </TextEquiv>
            </TextLine>
            <TextLine id="r2l40" custom="readingOrder {index:39;}">
                <Coords points="2694,1876 2824,1903 3345,1892 3344,1827 3171,1851 2870,1834 2740,1850 2693,1833"/>
                <Baseline points="2713,1889 2743,1889 2774,1889 2804,1888 2835,1888 2866,1887 2896,1887 2927,1886 2958,1886 2988,1886 3019,1885 3050,1885 3080,1884 3111,1884 3142,1883 3172,1883 3203,1883 3234,1882 3264,1881 3295,1880 3326,1880"/>
                <TextEquiv>
                    <Unicode>der Kasse haben, nur zum Teil we</Unicode>
                </TextEquiv>
            </TextLine>
            <TextLine id="r2l41" custom="readingOrder {index:40;}">
                <Coords points="1556,1920 2688,1894 2687,1851 2603,1842 1555,1869"/>
                <Baseline points="1573,1915 1627,1914 1682,1913 1737,1912 1792,1911 1847,1910 1902,1909 1956,1908 2011,1907 2066,1906 2121,1905 2176,1903 2231,1903 2286,1901 2340,1900 2395,1899 2450,1898 2505,1897 2560,1896 2615,1896 2670,1895"/>
                <TextEquiv>
                    <Unicode>bitten wir umgehend, da zu erwarten ist, daß die Neuauf¬</Unicode>
                </TextEquiv>
            </TextLine>
            <TextLine id="r2l42" custom="readingOrder {index:41;}">
                <Coords points="500,1944 1545,1930 1544,1858 499,1879"/>
                <Baseline points="518,1932 568,1931 618,1930 669,1929 719,1928 770,1927 820,1926 871,1925 921,1924 972,1924 1022,1923 1072,1922 1123,1921 1173,1920 1224,1919 1274,1919 1325,1918 1375,1917 1426,1916 1476,1915 1527,1914"/>
                <TextEquiv>
                    <Unicode>Denn wenn seine Verteidiger kommen und schwätzen,</Unicode>
                </TextEquiv>
            </TextLine>
            <TextLine id="r2l43" custom="readingOrder {index:42;}">
                <Coords points="2709,1933 3230,1943 3327,1923 3326,1880 3254,1866 3073,1895 2708,1894"/>
                <Baseline points="2727,1933 2756,1932 2785,1932 2814,1931 2843,1931 2872,1930 2901,1929 2930,1929 2959,1929 2988,1928 3017,1928 3046,1927 3075,1927 3104,1927 3133,1926 3162,1926 3191,1925 3220,1924 3249,1924 3278,1923 3307,1923"/>
                <TextEquiv>
                    <Unicode>Ihren Verein nicht einer Kritik</Unicode>
                </TextEquiv>
            </TextLine>
            <TextLine id="r2l44" custom="readingOrder {index:43;}">
                <Coords points="1559,1965 2672,1947 2682,1896 1558,1918"/>
                <Baseline points="1576,1960 1630,1958 1684,1957 1739,1955 1793,1954 1848,1952 1902,1951 1957,1950 2011,1950 2066,1948 2120,1948 2174,1947 2229,1946 2283,1945 2338,1944 2392,1943 2447,1942 2501,1940 2556,1939 2610,1937 2665,1935"/>
                <TextEquiv>
                    <Unicode>lage noch vor Erscheinen vergriffen ist. Das Buch steht</Unicode>
                </TextEquiv>
            </TextLine>
            <TextLine id="r2l45" custom="readingOrder {index:44;}">
                <Coords points="392,1986 1542,1970 1541,1913 1497,1906 391,1928"/>
                <Baseline points="411,1977 466,1976 522,1975 577,1974 633,1973 689,1972 744,1972 800,1971 855,1970 911,1969 967,1968 1022,1967 1078,1966 1133,1965 1189,1964 1245,1963 1300,1962 1356,1961 1411,1960 1467,1959 1523,1958"/>
                <TextEquiv>
                    <Unicode>es sei sein Künstlerrecht, zu schreiben und drucken zu lassen,</Unicode>
                </TextEquiv>
            </TextLine>
            <TextLine id="r2l46" custom="readingOrder {index:45;}">
                <Coords points="2704,1987 3334,1975 3333,1921 3228,1944 3188,1924 2974,1924 2704,1947"/>
                <Baseline points="2723,1977 2752,1977 2782,1976 2812,1976 2841,1975 2871,1974 2901,1974 2930,1973 2960,1973 2990,1972 3020,1972 3049,1971 3079,1971 3109,1970 3138,1969 3168,1969 3198,1968 3227,1968 3257,1967 3287,1966 3317,1965"/>
                <TextEquiv>
                    <Unicode>nicht gleichgültig sein kann. Sie</Unicode>
                </TextEquiv>
            </TextLine>
            <TextLine id="r2l47" custom="readingOrder {index:46;}">
                <Coords points="1567,2004 2616,1994 2692,1985 2691,1938 1566,1965"/>
                <Baseline points="1584,2003 1638,2001 1693,1999 1747,1998 1802,1996 1856,1996 1911,1994 1965,1993 2020,1992 2074,1991 2129,1990 2184,1989 2238,1988 2293,1987 2347,1986 2402,1985 2456,1984 2511,1983 2565,1981 2620,1980 2675,1979"/>
                <TextEquiv>
                    <Unicode>einzig in seiner Art da und macht beispielloses Aufsehen.</Unicode>
                </TextEquiv>
            </TextLine>
            <TextLine id="r2l48" custom="readingOrder {index:47;}">
                <Coords points="395,2026 1302,2024 1548,2001 1547,1947 394,1982"/>
                <Baseline points="414,2020 469,2019 525,2018 581,2017 636,2016 692,2015 748,2015 803,2013 859,2013 915,2012 971,2011 1026,2010 1082,2009 1138,2008 1193,2006 1249,2005 1305,2004 1360,2003 1416,2002 1472,2001 1528,2000"/>
                <TextEquiv>
                    <Unicode>was ihm beliebe, wie es ihm beliebe und wann es ihm be¬</Unicode>
                </TextEquiv>
            </TextLine>
            <TextLine id="r2l49" custom="readingOrder {index:48;}">
                <Coords points="2706,2038 2857,2017 2930,2031 3045,2014 3078,2032 3147,2009 3190,2030 3338,2016 3338,1976 3117,1969 2864,1992 2831,1974 2705,1977"/>
                <Baseline points="2723,2019 2752,2019 2782,2018 2812,2018 2842,2017 2872,2017 2901,2016 2931,2016 2961,2015 2991,2015 3021,2014 3050,2014 3080,2013 3110,2012 3140,2012 3170,2011 3199,2011 3229,2010 3259,2010 3289,2009 3319,2009"/>
                <TextEquiv>
                    <Unicode>geniert: nicht alle Ihre Mitgliede</Unicode>
                </TextEquiv>
            </TextLine>
            <TextLine id="r2l50" custom="readingOrder {index:49;}">
                <Coords points="1553,2052 2681,2029 2680,1982 2641,1980 1552,2005"/>
                <Baseline points="1572,2045 1626,2043 1681,2042 1735,2040 1790,2039 1845,2038 1899,2037 1954,2036 2008,2035 2063,2034 2118,2032 2172,2032 2227,2031 2281,2030 2336,2029 2391,2028 2445,2026 2500,2025 2554,2024 2609,2023 2664,2021"/>
                <TextEquiv>
                    <Unicode>Einige Firmen haben bereits 300 Exemplare dieses Buches</Unicode>
                </TextEquiv>
            </TextLine>
            <TextLine id="r2l51" custom="readingOrder {index:50;}">
                <Coords points="405,2076 1548,2057 1547,1999 1492,1989 404,2007"/>
                <Baseline points="422,2064 477,2063 532,2062 587,2061 643,2059 698,2059 753,2058 809,2057 864,2056 919,2055 975,2054 1030,2053 1085,2052 1140,2051 1196,2050 1251,2049 1306,2047 1362,2046 1417,2045 1472,2043 1528,2042"/>
                <TextEquiv>
                    <Unicode>liebe, wenn es nur künstlerisch gearbeitet sei, so erwidern</Unicode>
                </TextEquiv>
            </TextLine>
            <TextLine id="r2l52" custom="readingOrder {index:51;}">
                <Coords points="2696,2067 3336,2059 3335,2019 3306,2016 2930,2030 2695,2002"/>
                <Baseline points="2715,2060 2745,2060 2775,2060 2805,2060 2835,2059 2866,2059 2896,2059 2926,2058 2956,2058 2986,2057 3017,2057 3047,2056 3077,2056 3107,2055 3137,2054 3168,2054 3198,2053 3228,2052 3258,2051 3288,2050 3319,2049"/>
                <TextEquiv>
                    <Unicode>lichen Namen auf. Sie werden</Unicode>
                </TextEquiv>
            </TextLine>
            <TextLine id="r2l53" custom="readingOrder {index:52;}">
                <Coords points="1565,2095 2527,2083 2693,2069 2692,2033 1563,2034"/>
                <Baseline points="1581,2087 1635,2086 1690,2085 1744,2083 1799,2082 1854,2081 1908,2080 1963,2079 2018,2078 2072,2077 2127,2076 2182,2075 2236,2074 2291,2073 2346,2072 2400,2071 2455,2069 2510,2068 2564,2067 2619,2066 2674,2064"/>
                <TextEquiv>
                    <Unicode>verkauft. Buchhandlungen in Sommerfrischen und Bade¬</Unicode>
                </TextEquiv>
            </TextLine>
            <TextLine id="r2l54" custom="readingOrder {index:53;}">
                <Coords points="401,2116 1525,2095 1546,2044 400,2072"/>
                <Baseline points="420,2108 475,2106 531,2105 586,2104 642,2103 697,2102 753,2101 808,2100 864,2099 919,2098 975,2097 1030,2096 1086,2095 1141,2094 1197,2093 1252,2092 1308,2091 1363,2090 1419,2089 1474,2087 1530,2086"/>
                <TextEquiv>
                    <Unicode>wir ihnen, daß die sittliche Gesundheit und Kraft einer Na¬</Unicode>
                </TextEquiv>
            </TextLine>
            <TextLine id="r2l55" custom="readingOrder {index:54;}">
                <Coords points="2696,2111 3340,2101 3339,2047 2696,2068"/>
                <Baseline points="2714,2104 2744,2104 2774,2103 2805,2103 2835,2103 2865,2102 2896,2102 2926,2101 2956,2100 2987,2100 3017,2099 3047,2099 3078,2098 3108,2098 3138,2097 3169,2097 3199,2096 3229,2096 3260,2096 3290,2095 3321,2095"/>
                <TextEquiv>
                    <Unicode>daß ich Ihre Pfeudonyme besprech</Unicode>
                </TextEquiv>
            </TextLine>
            <TextLine id="r2l56" custom="readingOrder {index:55;}">
                <Coords points="1559,2134 2611,2125 2694,2116 2693,2066 1558,2090"/>
                <Baseline points="1578,2130 1632,2128 1687,2127 1742,2125 1797,2124 1852,2123 1907,2122 1961,2121 2016,2120 2071,2119 2126,2118 2181,2117 2236,2117 2291,2115 2345,2115 2400,2114 2455,2113 2510,2112 2565,2110 2620,2108 2675,2107"/>
                <TextEquiv>
                    <Unicode>orten können spielend 100 und mehr Exemplare absetzen.</Unicode>
                </TextEquiv>
            </TextLine>
            <TextLine id="r2l57" custom="readingOrder {index:56;}">
                <Coords points="407,2155 1546,2133 1545,2094 1458,2084 406,2112"/>
                <Baseline points="426,2150 481,2149 536,2147 591,2146 646,2146 701,2144 756,2143 811,2142 866,2142 921,2140 976,2139 1031,2138 1086,2137 1141,2136 1196,2135 1251,2134 1306,2133 1361,2132 1416,2131 1471,2129 1526,2128"/>
                <TextEquiv>
                    <Unicode>tion denn doch bedeutend gewichtiger sind als die Ver¬</Unicode>
                </TextEquiv>
            </TextLine>
            <TextLine id="r2l58" custom="readingOrder {index:57;}">
                <Coords points="2701,2151 3088,2153 3146,2137 3175,2159 3193,2140 3327,2138 3326,2099 3239,2085 2701,2108"/>
                <Baseline points="2721,2145 2750,2145 2779,2145 2809,2145 2838,2145 2868,2144 2897,2144 2926,2143 2956,2143 2985,2142 3015,2142 3044,2141 3073,2141 3103,2140 3132,2140 3162,2139 3191,2139 3220,2138 3250,2138 3279,2138 3309,2138"/>
                <TextEquiv>
                    <Unicode>den drei Schnitzlerschen Stücken !</Unicode>
                </TextEquiv>
            </TextLine>
            <TextLine id="r2l59" custom="readingOrder {index:58;}">
                <Coords points="1563,2178 2692,2159 2691,2112 2644,2109 1563,2135"/>
                <Baseline points="1580,2173 1634,2171 1689,2170 1744,2168 1798,2167 1853,2166 1908,2165 1962,2164 2017,2163 2072,2162 2127,2161 2181,2160 2236,2159 2291,2158 2345,2157 2400,2156 2455,2155 2509,2153 2564,2152 2619,2150 2674,2148"/>
                <TextEquiv>
                    <Unicode>Auffallende Schleifen, welche die oben angeführten Be¬</Unicode>
                </TextEquiv>
            </TextLine>
            <TextLine id="r2l60" custom="readingOrder {index:59;}">
                <Coords points="408,2199 1551,2182 1550,2135 1485,2133 407,2152"/>
                <Baseline points="426,2192 481,2191 536,2191 591,2190 647,2189 702,2188 757,2187 812,2186 868,2185 923,2184 978,2183 1033,2182 1089,2181 1144,2180 1199,2179 1254,2178 1310,2177 1365,2176 1420,2175 1475,2174 1531,2173"/>
                <TextEquiv>
                    <Unicode>öffentlichung einer noch so virtuos gemachten Alkovenstudie.</Unicode>
                </TextEquiv>
            </TextLine>
            <TextLine id="r2l61" custom="readingOrder {index:60;}">
                <Coords points="2824,2189 2893,2202 3172,2179 3269,2192 3298,2177 3334,2191 3334,2141 3243,2128 3225,2146 3167,2151 2824,2149"/>
                <Baseline points="2843,2185 2869,2186 2895,2186 2922,2186 2948,2186 2974,2186 3001,2186 3027,2185 3053,2185 3080,2184 3106,2184 3132,2183 3159,2182 3185,2182 3211,2181 3238,2180 3264,2180 3290,2180 3317,2179"/>
                <TextEquiv>
                    <Unicode>Gedankenstriche! Denn d</Unicode>
                </TextEquiv>
            </TextLine>
            <TextLine id="r2l62" custom="readingOrder {index:61;}">
                <Coords points="2703,2195 2721,2194 2725,2198 2743,2193 2754,2200 2774,2180 2797,2197 2837,2192 2835,2152 2777,2151 2762,2145 2748,2153 2701,2152"/>
                <Baseline points="2719,2189 2744,2188 2769,2188 2794,2186 2819,2183"/>
                <TextEquiv>
                    <Unicode>die —</Unicode>
                </TextEquiv>
            </TextLine>
            <TextLine id="r2l63" custom="readingOrder {index:62;}">
                <Coords points="1571,2220 1735,2243 1795,2209 2671,2204 2680,2153 1570,2173"/>
                <Baseline points="1590,2213 1643,2212 1697,2212 1751,2211 1804,2210 1858,2209 1912,2208 1965,2207 2019,2206 2073,2205 2127,2204 2180,2203 2234,2201 2288,2200 2341,2199 2395,2198 2449,2198 2502,2197 2556,2196 2610,2195 2664,2194"/>
                <TextEquiv>
                    <Unicode>sprechungen enthalten, stehen für die Auslage zur Ver¬</Unicode>
                </TextEquiv>
            </TextLine>
            <TextLine id="r2l64" custom="readingOrder {index:63;}">
                <Coords points="408,2243 1522,2230 1546,2168 407,2199"/>
                <Baseline points="425,2235 480,2235 535,2234 590,2233 645,2232 701,2231 756,2230 811,2229 866,2228 921,2227 977,2226 1032,2225 1087,2224 1142,2223 1197,2222 1253,2221 1308,2220 1363,2219 1418,2219 1473,2218 1529,2217"/>
                <TextEquiv>
                    <Unicode>Wir können uns kaum mehr retten vor all dem Schmutz,</Unicode>
                </TextEquiv>
            </TextLine>
            <TextLine id="r2l65" custom="readingOrder {index:64;}">
                <Coords points="2699,2241 3336,2230 3335,2183 3302,2180 2698,2194"/>
                <Baseline points="2718,2232 2748,2232 2778,2231 2808,2231 2838,2230 2868,2230 2898,2229 2928,2229 2958,2228 2988,2228 3018,2227 3048,2226 3078,2226 3108,2225 3138,2225 3168,2225 3198,2224 3228,2224 3258,2223 3288,2223 3319,2223"/>
                <TextEquiv>
                    <Unicode>diesen kleinen Sauspielen die Ha</Unicode>
                </TextEquiv>
            </TextLine>
            <TextLine id="r2l66" custom="readingOrder {index:65;}">
                <Coords points="1575,2267 2645,2248 2696,2239 2695,2192 1574,2231"/>
                <Baseline points="1594,2259 1648,2258 1702,2256 1756,2254 1810,2253 1864,2251 1918,2251 1973,2250 2027,2248 2081,2247 2135,2246 2189,2245 2243,2244 2297,2243 2352,2242 2406,2241 2460,2240 2514,2239 2568,2237 2622,2236 2677,2234"/>
                <TextEquiv>
                    <Unicode>fügung.“ Jetzt wiederholen Sie, meine Herren vom art</Unicode>
                </TextEquiv>
            </TextLine>
            <TextLine id="r2l67" custom="readingOrder {index:66;}">
                <Coords points="407,2286 1557,2272 1556,2221 406,2242"/>
                <Baseline points="426,2281 481,2279 537,2278 592,2276 648,2275 704,2274 759,2273 815,2271 871,2271 926,2269 982,2268 1038,2267 1093,2266 1149,2266 1205,2265 1260,2264 1316,2263 1372,2262 1427,2261 1483,2261 1539,2260"/>
                <TextEquiv>
                    <Unicode>der von Paris und Berlin, Wien und Budapest her in</Unicode>
                </TextEquiv>
            </TextLine>
            <TextLine id="r2l68" custom="readingOrder {index:67;}">
                <Coords points="2710,2289 2926,2271 3028,2288 3049,2266 3086,2283 3335,2275 3334,2232 3171,2213 2709,2238"/>
                <Baseline points="2728,2276 2757,2275 2786,2274 2816,2273 2845,2272 2875,2272 2904,2271 2934,2271 2963,2271 2993,2270 3022,2270 3051,2270 3081,2269 3110,2269 3140,2269 3169,2268 3199,2268 3228,2267 3258,2266 3287,2265 3317,2264"/>
                <TextEquiv>
                    <Unicode>Held dieser Akte. Ihr Pülbliku</Unicode>
                </TextEquiv>
            </TextLine>
            <TextLine id="r2l69" custom="readingOrder {index:68;}">
                <Coords points="1568,2308 2646,2292 2689,2288 2688,2237 1567,2261"/>
                <Baseline points="1586,2298 1640,2297 1694,2297 1748,2296 1802,2295 1857,2294 1911,2293 1965,2292 2019,2291 2073,2290 2128,2289 2182,2288 2236,2287 2290,2286 2344,2285 2399,2284 2453,2283 2507,2282 2561,2281 2615,2280 2670,2279"/>
                <TextEquiv>
                    <Unicode>pourt art=Klungel, angesichts dieses Erfolges, angesichts</Unicode>
                </TextEquiv>
            </TextLine>
            <TextLine id="r2l70" custom="readingOrder {index:69;}">
                <Coords points="2712,2327 2932,2331 3037,2307 3073,2325 3163,2305 3341,2321 3340,2270 3029,2253 3011,2272 2711,2288"/>
                <Baseline points="2728,2318 2757,2317 2787,2317 2817,2316 2847,2315 2876,2315 2906,2314 2936,2313 2966,2313 2995,2312 3025,2311 3055,2311 3085,2310 3114,2310 3144,2309 3174,2309 3204,2309 3233,2309 3263,2309 3293,2309 3323,2309"/>
                <TextEquiv>
                    <Unicode>applandiert, bei denen die Hau</Unicode>
                </TextEquiv>
            </TextLine>
            <TextLine id="r2l71" custom="readingOrder {index:70;}">
                <Coords points="406,2333 1542,2313 1541,2262 1487,2252 406,2286"/>
                <Baseline points="425,2323 480,2322 535,2321 590,2320 645,2318 700,2317 755,2316 810,2315 865,2314 920,2313 975,2312 1030,2311 1085,2310 1140,2309 1195,2308 1250,2307 1305,2307 1360,2306 1415,2305 1470,2305 1525,2304"/>
                <TextEquiv>
                    <Unicode>Deütschland zusammenströmt; es ist geradezu unheimlich,</Unicode>
                </TextEquiv>
            </TextLine>
            <TextLine id="r2l72" custom="readingOrder {index:71;}">
                <Coords points="1565,2348 2495,2342 2686,2331 2686,2288 1565,2301"/>
                <Baseline points="1582,2342 1636,2341 1690,2340 1745,2339 1799,2337 1853,2336 1908,2335 1962,2334 2016,2333 2071,2332 2125,2331 2179,2330 2234,2330 2288,2328 2342,2327 2397,2327 2451,2326 2505,2325 2560,2324 2614,2323 2669,2321"/>
                <TextEquiv>
                    <Unicode>dieser Reklame, wiederholen Sie Ihren alten abgeleierten</Unicode>
                </TextEquiv>
            </TextLine>
            <TextLine id="r2l73" custom="readingOrder {index:72;}">
                <Coords points="2704,2368 2841,2379 2928,2356 3254,2375 3336,2355 3335,2311 3303,2298 3072,2328 3032,2307 3010,2325 2703,2321"/>
                <Baseline points="2721,2361 2750,2361 2780,2361 2810,2360 2840,2360 2870,2359 2900,2358 2930,2358 2960,2357 2990,2356 3020,2356 3049,2355 3079,2355 3109,2354 3139,2353 3169,2353 3199,2352 3229,2351 3259,2351 3289,2350 3319,2350"/>
                <TextEquiv>
                    <Unicode>drei Witzen gelacht, bei denen die</Unicode>
                </TextEquiv>
            </TextLine>
            <TextLine id="r2l74" custom="readingOrder {index:73;}">
                <Coords points="403,2373 1546,2356 1545,2298 1425,2290 402,2315"/>
                <Baseline points="420,2365 475,2364 530,2363 586,2363 641,2361 696,2360 752,2359 807,2358 862,2357 918,2356 973,2355 1028,2353 1084,2352 1139,2351 1194,2350 1250,2350 1305,2349 1360,2348 1416,2348 1471,2348 1527,2347"/>
                <TextEquiv>
                    <Unicode>wie tief und rapid der Stand der öffentlichen Anständig¬</Unicode>
                </TextEquiv>
            </TextLine>
            <TextLine id="r2l75" custom="readingOrder {index:74;}">
                <Coords points="1570,2395 2691,2367 2690,2309 1569,2333"/>
                <Baseline points="1586,2385 1640,2383 1694,2382 1749,2381 1803,2380 1858,2379 1912,2378 1966,2377 2021,2377 2075,2376 2130,2375 2184,2374 2238,2373 2293,2372 2347,2371 2402,2370 2456,2369 2510,2367 2565,2366 2619,2365 2674,2363"/>
                <TextEquiv>
                    <Unicode>Spruch vom sonveränen Künstler, der auf die möglichen</Unicode>
                </TextEquiv>
            </TextLine>
            <TextLine id="r2l76" custom="readingOrder {index:75;}">
                <Coords points="409,2412 1548,2399 1547,2334 408,2369"/>
                <Baseline points="426,2408 481,2407 536,2406 591,2405 646,2404 701,2403 756,2402 812,2401 867,2400 922,2399 977,2398 1032,2397 1087,2396 1142,2395 1198,2394 1253,2393 1308,2392 1363,2391 1418,2390 1473,2389 1529,2388"/>
                <TextEquiv>
                    <Unicode>keit in den letzten zehn Jahren gesunken ist; durch Bücher,</Unicode>
                </TextEquiv>
            </TextLine>
            <TextLine id="r2l77" custom="readingOrder {index:76;}">
                <Coords points="2703,2413 2917,2401 2950,2426 2975,2404 3336,2397 3335,2357 3306,2354 2703,2366"/>
                <Baseline points="2721,2403 2750,2404 2780,2404 2810,2404 2840,2403 2870,2403 2900,2403 2929,2402 2959,2402 2989,2401 3019,2400 3049,2399 3079,2399 3109,2398 3138,2398 3168,2397 3198,2396 3228,2395 3258,2395 3288,2395 3318,2394"/>
                <TextEquiv>
                    <Unicode>hatten, die Pointe zu wagen. M</Unicode>
                </TextEquiv>
            </TextLine>
            <TextLine id="r2l78" custom="readingOrder {index:77;}">
                <Coords points="1567,2418 2684,2418 2694,2367 1566,2385"/>
                <Baseline points="1584,2427 1638,2426 1693,2425 1747,2424 1802,2423 1857,2422 1911,2421 1966,2420 2020,2419 2075,2418 2130,2417 2184,2416 2239,2414 2293,2413 2348,2412 2403,2411 2457,2410 2512,2409 2566,2408 2621,2407 2676,2406"/>
                <TextEquiv>
                    <Unicode>oder wahrscheinlichen Wirkungen seines Werkes keine Rück¬</Unicode>
                </TextEquiv>
            </TextLine>
            <TextLine id="r2l79" custom="readingOrder {index:78;}">
                <Coords points="415,2459 1550,2445 1549,2387 414,2412"/>
                <Baseline points="433,2451 487,2450 542,2450 597,2449 652,2448 707,2447 762,2445 817,2444 872,2443 927,2442 982,2441 1036,2440 1091,2439 1146,2438 1201,2437 1256,2436 1311,2435 1366,2434 1421,2433 1476,2433 1531,2432"/>
                <TextEquiv>
                    <Unicode>Bilder, Tingeltangel, Postkarten, Annoncen, Witzblätter,</Unicode>
                </TextEquiv>
            </TextLine>
            <TextLine id="r2l80" custom="readingOrder {index:79;}">
                <Coords points="2713,2457 3042,2457 3139,2436 3306,2450 3335,2446 3334,2395 3185,2384 3067,2413 2712,2414"/>
                <Baseline points="2730,2450 2759,2449 2788,2449 2818,2448 2847,2448 2876,2447 2906,2446 2935,2446 2964,2445 2994,2444 3023,2444 3052,2443 3082,2442 3111,2442 3140,2441 3170,2440 3199,2439 3228,2438 3258,2438 3287,2437 3317,2436"/>
                <TextEquiv>
                    <Unicode>digung des „Reigens“ war unb</Unicode>
                </TextEquiv>
            </TextLine>
            <TextLine id="r2l81" custom="readingOrder {index:80;}">
                <Coords points="1568,2463 2700,2460 2699,2410 2645,2396 1567,2420"/>
                <Baseline points="1588,2470 1642,2469 1697,2469 1752,2468 1806,2467 1861,2466 1916,2465 1970,2464 2025,2462 2080,2461 2135,2460 2189,2459 2244,2458 2299,2457 2353,2456 2408,2455 2463,2454 2517,2453 2572,2453 2627,2452 2682,2452"/>
                <TextEquiv>
                    <Unicode>sicht zu nehmen braucht! Oder wollen Sie uns einreden,</Unicode>
                </TextEquiv>
            </TextLine>
            <TextLine id="r2l82" custom="readingOrder {index:81;}">
                <Coords points="411,2503 1543,2478 1542,2431 1415,2419 1192,2456 410,2437"/>
                <Baseline points="430,2495 484,2494 539,2492 594,2491 649,2490 704,2489 758,2488 813,2487 868,2486 923,2485 978,2484 1032,2483 1087,2482 1142,2481 1197,2480 1252,2479 1306,2478 1361,2477 1416,2476 1471,2476 1526,2474"/>
                <TextEquiv>
                    <Unicode>Gassenhauer, Operetten, Possen, reine und pfeudowissen¬</Unicode>
                </TextEquiv>
            </TextLine>
            <TextLine id="r2l83" custom="readingOrder {index:82;}">
                <Coords points="2700,2505 2762,2511 2801,2488 2874,2505 3318,2493 3317,2442 2699,2450"/>
                <Baseline points="2717,2490 2746,2491 2775,2491 2804,2491 2833,2491 2863,2490 2892,2490 2921,2489 2950,2488 2979,2487 3009,2486 3038,2486 3067,2485 3096,2484 3125,2483 3155,2483 3184,2482 3213,2482 3242,2482 3271,2483 3301,2483"/>
                <TextEquiv>
                    <Unicode>war schlecht, Ihre Bearbeitung</Unicode>
                </TextEquiv>
            </TextLine>
            <TextLine id="r2l84" custom="readingOrder {index:83;}">
                <Coords points="1562,2517 2676,2504 2697,2442 1561,2463"/>
                <Baseline points="1579,2513 1636,2512 1694,2511 1752,2510 1810,2509 1868,2508 1926,2507 1983,2505 2041,2505 2099,2504 2157,2503 2215,2502 2273,2501 2330,2499 2388,2498 2446,2497 2504,2496 2562,2495 2620,2494 2678,2492"/>
                <TextEquiv>
                    <Unicode>die künstlerische Vollendung des Buches habe diese Auf¬</Unicode>
                </TextEquiv>
            </TextLine>
            <TextLine id="r2l85" custom="readingOrder {index:84;}">
                <Coords points="944,2535 1056,2536 1085,2517 1110,2539 1251,2518 1284,2535 1559,2522 1558,2479 1160,2487 1077,2485 1058,2467 1030,2490 943,2488"/>
                <Baseline points="962,2528 990,2528 1019,2528 1048,2527 1077,2526 1106,2526 1135,2525 1164,2525 1193,2524 1222,2524 1251,2523 1279,2522 1308,2522 1337,2521 1366,2520 1395,2520 1424,2519 1453,2519 1482,2518 1511,2518 1540,2518"/>
                <TextEquiv>
                    <Unicode>durch gewisse Redouten und</Unicode>
                </TextEquiv>
            </TextLine>
            <TextLine id="r2l86" custom="readingOrder {index:85;}">
                <Coords points="2790,2540 2932,2551 3072,2526 3112,2540 3130,2525 3340,2532 3339,2488 3307,2485 3180,2484 3151,2500 2789,2489"/>
                <Baseline points="2808,2534 2833,2533 2859,2533 2884,2532 2910,2532 2936,2531 2961,2530 2987,2530 3013,2529 3038,2529 3064,2528 3090,2528 3115,2527 3141,2527 3167,2526 3192,2526 3218,2525 3244,2525 3269,2524 3295,2524 3321,2523"/>
                <TextEquiv>
                    <Unicode>Ein gutgemeintes, aber nur</Unicode>
                </TextEquiv>
            </TextLine>
            <TextLine id="r2l87" custom="readingOrder {index:86;}">
                <Coords points="409,2547 955,2531 955,2506 860,2486 756,2502 633,2489 409,2500"/>
                <Baseline points="427,2539 452,2538 478,2537 503,2536 529,2536 554,2535 580,2534 605,2534 631,2533 656,2533 682,2533 708,2532 733,2532 759,2532 784,2531 810,2531 835,2531 861,2531 886,2531 912,2530 938,2530"/>
                <TextEquiv>
                    <Unicode>schaftliche Pornographie,</Unicode>
                </TextEquiv>
            </TextLine>
            <TextLine id="r2l88" custom="readingOrder {index:87;}">
                <Coords points="1571,2563 2700,2542 2699,2499 2590,2490 1571,2516"/>
                <Baseline points="1588,2557 1642,2556 1697,2554 1751,2553 1806,2552 1861,2551 1915,2550 1970,2549 2025,2548 2079,2547 2134,2546 2189,2545 2243,2544 2298,2543 2353,2542 2407,2541 2462,2540 2517,2538 2571,2538 2626,2537 2681,2535"/>
                <TextEquiv>
                    <Unicode>lagenziffer hinaufgetrieben? Die Kunst mache es beson¬</Unicode>
                </TextEquiv>
            </TextLine>
            <TextLine id="r2l89" custom="readingOrder {index:88;}">
                <Coords points="404,2590 1488,2578 1550,2573 1549,2523 403,2550"/>
                <Baseline points="423,2581 478,2580 533,2579 589,2578 644,2577 700,2576 755,2575 810,2574 866,2572 921,2572 977,2570 1032,2569 1087,2568 1143,2567 1198,2566 1254,2566 1309,2565 1364,2564 1420,2564 1475,2563 1531,2563"/>
                <TextEquiv>
                    <Unicode>Herrenabende, durch Schaufenster, durch breit und behaglich</Unicode>
                </TextEquiv>
            </TextLine>
            <TextLine id="r2l90" custom="readingOrder {index:89;}">
                <Coords points="2706,2583 3212,2566 3342,2582 3341,2528 2705,2533"/>
                <Baseline points="2724,2576 2755,2576 2787,2575 2818,2575 2850,2575 2881,2574 2913,2574 2944,2573 2976,2573 3007,2572 3039,2571 3070,2571 3102,2570 3133,2570 3165,2569 3196,2568 3228,2567 3259,2566 3291,2565 3323,2564"/>
                <TextEquiv>
                    <Unicode>den Abend ein. Da seine Gesin</Unicode>
                </TextEquiv>
            </TextLine>
            <TextLine id="r2l91" custom="readingOrder {index:90;}">
                <Coords points="1565,2606 2653,2590 2696,2582 2696,2539 1564,2562"/>
                <Baseline points="1581,2599 1635,2597 1690,2596 1745,2596 1800,2595 1855,2593 1909,2592 1964,2592 2019,2591 2074,2590 2129,2589 2183,2588 2238,2587 2293,2586 2348,2585 2403,2584 2457,2583 2512,2582 2567,2581 2622,2580 2677,2579"/>
                <TextEquiv>
                    <Unicode>ders für Sommerfrischen und Badeorte geeianet? Dieser</Unicode>
                </TextEquiv>
            </TextLine>
            <TextLine id="r2l92" custom="readingOrder {index:91;}">
                <Coords points="2707,2630 3340,2613 3339,2580 3223,2564 3126,2585 2706,2579"/>
                <Baseline points="2726,2620 2755,2620 2785,2620 2815,2619 2845,2619 2875,2618 2905,2618 2934,2617 2964,2616 2994,2616 3024,2615 3054,2614 3084,2613 3114,2612 3143,2612 3173,2611 3203,2611 3233,2610 3263,2610 3293,2609 3323,2609"/>
                <TextEquiv>
                    <Unicode>Mache, wurde es vom Publikum</Unicode>
                </TextEquiv>
            </TextLine>
            <TextLine id="r2l93" custom="readingOrder {index:92;}">
                <Coords points="411,2633 1557,2613 1556,2566 410,2586"/>
                <Baseline points="428,2626 483,2624 539,2622 594,2621 650,2620 705,2619 761,2617 816,2616 872,2615 927,2614 983,2613 1038,2613 1094,2612 1149,2611 1205,2610 1260,2609 1316,2609 1371,2608 1427,2607 1482,2606 1538,2605"/>
                <TextEquiv>
                    <Unicode>nachgedruckte Gerichtsverhandlungen wird eine Art geistiger</Unicode>
                </TextEquiv>
            </TextLine>
            <TextLine id="r2l94" custom="readingOrder {index:93;}">
                <Coords points="1571,2662 2692,2631 2691,2581 2560,2568 1570,2608"/>
                <Baseline points="1589,2643 1643,2642 1697,2640 1751,2639 1806,2638 1860,2637 1914,2636 1969,2635 2023,2634 2077,2633 2132,2633 2186,2632 2240,2631 2294,2630 2349,2629 2403,2628 2457,2627 2512,2626 2566,2624 2620,2623 2675,2621"/>
                <TextEquiv>
                    <Unicode>ganze Erfolg habe nur das Geringste mit Kunst zu tun?</Unicode>
                </TextEquiv>
            </TextLine>
            <TextLine id="r2l95" custom="readingOrder {index:94;}">
                <Coords points="418,2672 1564,2659 1563,2601 417,2629"/>
                <Baseline points="436,2668 491,2666 546,2665 602,2664 657,2662 713,2661 768,2660 824,2659 879,2658 935,2658 990,2657 1045,2656 1101,2655 1156,2654 1212,2653 1267,2652 1323,2651 1378,2650 1434,2648 1489,2647 1545,2645"/>
                <TextEquiv>
                    <Unicode>Syphilis verbreitet, die grauenhaft ist; der Schmutz türmt</Unicode>
                </TextEquiv>
            </TextLine>
            <TextLine id="r2l96" custom="readingOrder {index:95;}">
                <Coords points="2710,2675 2913,2656 3040,2675 3090,2659 3224,2668 3307,2644 3306,2608 3215,2606 2710,2631"/>
                <Baseline points="2729,2663 2756,2662 2784,2662 2812,2661 2840,2661 2868,2660 2896,2659 2924,2659 2952,2658 2980,2658 3008,2657 3035,2657 3063,2656 3091,2656 3119,2655 3147,2654 3175,2654 3203,2653 3231,2652 3259,2652 3287,2651"/>
                <TextEquiv>
                    <Unicode>akter von Schnitzler wurden</Unicode>
                </TextEquiv>
            </TextLine>
            <TextLine id="r2l97" custom="readingOrder {index:96;}">
                <Coords points="1659,2698 2696,2682 2695,2631 1658,2648"/>
                <Baseline points="1676,2692 1726,2691 1776,2690 1826,2689 1876,2688 1926,2687 1976,2687 2026,2686 2076,2685 2126,2684 2176,2683 2226,2682 2276,2681 2326,2680 2376,2679 2426,2678 2476,2677 2526,2676 2576,2674 2626,2673 2677,2672"/>
                <TextEquiv>
                    <Unicode>Die Aufführung wäre an sich ähnlich zu beurteilen, wie</Unicode>
                </TextEquiv>
            </TextLine>
            <TextLine id="r2l98" custom="readingOrder {index:97;}">
                <Coords points="409,2716 1487,2705 1559,2700 1558,2649 408,2669"/>
                <Baseline points="427,2710 482,2709 538,2708 593,2707 649,2706 705,2705 760,2703 816,2702 871,2701 927,2701 983,2700 1038,2699 1094,2698 1149,2697 1205,2696 1261,2695 1316,2694 1372,2693 1427,2693 1483,2691 1539,2691"/>
                <TextEquiv>
                    <Unicode>sich höher und höher; er stinkt zum Himmel; kein Stand,</Unicode>
                </TextEquiv>
            </TextLine>
            <TextLine id="r2l99" custom="readingOrder {index:98;}">
                <Coords points="2716,2716 3197,2714 3222,2695 3266,2713 3342,2700 3341,2646 3272,2633 3229,2652 3113,2640 2979,2668 2715,2673"/>
                <Baseline points="2733,2708 2762,2706 2791,2706 2821,2704 2850,2703 2880,2702 2909,2702 2939,2701 2968,2700 2998,2700 3027,2699 3056,2699 3086,2699 3115,2698 3145,2698 3174,2697 3204,2697 3233,2696 3263,2696 3292,2695 3322,2694"/>
                <TextEquiv>
                    <Unicode>„Da verstanden wir uns gleich</Unicode>
                </TextEquiv>
            </TextLine>
            <TextLine id="r2l100" custom="readingOrder {index:99;}">
                <Coords points="1570,2741 2705,2724 2704,2673 2614,2661 1956,2702 1569,2673"/>
                <Baseline points="1588,2736 1642,2735 1697,2734 1752,2733 1807,2732 1862,2731 1917,2730 1972,2729 2027,2728 2082,2727 2137,2727 2191,2726 2246,2725 2301,2724 2356,2723 2411,2722 2466,2720 2521,2719 2576,2717 2631,2716 2686,2714"/>
                <TextEquiv>
                    <Unicode>der Druck des Manuskripts für Freunde. Der Akademisch¬</Unicode>
                </TextEquiv>
            </TextLine>
            <TextLine id="r2l101" custom="readingOrder {index:100;}">
                <Coords points="407,2760 1564,2752 1564,2701 406,2709"/>
                <Baseline points="426,2754 484,2752 543,2750 602,2749 661,2748 720,2747 779,2745 838,2745 897,2744 956,2743 1014,2742 1073,2741 1132,2741 1191,2740 1250,2739 1309,2738 1368,2737 1427,2736 1486,2734 1545,2733"/>
                <TextEquiv>
                    <Unicode>kein Lebensalter ist mehr intakt. Wenn heute Tacitus</Unicode>
                </TextEquiv>
            </TextLine>
            <TextLine id="r2l102" custom="readingOrder {index:101;}">
                <Coords points="2711,2762 2780,2776 2808,2753 2910,2755 2927,2737 2949,2754 3307,2748 3343,2743 3343,2700 2710,2708"/>
                <Baseline points="2729,2750 2758,2749 2788,2749 2818,2748 2848,2748 2878,2747 2907,2746 2937,2746 2967,2745 2997,2745 3027,2744 3056,2743 3086,2743 3116,2742 3146,2742 3176,2741 3205,2741 3235,2740 3265,2740 3295,2739 3325,2739"/>
                <TextEquiv>
                    <Unicode>interessant; es war sogar ein Tü</Unicode>
                </TextEquiv>
            </TextLine>
            <TextLine id="r2l103" custom="readingOrder {index:102;}">
                <Coords points="1575,2788 2623,2772 2695,2760 2695,2717 1574,2741"/>
                <Baseline points="1594,2780 1648,2778 1702,2777 1756,2775 1810,2775 1865,2773 1919,2772 1973,2771 2027,2770 2081,2769 2136,2768 2190,2767 2244,2766 2298,2765 2352,2764 2407,2764 2461,2763 2515,2762 2569,2761 2623,2759 2678,2758"/>
                <TextEquiv>
                    <Unicode>dramatische Verein muß selbst wissen, wieviel er von seinem</Unicode>
                </TextEquiv>
            </TextLine>
            <TextLine id="r2l104" custom="readingOrder {index:103;}">
                <Coords points="2805,2779 2921,2802 2990,2782 3034,2800 3341,2787 3340,2743 3076,2734 2805,2753"/>
                <Baseline points="2824,2790 2850,2789 2876,2789 2902,2789 2929,2788 2955,2788 2981,2787 3007,2786 3034,2786 3060,2785 3086,2785 3112,2784 3139,2784 3165,2783 3191,2783 3217,2782 3244,2782 3270,2782 3296,2781 3323,2781"/>
                <TextEquiv>
                    <Unicode>Es wäre mir nicht eingefal</Unicode>
                </TextEquiv>
            </TextLine>
            <TextLine id="r2l105" custom="readingOrder {index:104;}">
                <Coords points="406,2800 1556,2784 1529,2730 405,2742"/>
                <Baseline points="423,2797 478,2796 534,2794 590,2793 646,2792 702,2791 757,2790 813,2789 869,2788 925,2787 981,2786 1036,2785 1092,2785 1148,2784 1204,2783 1260,2782 1315,2781 1371,2780 1427,2779 1483,2778 1539,2777"/>
                <TextEquiv>
                    <Unicode>käme, sähe er nur, daß alle unsere germanischen Laster treu¬</Unicode>
                </TextEquiv>
            </TextLine>
            <TextLine id="r2l106" custom="readingOrder {index:105;}">
                <Coords points="1567,2833 2713,2812 2683,2762 1566,2786"/>
                <Baseline points="1583,2821 1638,2821 1694,2820 1749,2819 1805,2818 1860,2817 1916,2816 1971,2815 2027,2814 2082,2813 2138,2812 2193,2810 2249,2809 2304,2808 2360,2807 2415,2806 2471,2805 2526,2805 2582,2804 2637,2804 2693,2803"/>
                <TextEquiv>
                    <Unicode>wohlerworbenen Verdienste aufs Spiel setzen darf, er muß</Unicode>
                </TextEquiv>
            </TextLine>
            <TextLine id="r2l107" custom="readingOrder {index:106;}">
                <Coords points="2724,2845 3289,2837 3328,2821 3327,2785 3258,2772 3107,2797 2987,2781 2810,2796 2788,2775 2723,2776"/>
                <Baseline points="2744,2834 2772,2834 2800,2833 2828,2833 2857,2832 2885,2832 2913,2831 2942,2831 2970,2830 2998,2829 3027,2829 3055,2828 3083,2827 3111,2827 3140,2826 3168,2825 3196,2825 3225,2824 3253,2824 3281,2824 3310,2824"/>
                <TextEquiv>
                    <Unicode>freiwillige Reklame zu machen.</Unicode>
                </TextEquiv>
            </TextLine>
            <TextLine id="r2l108" custom="readingOrder {index:107;}">
                <Coords points="412,2850 780,2844 809,2814 987,2847 1565,2826 1564,2779 411,2799"/>
                <Baseline points="430,2841 485,2839 541,2838 597,2836 653,2835 709,2834 765,2833 820,2832 876,2831 932,2830 988,2829 1044,2828 1100,2827 1156,2827 1211,2826 1267,2825 1323,2824 1379,2823 1435,2822 1491,2821 1547,2819"/>
                <TextEquiv>
                    <Unicode>lich geblieben sind das Saufen, das Raufen und das</Unicode>
                </TextEquiv>
            </TextLine>
            <TextLine id="r2l109" custom="readingOrder {index:108;}">
                <Coords points="1569,2868 2701,2858 2704,2803 1568,2828"/>
                <Baseline points="1588,2866 1642,2864 1697,2863 1752,2861 1807,2860 1862,2859 1917,2858 1972,2857 2027,2856 2082,2855 2137,2854 2191,2853 2246,2852 2301,2851 2356,2851 2411,2850 2466,2849 2521,2847 2576,2846 2631,2845 2686,2843"/>
                <TextEquiv>
                    <Unicode>auch wissen, wieviel sein Publikum verträgt. Aber der</Unicode>
                </TextEquiv>
            </TextLine>
            <TextLine id="r2l110" custom="readingOrder {index:109;}">
                <Coords points="2726,2880 2828,2893 2878,2873 2915,2887 3330,2874 3333,2823 2725,2837"/>
                <Baseline points="2744,2878 2772,2877 2801,2877 2829,2876 2858,2876 2887,2875 2915,2875 2944,2874 2973,2873 3001,2872 3030,2872 3059,2871 3087,2870 3116,2869 3145,2869 3173,2868 3202,2867 3231,2867 3259,2866 3288,2866 3317,2865"/>
                <TextEquiv>
                    <Unicode>dramatische Verein durch diese A</Unicode>
                </TextEquiv>
            </TextLine>
            <TextLine id="r2l111" custom="readingOrder {index:110;}">
                <Coords points="412,2890 1493,2878 1558,2870 1557,2823 808,2814 411,2850"/>
                <Baseline points="429,2883 484,2882 540,2881 595,2879 651,2878 707,2877 762,2876 818,2875 873,2874 929,2873 985,2872 1040,2871 1096,2870 1151,2870 1207,2869 1263,2868 1318,2867 1374,2866 1429,2865 1485,2864 1541,2863"/>
                <TextEquiv>
                    <Unicode>Spielen; aber die Tugenden sind beim Teufel; von einer</Unicode>
                </TextEquiv>
            </TextLine>
            <TextLine id="r2l112" custom="readingOrder {index:111;}">
                <Coords points="1582,2914 2699,2897 2698,2850 1581,2871"/>
                <Baseline points="1600,2906 1654,2906 1708,2905 1762,2904 1816,2904 1870,2903 1924,2902 1978,2901 2032,2900 2086,2899 2140,2898 2194,2897 2248,2896 2302,2895 2356,2894 2410,2893 2464,2891 2518,2890 2572,2889 2626,2887 2680,2886"/>
                <TextEquiv>
                    <Unicode>Verein hat die Kritik geladen und erwartet eine Be¬</Unicode>
                </TextEquiv>
            </TextLine>
            <TextLine id="r2l113" custom="readingOrder {index:112;}">
                <Coords points="418,2930 1560,2918 1559,2864 417,2886"/>
                <Baseline points="436,2925 491,2923 546,2922 601,2921 657,2919 712,2918 767,2917 822,2916 878,2915 933,2914 988,2913 1043,2913 1099,2912 1154,2911 1209,2910 1264,2910 1320,2909 1375,2908 1430,2907 1485,2906 1541,2905"/>
                <TextEquiv>
                    <Unicode>sera juvenum Venus, inde inexhausta pubertas ist</Unicode>
                </TextEquiv>
            </TextLine>
            <TextLine id="r2l114" custom="readingOrder {index:113;}">
                <Coords points="2722,2935 3348,2919 3347,2868 2721,2881"/>
                <Baseline points="2742,2922 2771,2921 2800,2920 2829,2920 2859,2919 2888,2918 2917,2918 2947,2917 2976,2916 3005,2916 3035,2915 3064,2915 3093,2914 3122,2913 3152,2913 3181,2912 3210,2912 3240,2911 3269,2911 3298,2910 3328,2910"/>
                <TextEquiv>
                    <Unicode>hätte. Wenn aber jemand glat</Unicode>
                </TextEquiv>
            </TextLine>
            <TextLine id="r2l115" custom="readingOrder {index:114;}">
                <Coords points="1577,2960 2705,2938 2704,2891 2303,2881 1576,2913"/>
                <Baseline points="1595,2953 1649,2951 1704,2950 1758,2948 1813,2947 1868,2946 1922,2945 1977,2944 2032,2943 2086,2942 2141,2941 2196,2940 2250,2939 2305,2938 2360,2937 2414,2936 2469,2935 2524,2933 2578,2933 2633,2931 2688,2930"/>
                <TextEquiv>
                    <Unicode>sprechung. Ich bin stets für den Verein hier öffentlich ein¬</Unicode>
                </TextEquiv>
            </TextLine>
            <TextLine id="r2l116" custom="readingOrder {index:115;}">
                <Coords points="413,2980 1556,2959 1533,2905 412,2926"/>
                <Baseline points="430,2968 485,2967 540,2966 596,2964 651,2963 707,2962 762,2961 818,2960 873,2959 929,2958 984,2957 1039,2956 1095,2955 1150,2954 1206,2953 1261,2952 1317,2951 1372,2950 1428,2949 1483,2948 1539,2948"/>
                <TextEquiv>
                    <Unicode>keine Rede mehr. Corrumpere et corrumpi sacculum</Unicode>
                </TextEquiv>
            </TextLine>
            <TextLine id="r2l117" custom="readingOrder {index:116;}">
                <Coords points="2716,2977 3320,2954 3319,2922 3279,2915 2715,2933"/>
                <Baseline points="2735,2965 2763,2965 2791,2965 2820,2964 2848,2964 2877,2963 2905,2963 2933,2962 2962,2961 2990,2960 3019,2959 3047,2959 3075,2958 3104,2957 3132,2956 3161,2955 3189,2954 3217,2954 3246,2953 3274,2953 3303,2953"/>
                <TextEquiv>
                    <Unicode>und seinem mißratenen Werke</Unicode>
                </TextEquiv>
            </TextLine>
            <TextLine id="r2l118" custom="readingOrder {index:117;}">
                <Coords points="1577,3006 2586,2995 2705,2982 2704,2931 1576,2955"/>
                <Baseline points="1594,2996 1648,2994 1703,2992 1757,2991 1812,2990 1867,2989 1921,2988 1976,2987 2031,2986 2085,2986 2140,2985 2195,2984 2249,2983 2304,2983 2359,2982 2413,2981 2468,2980 2523,2978 2577,2976 2632,2974 2687,2972"/>
                <TextEquiv>
                    <Unicode>getreten und habe ihn warm verteidigt. Die Mitglieder</Unicode>
                </TextEquiv>
            </TextLine>
            <TextLine id="r2l119" custom="readingOrder {index:118;}">
                <Coords points="3181,3012 3196,3012 3206,3004 3214,3011 3232,3006 3254,3009 3264,3001 3275,3011 3330,3009 3327,2947 3309,2948 3302,2956 3244,2951 3215,2960 3179,2962"/>
                <Baseline points="3200,3002 3227,2998 3255,2996 3283,2995 3311,2997"/>
                <TextEquiv>
                    <Unicode>spiel</Unicode>
                </TextEquiv>
            </TextLine>
            <TextLine id="r2l120" custom="readingOrder {index:119;}">
                <Coords points="421,3020 1531,3008 1559,2957 420,2977"/>
                <Baseline points="439,3011 494,3010 549,3009 604,3008 659,3007 714,3006 769,3005 824,3004 879,3003 934,3002 990,3001 1045,3000 1100,2999 1155,2998 1210,2997 1265,2997 1320,2996 1375,2995 1430,2994 1485,2993 1541,2992"/>
                <TextEquiv>
                    <Unicode>vocatur! Alle politischen oder religiösen Streitigkeiten</Unicode>
                </TextEquiv>
            </TextLine>
            <TextLine id="r2l121" custom="readingOrder {index:120;}">
                <Coords points="2716,3030 2773,3017 2810,3031 2820,3020 2846,3041 2947,3020 3016,3036 3121,3027 3119,2965 3000,2975 2938,2955 2848,2979 2804,2966 2714,2972"/>
                <Baseline points="2734,3010 2760,3010 2786,3010 2812,3010 2839,3009 2865,3009 2891,3008 2918,3007 2944,3006 2970,3005 2996,3005 3023,3004 3049,3003 3075,3002 3102,3002"/>
                <TextEquiv>
                    <Unicode>erssggen! Ich</Unicode>
                </TextEquiv>
            </TextLine>
            <TextLine id="r2l122" custom="readingOrder {index:121;}">
                <Coords points="1580,3046 2625,3035 2708,3027 2707,2976 1579,3007"/>
                <Baseline points="1598,3036 1652,3035 1707,3035 1761,3034 1816,3033 1871,3033 1925,3032 1980,3031 2034,3030 2089,3030 2144,3029 2198,3028 2253,3027 2307,3026 2362,3024 2417,3023 2471,3022 2526,3021 2580,3019 2635,3018 2690,3016"/>
                <TextEquiv>
                    <Unicode>müssen es sich daher schon gefallen lassen, daß ich ihnen</Unicode>
                </TextEquiv>
            </TextLine>
            <TextLine id="r2l123" custom="readingOrder {index:122;}">
                <Coords points="406,3064 1560,3044 1559,2997 405,3002"/>
                <Baseline points="425,3057 480,3055 536,3053 592,3052 648,3051 704,3049 759,3048 815,3047 871,3046 927,3045 983,3045 1038,3044 1094,3043 1150,3043 1206,3042 1262,3041 1317,3040 1373,3039 1429,3038 1485,3037 1541,3035"/>
                <TextEquiv>
                    <Unicode>müßten verschwinden vor dieser Seuche! Man mag Katholik</Unicode>
                </TextEquiv>
            </TextLine>
            <TextLine id="r2l124" custom="readingOrder {index:123;}">
                <Coords points="1575,3084 2706,3070 2709,3019 1574,3037"/>
                <Baseline points="1593,3079 1648,3078 1703,3078 1758,3077 1813,3077 1868,3076 1923,3075 1978,3074 2033,3073 2088,3072 2143,3071 2198,3070 2253,3069 2308,3068 2363,3066 2418,3065 2473,3064 2528,3062 2583,3061 2638,3060 2693,3058"/>
                <TextEquiv>
                    <Unicode>meine Meinung offen sage: Wie haben Sie so etwas tun</Unicode>
                </TextEquiv>
            </TextLine>
            <TextLine id="r2l125" custom="readingOrder {index:124;}">
                <Coords points="423,3106 1479,3101 1565,3089 1565,3042 422,3067"/>
                <Baseline points="441,3098 496,3097 551,3097 606,3096 662,3094 717,3093 772,3093 827,3091 883,3090 938,3089 993,3089 1048,3087 1104,3086 1159,3085 1214,3084 1269,3083 1325,3082 1380,3081 1435,3080 1490,3079 1546,3079"/>
                <TextEquiv>
                    <Unicode>oder Protestant, Christ oder Atheist, radikal oder konser¬</Unicode>
                </TextEquiv>
            </TextLine>
            <TextLine id="r2l126" custom="readingOrder {index:125;}">
                <Coords points="2823,3108 3315,3097 3350,3085 3349,3049 3194,3050 3103,3027 2977,3067 2904,3044 2821,3057"/>
                <Baseline points="2841,3099 2866,3098 2892,3097 2918,3097 2944,3096 2970,3095 2996,3094 3021,3093 3047,3092 3073,3092 3099,3091 3125,3090 3151,3089 3176,3089 3202,3088 3228,3087 3254,3087 3280,3086 3306,3085 3332,3085"/>
                <TextEquiv>
                    <Unicode>2. Kgl. Akademie der Tonk</Unicode>
                </TextEquiv>
            </TextLine>
            <TextLine id="r2l127" custom="readingOrder {index:126;}">
                <Coords points="1572,3133 2722,3112 2721,3061 2587,3053 1571,3082"/>
                <Baseline points="1591,3123 1646,3122 1702,3121 1758,3121 1813,3120 1869,3119 1925,3119 1980,3118 2036,3117 2092,3116 2148,3115 2203,3114 2259,3113 2315,3112 2370,3111 2426,3110 2482,3108 2537,3107 2593,3105 2649,3104 2705,3101"/>
                <TextEquiv>
                    <Unicode>können! Der allerelementarste Takt, ja sogar rein praktische</Unicode>
                </TextEquiv>
            </TextLine>
            <TextLine id="r2l128" custom="readingOrder {index:127;}">
                <Coords points="419,3146 1562,3133 1561,3089 1409,3078 418,3106"/>
                <Baseline points="438,3142 493,3141 548,3139 604,3138 659,3137 714,3136 770,3135 825,3134 880,3133 936,3132 991,3131 1046,3130 1102,3129 1157,3129 1212,3127 1268,3127 1323,3125 1378,3124 1434,3123 1489,3122 1545,3121"/>
                <TextEquiv>
                    <Unicode>vativ sein: Reinheit des Familienlebens, Keuschheit der</Unicode>
                </TextEquiv>
            </TextLine>
            <TextLine id="r2l129" custom="readingOrder {index:128;}">
                <Coords points="415,3204 3343,3135 414,3150"/>
                <Baseline points="431,3186 575,3183 720,3181 864,3178 1009,3176 1154,3174 1298,3171 1443,3169 1587,3167 1732,3165 1877,3163 2021,3160 2166,3158 2310,3155 2455,3152 2600,3149 2744,3145 2889,3141 3033,3137 3178,3132 3323,3127"/>
                <TextEquiv>
                    <Unicode>Frau, Treue des Mannes, Reinhaltung der Jugend, Ge##erwägungen mußten Ihnen sagen, daß die Aufführung von tragsabend brachte im ganzen wie</Unicode>
                </TextEquiv>
            </TextLine>
            <TextEquiv>
                <Unicode>R
box 17/2
Reigen
Des Erestaner Karwnatstonon—
lbart betont in der Sozialen Praxis die dringliche Not= derausstellung zu Hannover ihre 1
Hilbck (nat.=lib.)
Schnitzlers „Reigen“ unmöglich is
sundheit der Geschlechter stehen auf dem Spiele! Und da
stand ihm vollkommen frei, es für einen intimen Kreis,
Sie das im Berliner Tageblatt n
geht einer der ersten und geachtetsten deutschen Schrift¬
unter Ausschluß der Oeffentlichkeit, drucken zu lassen; wie
Als literarisch gebildete junge
steller her und überläßt der Oeffentlichkeit ein Buch, das
viel Achtung er seinen Freunden gegenüber aufs Spiel zu
sagen, daß, wenn je ein Stück, so
wie ein Aphrodisiakum wirken muß, wie Kanthariden und
setzen hat, muß er selbst wissen. Aber was ihm nicht mehr
ler reine Lesedramen sind. Da
Jembahoa!
frei stand, war, die Dialoge in die Oeffentlichkeit zu werfen;
Kommilitonen mußte Ihnen sag
Vor mir liegt das Buchhändlerbörsenblatt vom 2. Juni.
Gescheiteres zu tun hätten, als v
denn er hatte einen angesehenen. Namen zu verlieren, nicht
Damals waren 5000 Exemplare in vier Wochen verkauft.
das Renommee des nächsten besten Kaffeehausliteraten,
verfehltesten Werke aufzuführen.
Anpreisende Kritiken sind zu lesen: „ein wundervolles
„Schleier der Beatrice“ gebracht
einen der besten, öffentlich am meisten geehrten Namen.
Buch“; „eine der keuschesten Dichtungen, deren ein blut¬
dienst und unsern Dank erworbe
Er hat ihn durch diese Veröffentlichung beschmutzt und
100
voller Künstler fähig ist“; „einzig, ja klassisch in seiner Art“.
die 900 Mark Defizit, die Sie von
frivol gefährdet, wenn nicht verloren.
Hierzu bemerkt der Verlag: „Ihre freundliche Bestellung er¬
der Kasse haben, nur zum Teil we
bitten wir umgehend, da zu erwarten ist, daß die Neuauf¬
Denn wenn seine Verteidiger kommen und schwätzen,
Ihren Verein nicht einer Kritik
lage noch vor Erscheinen vergriffen ist. Das Buch steht
es sei sein Künstlerrecht, zu schreiben und drucken zu lassen,
nicht gleichgültig sein kann. Sie
einzig in seiner Art da und macht beispielloses Aufsehen.
was ihm beliebe, wie es ihm beliebe und wann es ihm be¬
geniert: nicht alle Ihre Mitgliede
Einige Firmen haben bereits 300 Exemplare dieses Buches
liebe, wenn es nur künstlerisch gearbeitet sei, so erwidern
lichen Namen auf. Sie werden
verkauft. Buchhandlungen in Sommerfrischen und Bade¬
wir ihnen, daß die sittliche Gesundheit und Kraft einer Na¬
daß ich Ihre Pfeudonyme besprech
orten können spielend 100 und mehr Exemplare absetzen.
tion denn doch bedeutend gewichtiger sind als die Ver¬
den drei Schnitzlerschen Stücken !
Auffallende Schleifen, welche die oben angeführten Be¬
öffentlichung einer noch so virtuos gemachten Alkovenstudie.
Gedankenstriche! Denn d
die —
sprechungen enthalten, stehen für die Auslage zur Ver¬
Wir können uns kaum mehr retten vor all dem Schmutz,
diesen kleinen Sauspielen die Ha
fügung.“ Jetzt wiederholen Sie, meine Herren vom art
der von Paris und Berlin, Wien und Budapest her in
Held dieser Akte. Ihr Pülbliku
pourt art=Klungel, angesichts dieses Erfolges, angesichts
applandiert, bei denen die Hau
Deütschland zusammenströmt; es ist geradezu unheimlich,
dieser Reklame, wiederholen Sie Ihren alten abgeleierten
drei Witzen gelacht, bei denen die
wie tief und rapid der Stand der öffentlichen Anständig¬
Spruch vom sonveränen Künstler, der auf die möglichen
keit in den letzten zehn Jahren gesunken ist; durch Bücher,
hatten, die Pointe zu wagen. M
oder wahrscheinlichen Wirkungen seines Werkes keine Rück¬
Bilder, Tingeltangel, Postkarten, Annoncen, Witzblätter,
digung des „Reigens“ war unb
sicht zu nehmen braucht! Oder wollen Sie uns einreden,
Gassenhauer, Operetten, Possen, reine und pfeudowissen¬
war schlecht, Ihre Bearbeitung
die künstlerische Vollendung des Buches habe diese Auf¬
durch gewisse Redouten und
Ein gutgemeintes, aber nur
schaftliche Pornographie,
lagenziffer hinaufgetrieben? Die Kunst mache es beson¬
Herrenabende, durch Schaufenster, durch breit und behaglich
den Abend ein. Da seine Gesin
ders für Sommerfrischen und Badeorte geeianet? Dieser
Mache, wurde es vom Publikum
nachgedruckte Gerichtsverhandlungen wird eine Art geistiger
ganze Erfolg habe nur das Geringste mit Kunst zu tun?
Syphilis verbreitet, die grauenhaft ist; der Schmutz türmt
akter von Schnitzler wurden
Die Aufführung wäre an sich ähnlich zu beurteilen, wie
sich höher und höher; er stinkt zum Himmel; kein Stand,
„Da verstanden wir uns gleich
der Druck des Manuskripts für Freunde. Der Akademisch¬
kein Lebensalter ist mehr intakt. Wenn heute Tacitus
interessant; es war sogar ein Tü
dramatische Verein muß selbst wissen, wieviel er von seinem
Es wäre mir nicht eingefal
käme, sähe er nur, daß alle unsere germanischen Laster treu¬
wohlerworbenen Verdienste aufs Spiel setzen darf, er muß
freiwillige Reklame zu machen.
lich geblieben sind das Saufen, das Raufen und das
auch wissen, wieviel sein Publikum verträgt. Aber der
dramatische Verein durch diese A
Spielen; aber die Tugenden sind beim Teufel; von einer
Verein hat die Kritik geladen und erwartet eine Be¬
sera juvenum Venus, inde inexhausta pubertas ist
hätte. Wenn aber jemand glat
sprechung. Ich bin stets für den Verein hier öffentlich ein¬
keine Rede mehr. Corrumpere et corrumpi sacculum
und seinem mißratenen Werke
getreten und habe ihn warm verteidigt. Die Mitglieder
spiel
vocatur! Alle politischen oder religiösen Streitigkeiten
erssggen! Ich
müssen es sich daher schon gefallen lassen, daß ich ihnen
müßten verschwinden vor dieser Seuche! Man mag Katholik
meine Meinung offen sage: Wie haben Sie so etwas tun
oder Protestant, Christ oder Atheist, radikal oder konser¬
2. Kgl. Akademie der Tonk
können! Der allerelementarste Takt, ja sogar rein praktische
vativ sein: Reinheit des Familienlebens, Keuschheit der
Frau, Treue des Mannes, Reinhaltung der Jugend, Ge##erwägungen mußten Ihnen sagen, daß die Aufführung von tragsabend brachte im ganzen wie</Unicode>
            </TextEquiv>
        </TextRegion>
    </Page>
</PcGts>
