3336 4416
276 181 923 226 bündig, ruhig und kühl, wie es
164 181 250 241 0
273 222 917 285 Sein Auftreten im Nationalrat
182 227 227 282 st.
272 271 914 327 als einen Mann von Kenntnissen,
190 281 232 330 de
273 317 923 375 geradlieniger Tatkraft und Kalt¬
175 325 236 376 1hl
273 360 915 423 Beherrschtheit scheint die Sozial¬
175 369 249 440 ein
257 411 916 473 zu reizen. Sie, die sich angeblich
209 463 915 522 der Verfassung erhoben hatten,
336 505 913 570 wieder während der Aus¬
237 565 922 621 esministers völlig ihre Fassung
185 566 233 620 1#7
337 605 796 666 Rand und Band
795 607 920 662 wie
265 652 925 713 Maienzeiten der Opposition.
185 666 220 712 n
239 703 925 756 von parlamentarischem Benehmen
184 748 918 811 r den Zuschauer beinahe ein ergötz¬
196 800 922 851 uhren zu sehen, die im vorgeblichen
256 844 912 895 ihre ganze Kultur ablegten. Be¬
261 889 919 959 tat sich zu Beginn der Minister¬
279 939 914 1002 hervor. Er, das Musterbild
234 992 918 1050 der — wenn man sich an die Zeit,
252 1027 868 1089 Präsidentenstuhl saß, erinnert
188 1082 921 1133 Rüde, stand eifrig tätig mitten unter
179 1175 923 1230 Abg. Mataja erst brachte ihn
174 1217 922 1290 einnung und den weiteren Lärm
182 1277 915 1339 tr besorgen. Sie taten es mit
224 1313 912 1380 gkeit, so daß Bundesminister
204 1364 915 1420 tte, sich verständlich zu machen
189 1410 921 1468 mehrmals unterbrechen mußte. Die
190 1463 921 1529 astemokraten steigerte sich gerabezu
195 1518 921 1581 n Bundesminister schließend erklärte,
235 1562 920 1619 i über sein Wirken getrost allen
231 1611 914 1672 nschen. Beschimpfungen erhoben
248 1654 918 1719 trommelten auf die Ministerbank
171 1703 921 1783 ten von Tätlichkeiten bedroht. Die
212 1813 912 1863 ersef. Gleich das erste Konzert war
192 1855 908 1908 hiefür. Daß dem begeisterten Mahler¬
192 1900 920 1951 eLied“ liegt, konnte man zum voraus
187 1936 920 1998 on nicht die Einheitlichkeit und Wucht
198 1976 914 2039 #huthmischen Zug und die seingetönte
206 2030 914 2087 sind Schatten an diesem Abend erleht
213 2059 918 2125 Te Deum gelang ausgezeichnet. Der
178 2117 916 2174 isen des Dirigenten willig gehorchende
197 2189 913 2265 Rkeit und Arbeitskraft des viel¬
198 2253 916 2310 esiors Franz Schalk ist schlechtweg
213 2295 913 2346 wenn es auch in einer Hinsicht be¬
217 2344 922 2397 en muß, daß sich zumal in den
228 2381 915 2434 zerten bei dem routinierten und
192 2422 918 2487 n bereiten Manne oft eine begreifliche
196 2464 924 2511 lwacht, die den aufzuführenden Werken
207 2508 920 2564 förderlich sein kann. Das war deutlich
194 2562 925 2601 kratenen Wiedergabe der dritten Ein¬
220 2593 916 2657 verspüren. Frau Gertrud Förste
225 2636 919 2694 empfundenen und beseelten Vortrag
192 2683 888 2735 er von Mahler begeisterten Beifall.
184 2731 914 2794 eberbürdung Schalks bot seinem über¬
190 2778 917 2839 nd begabten Stellvertreter Hermann
189 2821 913 2874 kl willkommene Gelegenheit, den ver¬
217 2857 917 2921 zu ergreifen und dabei seinem
175 2906 921 2969 achen. So gelang die Aufführung des
181 2959 925 3016 würdig und entbehrte nicht einer ge¬
188 2989 914 3043 und Tiefe der Auffassung. Die Chöre
184 3031 928 3104 eromenwollen und rhythmisch strassen
193 3075 927 3132 vorzüglich, desgleichen die trefflichen
224 3129 918 3194 Bauer-Pilecka, Boruttan
191 3196 917 3282 schalk in diesem Gesellschaftskonzert
169 3268 919 3316 ng er im fünften philharmo¬
184 3310 912 3358 mentskonzert für den abwe¬
181 3348 917 3413 n die Bresche. Hier schien er seine ur¬
183 3393 924 3442 nd Kraft wiedergewonnen zu haben.
184 3445 921 3495 ing erklang die sinfonische Dichtung
172 3524 913 3574 tdeckt, wahre Beifallsstürme dankend
183 3565 922 3616 ingschön gewann Huao Wolfs „Italie¬
198 3609 921 3657 übrigens der Ausführung durch ein
211 3653 918 3714 liegen würde, wundersam tönendes,
181 3682 914 3746 Leben. In schwungvoller Encraie und
162 3737 913 3805 heit gab Brahms „Vierte“ den groß¬
174 3774 907 3844 s gelungenen und mit Beifall aus¬
757 3827 886 3896 M. S.
968 199 2086 247 zensur in Wien ausschließlich der Landeshauptmann von Wien
966 236 2089 279 befugt ist. Das Verbot beweist, daß der Regierung das Diltat
974 273 2093 316 er Klerikalen höher steht als die Bestimmungen der Ver¬
968 312 2096 362 fassung. Es wird die Frage gestellt, ob der Bundesminister für
969 344 2086 395 Inneres den verfassungswidrigen Erlaß über das. Verbot der
966 392 2088 440 Aufführung des „Reigen“ sofort zurückziehen wolle?
1047 429 2095 472 Schon bei der Verlesung der Anfrage zeigte sich im Saale
960 458 2095 510 lebhafte Unruhe. Die Abgeordneten sammelten sich in dem
970 502 2097 554 Halbrund um die Ministerbank, als die Sogialdemokraten ihren
971 528 2090 584 Sturmbock, Abg. Leuthwer, für die Einleitung erregter
959 577 2091 624 Szenen vorschickten. Aus der Begründung der Dringlichkeit der
966 621 2083 660 Anfrage durch Abg. Leuthner ist sachlich nur wieder das eine
969 649 2084 702 estzustellen, daß es eine brutale Rücksichlslosigkeit ist, einen
967 697 2084 737 bedauernswerten, schonungsbedürftigen Kranken in bewuster
971 734 2095 787 bsicht in eine Angelegenheit zu hetzen, der er nicht gewachsen
959 770 2090 813 ist und die ihn zubem noch Aufregungszuständen aussetzt, vor
968 812 2087 859 denen ihn ein wohlmeinender Arzt sicher nur eindringlich
962 849 1231 903 warnen würde.
1038 867 2090 941 Bundesminister Dr. Glanz: Schon vor Zulassung der Aus¬
962 931 2098 977 führung des „Reigen“, die durch den Magistrat in seiner
964 975 2094 1023 Eigenschaft als politische Landesstelle erfolgt ist, hai der Herr
971 1013 2085 1054 Poligeiprasident beim Herrn Bürgermeister von Wien auf die
968 1052 2085 1097 schweren Bodenken gegen die Aufführung dieses Bühnenwerkes
959 1089 2094 1133 aufmerksam gemacht. Er verwies hiebet auch auf die geteitte
962 1128 2088 1176 Beurteilung, die vor längerer Zeit schon die bloße Vorlesung
967 1173 2089 1215 der zehn Dialoge in der Publizistik gefunden habe. Der
962 1202 2086 1247 Magistrat als politische Landesbehörde hat jedoch dessen¬
961 1244 2087 1284 ungeachtet nach Anhörung des Zensurbeirates mit dem Bescheide
963 1282 2092 1324 vom 12. Jänner d. J. die Aufführung zugelasse n.
964 1310 1234 1379 (Zanischenrufe.)
1034 1360 2104 1415 Die Aufführung des Stückes gob alsbald zu lebhaften
963 1396 1739 1452 Erhererungen in der Oeffentlichkeit Anlaß.
1032 1430 2088 1498 Abg. Pick (sozdem.): In der „Reichopost“! (Zwischennufe
958 1479 2097 1523 bei den Soztaldemokraten; Gegenruse bei den Christlich¬
965 1515 1271 1580 sozialen. Lärm.)
1037 1556 2089 1613 Bundesminister Dr. Glanz: Hiebei sprach sich die weit
970 1593 2084 1658 überwiegen de Mehrzohl der uffeutlichen
965 1638 1268 1693 Stimmen...
1037 1664 2087 1756 Abg. Seitz (sozdem.): Wo haben Sie das gezählt? Woisen
964 1722 1453 1785 Sie uns das nach! (Lärm.)
1039 1757 2094 1821 Bundesminister Dr. Glanz: ... dahin aus, daß die Auf¬
960 1809 1665 1864 führung ihrem ges##ten Eindruck nach
1101 1852 1950 1914 eine arge Verletzung der öffentlichen Sittlichkeit
967 1908 2086 1960 bedeute. Kundgebungen aus der Bevölkerung und zahlreiche
1828 1944 2091 2000 ich betone das
963 1944 1712 1994 Artikel der Presse verschiedener Richtung
961 1990 2088 2044 noch einmal — ließen erkennen, daß diese Vorführungen mit
957 2061 2083 2110 Wiener Bevölkerung in scharfem Gegensatz
966 2102 2095 2166 stehen. (Lebhafter Beifall und Händeklatschen bei den
955 2135 1266 2197 Christlichsozialen.)
1038 2168 1868 2220 Abg. Seig (sozdem.): Woher wissen Sie das?
1045 2207 2088 2269 Abg. Witzanv (sozdem.) ruft: Die christlichsozialen Ab¬
959 2248 2083 2299 geordneten haben sich die Füße abgelaufen, damit sie Karten
968 2286 2089 2342 ekommen. (Stürmischer Widerspruch und Protestrufe bei den
1341 2329 1955 2384 Zwischenrufe des Abg. Leuthner.)
968 2328 1335 2386 Thristlichsozialen. —
1036 2368 2089 2417 Präsident Weißkirchner zu Abg. Leuthner: Sie haben
956 2405 2084 2456 dann ein Schlußwort. Wollen Sie jetzt mit den Zwischenrufen
960 2443 1121 2501 aufhören
1037 2453 2093 2529 Bundesminister Dr. Glanz: Ich meine, es wäre wirklich
958 2517 2085 2574 demokratisch, auch mir die Redefreiheit zu gewähren. Die
958 2554 1586 2614 Herren können ja dann kritisieren.
1041 2593 1731 2652 Abg. Pick (sozdem.): Keinen Eiertanz!
1040 2622 2091 2683 Bundesminister Dr. Glanz: Wenn man Argumente
953 2667 2082 2722 bekämpfen will, muß man sie hören. (Stürmischer
965 2718 2079 2760 Beifall der Christlichsozialen. Forigesetzte lebhafte Zwischenrufe
955 2757 2089 2804 bei den Sozialdemrkraten, von denen sich besonders Abg. Seitz
965 2793 2084 2837 bemerkbar macht. Er schreit u. a.: Sie haben bis jetzt nur über
966 2833 2083 2877 stbetische Meinungen geredet, aber kein einziges Argument
958 2868 1176 2930 vorgebracht.)
1033 2902 2082 2971 Abg. Dr. Mataja (christlsoz.): Der Herr Präsident
956 2942 1456 3008 als Krawallmacher!
1033 2964 2082 3046 Der Präsident gibt wiederholt das Glockenzeichen und
959 3031 1587 3078 mahnt die Abgeordneten zur Ruhe.
1041 3054 2084 3112 Bundesminister Dr. Glanz: Es war nun meine Absicht.
960 3102 2082 3146 vorerft dem zur Beurteilung des Falles zunächst berufenen
959 3142 2083 3186 Herrn Bürgermeister von Wien Gelegenheit zu geben, zu
961 3180 2081 3225 dieser neuen, durch den Eindruck der Aufführung gegebenen
956 3219 2081 3262 Sachlage Stellung zu nehmen. Ich wandte mich daher in einem
958 3255 2079 3297 Schreiben an den Herrn Bürgermeister, nicht etwa um die
958 3281 2010 3336 Verantwortung auf ihn abzuwälzen, sondern weil ich es
2014 3291 2089 3337 für
955 3335 2080 3388 ein Gebot der amtlichen Courtoisie hielt, zunächst ihm selbst
952 3379 2009 3415 eine abändernde Verfügung im eigenen Wirkungskreise
2010 3374 2084 3420 zu
957 3409 2083 3458 ermöglichen. Der Herr Bürgermeister teilte mir jedoch hierauf
954 3452 2075 3503 mit, daß er nicht in der Lage sei, von seiner ersten Entscheidung
953 3488 1145 3544 abzugehen.
1129 3517 1915 3586 us Rücksichten der öffentlichen Sittlichkeit
963 3573 2081 3632 sah sich nun das Bundesministerium für Inneres veranlaßt,
961 3616 2086 3661 die wei eren Aufführungen des „Reigen“ zu untersagen.
966 3658 2084 3706 Zwischenrufs.) Es mußte hiebei darauf Bedacht nehmen, daß
961 3698 2086 3746 es sich um ein Stück handelt, dessen Grundlage, ja, wenn ich so
967 3732 2073 3777 agen darf, dessen Leitmotiv eine Sache bildet, die bei allen
961 3771 2073 3829 Völkern, selbst solchen, die sich auf niederen Stufen der Zivili¬
959 3812 2074 3857 ation befinden, den natürlichen Gefühlen ent¬
950 3848 2073 3903 sprechend, mit einer gewissen Diskretion um¬
2137 178 3273 227 tracht kommenden Behorden an sich begrundet ist, das
2133 217 3264 267 Wissenschaft und Praxis niemuls bezweifelt haben, daß es von
2142 253 3266 309 inseren obersten Gerichtshöfen stets einmü ig anerkannt wurde.
2136 291 3264 346 daß es auch in unsere neue Verfassung übernommen wurde.
2142 327 3265 394 vie die Art. 103 und 142 ausdrücklich bezeugen. Dem Recht
2131 363 3268 418 der Aufsicht entspricht anderseits die Ver¬
2127 398 3268 459 pflichtung zur Durchführung der getroffenen
2133 448 3264 496 Anordnungen. Auch diese Verpflichtung ist eine unbe¬
2134 472 3260 540 strittene gewesen und kommt auch in der neuen Verfassung
2131 531 3256 582 zum Ausdruck. Die Regierung wird in anlogen Fällen immer
3224 577 3256 608 "
2143 558 3225 612 renau so handeln, mögen sie welches Land immer betreffen:
2138 596 3262 653 Fortgesetze lärmende Zwischenrufe des Abg. Leuthner.) Der
2140 647 2728 698 Präsident ruft ihn zur Ordnung.
2205 653 3259 727 Bundesminister Dr. Glanz: Gerade in dem von Herrn
2137 706 3262 763 Abg. Leuthner erwähnten Falle aus Steiermark wird das
2139 745 3263 807 hehe Haus Gelegenheit haben, sich davon zu überzeugen, daß
2138 787 3264 846 die Regierung auch diese Frage in einer durchaus objektiven
2136 840 2802 889 und pflichtgemäßen Weise lösen wird.
2208 871 3268 915 Auf die gegen mich persönlich gerichteten Bemerkungen
2136 904 3267 957 will ich nicht näher eingehen. Ich glaube, das Urteik
2129 936 3260 995 über mein Wirken getrost jedem anständig
2130 988 3261 1040 denkenden Menschen überlassen zu lönnen.
2142 1028 3257 1073 Stürmischer Beifall und Händeklatschen bei dem Christlich¬
2141 1052 3260 1119 ozialen. — Fortgesetzte lärmende Zwischenrufe bei den Sozial¬
2134 1094 3267 1156 demokraten.) Ich kann nur beionen, daß mich persönliche An¬
2132 1133 3261 1193 griffe, mögen sie von wo immer kommen, nicht einen Schritt
2131 1167 3257 1225 weit von dem, was ich als Pfischt erkannt habe, abzubringen
2136 1210 3264 1263 mstande sind. (Lebhafter Veifull und Händeklatschen bei den
2128 1240 3268 1304 Christlichsozialen, stürmischer Widerspruch, Pfui= und Abzug¬
2133 1295 2707 1345 rufe bei den Sozialdemokraten.)
2529 1330 2871 1402 Ein Handgemenge,
2202 1364 3271 1446 Die sozialdemokratischen Abgeardneten Zelenka, Wit¬
2136 1422 3277 1498 ternigg und Widholz brängen sich an die Ministerbank
2136 1481 3252 1540 und schlagen iollwütig mit den Fäusten auf den Tisch vor
2140 1514 3271 1589 Bundesminister Dr. Glanz. Mit einiger Befriedigung könn n
2126 1573 3255 1641 diese Herren nun behaupten, auch endlich einmal schlagende
2135 1616 3268 1680 Argumente vorgebracht zu haben. Ihr Vordrängen weckt den
2128 1678 3263 1734 Ehrgeiz ander Genossen. Auch sie wollen ihre starken Seiten
2130 1715 3268 1780 zeigen, da sich endlich wieder einmal eine köstliche Gelegenheit
2134 1770 3257 1829 zu bieten scheint, nach Herzensluft mit den Händen reden zu
2137 1823 3263 1876 können. Sie balgen sich deinabe untereinander, an die Mini¬
2133 1856 3259 1924 sterbank heranzukommen. Beschimpfungen werden laut. Ge¬
2132 1915 3248 1979 johle gegen Bundesminister Dr. Glanz: „Hinaus mit ihm!
2140 1950 3261 2018 und ähnliches, wie eben der entfesselte Geist aus ihnen spricht,
2140 2001 3260 2066 soweit er nicht seinen ständigen Sitz in den geballten Fäusten
2129 2052 3271 2110 hat. Es hat den Anschein, als wollten die Genossen den Bun¬
2128 2100 3267 2161 desminister, der durch den Hinweis auf die „anständigen
2129 2159 3265 2217 Menschen" ihr Mißfallen erregt hat, von seinem Ratz weg¬
2128 2194 3262 2261 brängen. Dr. Glanz schaut kühl dem Treiben zu und bleile
2127 2248 3264 2314 ruhig sitzen. Die christlichsozialen Abgeordneten versuchen, sich
2128 2292 3263 2352 durchzudrängen, um den Minister vor Tätlichkeiten zu schützen.
2134 2339 3262 2395 In der Mitte des Saales bildet sich ein drängender, stoßender
2128 2392 3261 2447 Knäuel. Die akustische Belebung der Szene besorgen die
2129 2430 3269 2502 Sozialdemokraten mit Bravour. Abg. Sever (sozdem.)
2130 2480 3268 2532 kommt im allgemeinen Gedränge einem fremden Ellenlogen
2128 2527 3261 2593 mit seinem Gesicht etas zu nahe. Steigerung der Entrüftung
2123 2586 3261 2643 zur Empörung. Innigere Tätlichkeiten scheinen beinahe un¬
2127 2633 3261 2683 vermeidlich. Doch es gelingt den Ordnern beider Parteien, die
2137 2670 3269 2727 Streitenden zu trennen, bevor die Auseinandersetzung end¬
2134 2718 3255 2794 gültig jenen Komment annimmt, den die Sozialdemokraten
2136 2775 3013 2840 beim Versammlungssprengen zu üben pflegen.
2196 2830 3258 2883 Präsident Dr. Weiskirchner bemerkt, nachdem sich der Lärm
2126 2871 3259 2927 einigermaßen gelegt hat: Ich muß üder diese unqualifi¬
2123 2913 3254 2956 zierbaren Vorgänge mein tiefstes Bedauern aus¬
2121 2947 3264 2997 drücken. (Beifall. Anhaltende Zwischenrufe und Lärm.) Durch
2136 2982 3249 3040 olche Vorgänge wird die Wüwe dis Hauses aufs tiefste ge¬
2124 3023 3208 3086 schädigt. (Beifall. — Zwischenrufe und anhaltende Unruhe.)
2195 3057 3257 3108 Abg. Volker (christlsoz.) führte dann aus: In der Debatte
2134 3104 3263 3154 at es sich um das Theaterstück „Reigen“ gehandelt. Aus diesem
2129 3135 3256 3186 Theaterstück ist plötzlich eine Verfassungsfrage geworden. Es
2126 3176 3248 3227 ist uns jetzt ein neues Theater vor Augen geführt worden. Ich
2131 3212 3251 3265 weiß nicht, warum die Sozialdemokraten den Abg. Leuth¬
2125 3253 3247 3302 ner hieher geschickt haben, um hier einen neuen Reigen
2122 3289 3255 3343 von Schimpfereien aufzuführen und den Reigen
2119 3330 3247 3377 der Beschimpfungen von Landeshauptmann zu Landeshaupt¬
2122 3368 3254 3424 mann bis zum Minister fortzuführen. Der heutige Krawal
2123 3410 3244 3455 und die Angriffe gegen den Minister zeigen, daß Sie keine
2135 3441 3245 3489 chtung vor der Verfassung haben. (Lebhafter
2130 3481 2727 3540 Beifall und Händeklatschen. —
2729 3490 3247 3530 Andauernde Zwischenrufe bei
2126 3529 3249 3579 den Sozialdemokraten.) Wer einem Minister sagt er
2144 3559 3241 3610 ei ein Bedienter, und nicht weiß, daß der
2123 3590 3242 3645 Minister ein Diener des Volkes ist, der hat keine
2128 3636 3247 3683 Achtung vor der Verfassung. (Eneuerter lebhafter Beifall und
2121 3678 3241 3732 Händeklatschen.) — Sturmische Zwischenrufe bei den Sozial¬
2122 3716 2337 3770 demokraten.)
2237 3756 3135 3813 Nicht um einen Kompetenzkonflist handelt es sich,
2127 3796 3255 3857 sondern darum, daß das Sittlichkeitsgefühl der Bevölkerung
2117 3852 3248 3915 verletzt wird, und wenn der Bürgermeister Neumans als
