3484 4224
341 141 502 232 11.
1045 144 1473 229 box 18/2
525 154 879 242 Reigen
528 363 1120 545 Klose & Seidel
537 487 1127 607 Bureau für Zeitungsauschute
486 545 1187 674 verln NO. 43, Georgenkirchplah u
485 697 699 786 Zeitung:
498 781 626 850 Ort:
496 833 698 926 Datum:
1065 1212 2908 1386 Abgründe des Sittenverfalls.
641 1413 3344 1512 Rutznießer, der Dekadenz. — Das Bettstellen-Karussel. — Mädchenhandel u. Freudenhäuser.
695 1500 3282 1592 Zuhälter der Unmoral. — „Haeußer kommt!“ — Keuschheitsapostel und Lebemann.
2470 1584 3341 1665 „großer Prophet“, Apostel, Christus und
1561 1593 2429 1654 stellen-Karussel“, als ein „Schalz¬
729 1591 1517 1675 Es ist just die Stunde zur inneren Ein¬
2472 1632 2879 1710 wer weiß was noch!
1562 1651 2426 1707 käsllein der deutschen Literatur zu be¬
656 1635 1527 1700 kehr. Das Fest des Friedens
2551 1664 3335 1729 Wir wollen aber den Keuschheits¬
666 1689 1130 1747 wird eingeläutet und
1207 1682 1514 1735 trifft auf ein
2459 1720 3327 1771 schleier, mit dem sich der gute Haeusser
651 1719 1519 1789 geknechtet Volk, geknechtet und
1638 1715 2416 1788 So weit sind wir gekommen! Der „Rei¬
2472 1759 3330 1813 umgeben hat, ein wenig lüften. — Und da
729 1764 1514 1818 unwissend geknechtet. Denn wir
1559 1765 2427 1829 gen“ wird weitergespielt. In Staatsräumen
2465 1801 3323 1849 enidecken wir denn, daß der alle mate¬
659 1797 1527 1856 wissen es heute noch nicht einmal. in
2323 1816 2430 1862 Für
2286 1820 2343 1856 P21
1558 1806 2262 1860 werden-Schweinereien aufgeführt.
2461 1832 3342 1884 riellen Güter fliehende Apostel bis zum
659 1849 1524 1897 welchen Ausmaßen diese Knechtschaft auf
1998 1856 2432 1911 !— Und Herr Sladek
2463 1876 3338 1929 Kriege in Paris als flotter Ehemann
652 1891 886 1934 uns lastel.
950 1887 1517 1937 Wenn es nur die politische
1567 1895 2421 1945 machtsein Geschäft. Wir wissen nicht, ob
2462 1923 3334 1968 einer anerkannt schönen Frau in aus¬
896 1931 1000 1972 I E T
659 1921 899 1981 Fron wäre!
1032 1929 1519 1979 Aber es wird auch un¬
1566 1937 2421 1984 er auch jetzt noch Karten an Arbeiter¬
2467 1949 3335 2003 gesuchtestem Luxus gelebt hat.
651 1965 1526 2012 erbittlich an der Zerslörung unseres in¬
1568 1972 2429 2019 kreise abgibl. Geschehen ist es jeden¬
2482 1990 3334 2043 Vordem Besitzer eines trotz aller Warnun¬
650 1996 1518 2050 nersten Markes gearbeitet, und davon’ wer¬
1569 2011 2423 2058 falls und damit die Möglichkeit gegeben,
2473 2022 3332 2091 gen gut gehenden Schwindel-Diplonfge¬
654 2042 1528 2092 den wir uns nur mit Mühe erholen, wenn
1563 2030 2431 2105 daß das Gift recht tief ins Mark des Volkes
2467 2072 3335 2122 schäftes, das mit nur geringen Kosten flie¬
666 2083 1527 2130 wir uns nicht noch in letzter Stunde da¬
1562 2087 2430 2135 lräufelt! Eine Statistik sagt, daß in Ber¬
2467 2099 3328 2160 gende Ausstellungen veranstaltete und da¬
654 2113 1528 2166 gegen aufbäumen. — Mit heißem Sehnen
1568 2126 2422 2180 lin allein 50 000 Homosexuelle gemeldel
2475 2149 3333 2195 für mit schön gedruckten, doch werklosen
650 2152 1528 2218 harren wir darum des Engels, der uns da
1563 2159 2427 2212 sind und daß immer mehr Jugend¬
2478 2184 3336 2236 Diplomen große Summen einheimste, später
659 2197 909 2260 satune möge:
1566 2205 2424 2258 liche in dieser Weise degenerieren. Der
2475 2229 3336 2290 Ehampagnertübrikant der eine recht be¬
1563 2248 2428 2291 Abgrund tut sich auf, und die Folgen der
767 2225 1518 2312 „Siehe, ich verkündige euch große
2469 2270 3343 2313 kannte Marke mit Geschick und Erfolg
1563 2279 2421 2330 sittlichen Zersetzung zeigen sich zur Freude
1080 2289 1247 2350 Freude,
2467 2303 3339 2351 aber auf eine Art, die Professor Dr. H. Rieß,
1574 2318 2428 2367 unserer inneren und äußeren Feinde immer
774 2322 1518 2399 die allem Volke widerfahren wird!“
2469 2337 3317 2401 in seinem Gutachten wenig ansländig
1948 2363 2426 2410 300 geschlechts¬
1562 2348 1940 2411 erschreckender!
2470 2364 3344 2439 nennt, in den Handel brachte und danebens
802 2374 1526 2438 Der Reigen-Prozeß hat selbst den
1558 2390 2436 2450 kranke Mädchen unter 14 Jahren
2463 2423 3341 2473 noch seine Einnahmen durch geselzlich
651 2423 1515 2476 Ewigblinden die Augen öffnen müssen, wo¬
1562 2440 2303 2504 sind im Krankenhaus Lindenburgs.
2470 2464 3335 2511 verbolene Buchmacherei in der Schweiz
658 2469 1522 2530 hin die Fahrt gcht. Es ist die systema¬
1644 2481 2422 2536 Das sind Zahlen, die uns grell den Nie¬
2471 2489 3345 2549 zu steigern wußle, hatle er viele Jahre ein
650 2509 1521 2559 täsche Untergrabung unserer Moral- und
1567 2521 2432 2581 dergang unseres Volkes vor Augen führen.
2473 2537 3337 2591 glänzendes Einkommen. All das, wie auch
657 2553 1525 2594 Sittenbegriffe, die einstens die Slärke und
1629 2566 2423 2623 Und wehrlos sehen wir der Entsitt¬
2468 2563 3339 2629 die beträchtliche Mitgift seiner Frau zer¬
650 2582 1521 2635 das Bollwerk der Germanen gegen welsche
1560 2590 2421 2653 lichung unserer Jugend zu! — Dulden es,
2471 2622 3336 2677 rann aber, und im Laufe des Krieges kam
660 2615 1518 2673 Tücke ausmachten. Der Prozeß hat Ab¬
1572 2627 2433 2691 daß unsere Kinos in die Seele die erste
2472 2657 3333 2706 der Zusammenbruch. Der Verdacht, daß
662 2666 1520 2713 gründe aufgerissen. Die Beeinflussung der
1910 2685 2431 2741 Wehren uns nicht da¬
1578 2676 1928 2740 Bresche schlagen.
2471 2699 3336 2746 sein heutiges Wanderpredigertum ebenfalls
655 2698 1526 2754 Provinzpresse durch die einseilige Bericht¬
1569 2716 2424 2779 gegen, daß z. B. große Blätter wie die
2467 2721 3342 2785 nichts als eine gesunde „Spekulalion“ ist.
659 2747 1517 2791 erslattung der Berliner Judenpresse mußte
1564 2756 2425 2806 „Breslauer Neuesten Nachrichten“ Tag für
2469 2776 3344 2820 wird beslärkt durch sein sonstiges Ver¬
649 2774 1347 2841 nachgerade den Harmlosesten
1330 2783 1532 2836 stutzig
1577 2803 2432 2849 Tag in ihren Kinoanzeigen Raubbau an der
2469 2812 3343 2863 halten. Seine ausgesprochene Männlichkeit
657 2815 1525 2870 machen. Und so konnte der Freispruch
1557 2841 2425 2907 gesunden Volksseele treiben. Der histo¬
2469 2854 3333 2907 übt auf eine große Zahl auch geistig hoch¬
665 2863 1519 2907 des Prozesses eher als eine flaue Verur¬
1575 2873 2416 2939 rische Film „Die Tänzerin Barberina
2479 2890 3326 2944 slehender weiblicher Personen einen außer¬
1565 2915 2223 2975 sicht in dieser Zeitung so aus:
2468 2930 3343 2974 ordentlich starken Einfluß aus. So ist es
664 2827 1528 2987 Schian ergeitlt ue rdhent denn mn 1n rech
1573 2967 2424 3027 „Ein Sitlen-Prunkfilm des preu¬
2473 2968 3328 3025 kein Wunder, daß dieser „neue Messias“
667 2982 1528 3039 völkischen Gewissen. Die Nulznießer
1768 3006 2222 3065 Bischen Königshauses:
2474 3009 3332 3056 seine Moral- und Sittenbegriffe diesem Um¬
655 3013 1530 3067 der Dekadenz sind an der Ar¬
2478 3048 3339 3106 sland angepaßt hat. In Oldenburg z. B.
1676 3032 2317 3116 Friedrich der Große und seine
660 3046 1521 3101 beit! Der wichligtuerische Zeuge, der
2477 3083 3351 3136 leilte Haeusser mit der Frauf
1904 3092 2092 3151 Geliebte.
658 3100 1525 3147 sich verpflichtet fühlt, dem Gerichtshof
2476 3114 3337 3189 seines Jungers Schlötzer-Seidel das Bett
662 3140 1529 3187 anzuzeigen, daß in einer Gruppe Zeugen
1596 3125 2400 3194 Das schamlose Treiben an den
2479 3168 3343 3212 Ein Begleiter des neuen Messias, der
668 3175 1516 3222 auf dem Korridor die Worte „deutsch“
1812 3178 2089 3238 Fürstenhöfen
2481 3202 3346 3266 „Judas“ genannt wird, wurde wiederholt
663 3214 1525 3268 und „Deutschland“ gefallen seien, daß es
1643 3206 2428 3286 Aber es gibt noch weit Unverhüllleres!
2469 3248 3343 3298 mit einer anderen Jüngerin H.’s in pa¬
656 3253 1528 3300 sich „also“ um eine politische Mache
1626 3261 2424 3311 Ein jeder, auch der Berliner, wird sich
2465 3282 3346 3330 radiesischem Kostum im Betit
665 3292 1517 3339 handele, die herausfordernde Berichter¬
1573 3312 2431 3359 großer Plakate und Inserate erinnern, die
2467 3313 3349 3373 angetroffen, woran die böse Kohlennot
659 3330 1523 3384 stattung, das Verekeln des Gerichtssaales
1573 3341 2431 3414 von Zeil zu Zeil in der Stadl auftauchen:
2470 3345 2808 3415 schuld sein soll.
656 3372 1523 3415 durch den Verteidiger Wolfgang Heine, die
2550 3381 3334 3444 Und das zichl im Lande umher und
668 3404 1515 3454 25 Sachversländigen, die sich als Nährväter
2470 3421 3141 3500 predigl Keuschheit und Reinheit.
1646 3421 2424 3491 Dieser Haeusser, ein Wanderredner,
659 3448 1531 3495 und Herolde des Schnitzlauschen Mach¬
2475 3474 3329 3524 Mann ist ein Symplom unseres Sitten¬
1566 3477 2430 3527 der sich selbst für einen zweiten Heiland
666 3487 1531 3541 werkes entpuppen, siealle sind Helfer beim
2482 3509 3334 3561 verfalls. — Der Lebemann, Diplomschwind¬
1562 3524 2430 3578 häll, kundigt seine Vortragsabende stets mit
658 3522 1519 3577 Zerstörungswerk an der deutschen Volks¬
2476 3552 3341 3614 ler und Schampusschieber als Apostel der
1574 3559 2435 3605 einer wahrhaft amerikanischen Reklame an.
662 3568 786 3614 seele.
875 3565 1526 3625 Die „Sachversländigen“ zumal!
2482 3594 3347 3644 Keuschheit im Konkubinat mit der Fran
1568 3595 2432 3645 Was er sprichl, ist ein Kauderweisch von
1347 3601 1534 3655 Kollegen
655 3598 919 3657 Einseilig
922 3600 1279 3663 voreingenommene
2914 3632 3335 3680 und das Volk läuft
2481 3637 2835 3685 seines „Jüngers“,
2308 3624 2422 3686 Aber:
1570 3640 2231 3684 Bibelzitalen und Gemeinplätzen.
2226 3638 2320 3685 N
661 3638 1522 3686 Schnitzlers, die ein beslimmtes Dogma ver¬
2483 3650 3341 3723 ihm „gläubig“ nach, lauscht seinem hohlen
1567 3670 2432 3724 er gibt sich den Anschein eines Geweihten,
659 3681 1530 3730 traten, konnlen sie überhaupt als lite¬
2479 3713 3344 3770 biblischen Schlagwort-Salbader und glaubt
1564 3706 2432 3766 Geheimnisvollen, und darum hat er slets
658 3713 1525 3767 rarische Sachversländige in Frage kommen?
2480 3752 3344 3799 dadurch wieder rein an Leib und Secle
1563 3752 2431 3813 großen Zulauf,  besonders von der Weib¬
666 3760 1524 3810 Man vergegenwärtige sich die eitlen Pi¬
2480 3784 2704 3855 zu werden.
1570 3792 2375 3847 lichkeit, die oft “ die weihliche Seeie!
658 3800 1533 3843 kanterien und Kühnheiten eines Allred
1570 3833 2428 3897 Mann und Kind im Stiche läßt und ihm
2551 3815 3262 3891 Uebt euch im rechlen Gollver¬
666 3834 1534 3891 Kerr. den Ton der Ueberhebung, ohne
1759 3877 2436 3925 Ehen sind wegen Louis
1569 3864 1776 3926 nachfolgl.
669 3868 1523 3925 etwas sagen zu können, den Mangel jeg¬
2857 3880 3021 3944 trauen.
1566 3905 2437 3955 Hacusser schon geschieden worden, allerlei
664 3910 1521 3974 licher Achtung vor dem Gegner und die
2541 3914 3312 3997 Wer wird auf Haeußer —— Häuser
1568 3946 2440 3997 Unglück ist gestiftet, immer noch aber gill
665 3953 1536 4004 Atmosphäre der Unaufrichtigkeit, die den
2855 3981 3019 4047 bauen!
1575 3974 2453 4047 er unter den geislig „Unheilbaren“ als
658 3996 1519 4064 Mut fand, den „Reigen“, dieses „Bett¬
