3336 4352
233 116 389 199 11.
430 123 750 214 Reigen
932 119 1359 219 box 17/2
781 725 1045 838 S
1329 731 2439 875 K
1477 849 1991 983 VE
1519 995 1610 1081 ee
1739 1018 1859 1118 4
1430 1308 1752 1414 Antwort.
1676 1406 2413 1501 Schloß Schwanberg, 4. Juli 1903.
1028 1484 2089 1585 Sehr geehrter Herr Kollege Stauf von der March!
858 1558 2456 1638 Ihren offenen Brief im ersten Juliheft dieser Zeitschrift habe ich in der
737 1632 2452 1707 Einsamkeit meiner Turmstube mit großer Ruhe und Andacht gelesen. Außer dieser
739 1680 2108 1749 Empfangsbestätigung habe ich eigentlich nichts darauf zu erwidern.
856 1727 2442 1796 Wir denken nach wie vor verschieden über die fragliche Sache. Ich habe Sie
730 1772 2299 1851 nicht zu meiner Auffassung und Sie mich nicht zu Ihrer Auffassung bekehrt.
863 1817 2434 1887 Aus meinem Freistatt=Artikel haben Sie einige verwunderliche Dinge heraus¬
737 1882 2445 1948 gelesen, die ich mit Wissen und Absicht nicht hineingeschrieben, die ich auch nicht
732 1930 2443 1996 zwischen den Zeilen finde. Dagegen ist nichts zu machen. Sie fühlen persönliche
738 1979 2442 2046 Spitzen gegen sich selbst heraus, wo ich glaubte, glatt und gleichmütig von der
747 2021 2442 2083 Sache zu einem allgemeinen Publikum zu sprechen. Und weil Sie sich in kränkender
731 2070 2439 2139 Weise von mir angegriffen glaubten, verfielen Sie in Ihrer Abwehr in einen
741 2122 1699 2199 heftigen, hitzigen Ton. Das ist nun einmal so.
855 2161 1604 2253 Ich grüße Sie in alter Ergebenheit.
2168 2166 2399 2249 Conrad.
1441 2238 1499 2344 *
1569 2259 1620 2365 *
854 2353 2443 2453 Zu Vorstehendem habe ich bloß zu bemerken, daß Herr Kollege Conrad den
733 2422 2437 2494 Kern der Sache ganz und gar nicht berührt und nur Nebensächliches
739 2487 2426 2556 heranzieht. Somit ist die Polemik zu Ende, die Frage aber: ob wir „denunziert“
732 2537 2435 2594 haben und wenn, warum dies gescheh'n, bleibt trotz alledem offen. Desgleichen
737 2586 2435 2643 fehlt die plausible Begründung, weshalb Kollege Conrad es für notwendig erachtet
738 2638 2438 2691 hat, gegen uns in solcher Weise vom Leder zu ziehen, denn daß die Spitzen und
734 2686 2436 2758 Häckchen, die in seiner Darlegung unleugbar vorhanden sind, nicht gegen uns
726 2731 1898 2799 gerichtet sind, vermag ich nun einmal nicht zu glauben.
851 2778 1336 2874 Wien, 6. Juli 1903.
1817 2829 2400 2916 Stauf von der March.
1415 3300 1592 3391 K
