3436 4224
264 117 791 229 11. Reigen
156 1189 347 1273 No. 1555.
144 1300 321 1390 Zeitung
145 1586 254 1690 stik.
147 1693 627 1767 s Wiener Waschermadel,
143 1748 626 1808 rd, und man weiß nicht,
146 1795 618 1857 würde, wenn er wirklich
180 1834 620 1899 das uns heut zur Auf¬
147 1880 623 1937 istischer Neuheiten als
160 1918 627 1977 ist eine nackte, mindestens
131 1968 569 2030 #rdernde Literatur, die
145 2005 626 2069 hüberall an einem Faden
146 2065 625 2111 den Heinzemännern denun¬
228 2102 636 2158 cheint nicht mehr für
145 2108 230 2158 hr
143 2145 628 2195 moch für jene Greise be¬
142 2185 632 2251 Bade belästigten und auch
144 2237 628 2289 kunterung ihres Humors
145 2273 635 2336 hen und oft noch dazu in
125 2314 635 2376 sen Greisenlektüre ist sehr
136 2358 638 2432 Bahnhöfen in bare Münze
152 2413 261 2466 stisch.
134 2433 642 2521 ekenner vornehmster Natur¬
175 2494 638 2556 solcher Juxartikel zu be¬
136 2533 637 2599 nnen wir seinen „Anatol“
128 2590 637 2641 te Saiten der Autor an¬
137 2618 637 2687 kapricen des Salons be¬
139 2666 635 2727 erlag, Wien und Leipzig)
140 2710 640 2767 rischen Lüstlinge der raffi¬
131 2749 650 2816 haben scheint, ist noch etwas
126 2794 646 2861 en: ihn zu charakterisieren
138 2845 648 2901 sagen läßt, und welches der
145 2887 645 2951 Feigenblättchen beschatteten
227 2927 645 2995 „Reigen“ ist nämlich
141 2939 218 2993 ßte.
141 2979 653 3032 treichen Dialogen zwischen
146 3019 655 3071 Sie der nächsten Sie oder
150 3061 647 3123 Vorgänger noch warmen
126 3099 643 3165 haine anglaise des Liebes¬
336 3145 652 3206 — das Stuben¬
127 3152 338 3210 er Soldat
138 3190 660 3259 inge Herr; der junge Herr
959 122 1366 213 box 17/1
707 1543 1864 1631 die junge Frau; die junge Frau — der Gatte; der Gatte
648 1616 1860 1667 das süße Mädel; des süße Mädel — der Dichter; der Dichter
652 1660 1856 1713 die Schauspielerin, die Schauspielerin — der Graf;
885 1694 1910 1750 die Dirne. Das ist das Personal der zehn Szenen,
663 1710 823 1764 Graf —
667 1742 1906 1804 die in genialer Gleichmäßigkeit und delektierender Variation auf
660 1778 1909 1844 denselben Punkt und dieselben Gedankenstriche hinausführen. Die
661 1818 1917 1889 Gedankenstriche (bald weniger bald mehr) sind die eigentliche
658 1880 1919 1934 Handlung und zugleich die Katastrophe in diesen Dramoletchen.
658 1913 1910 1976 Ihre Exposition kann nicht verständlicher, nicht durchsichtiger sein
668 1961 1924 2017 die liebe Natur in ihrer ganzen, teils nackten, teils im Auskleiden
668 1999 1917 2065 begriffenen Bedürftigkeit; ihre Steigerung ein ungehemmtes
672 2039 1924 2108 Auswallen sehr bekannter aber in der Kunst bisher
670 2078 1852 2151 immer noch ein bischen beschönigter Instinkte und
671 2110 1931 2200 Schluß eine Abkühlung, in der selbst das glühendste Du
1447 2167 1920 2235 Omne animal triste!
672 2180 1429 2242 zum eisig konventionellen Sie erfriert.
678 2210 1924 2287 Die Beobachtung des — sagen wir Dichters ist von einer benei¬
672 2268 1928 2326 denswerten Tiefe und Lückenlosigkeit, die Kunst, all diese Pärchen
675 2300 1924 2376 im süßen Wiener Deutsch der „Situation“ und ihrer Individualität
669 2345 1932 2419 gemäß mit einander plauschen oder konversieren zu lassen, schlecht¬
677 2391 1923 2458 hin bewundernswert und auch ein Stückchen moderner Kultur.
672 2440 1924 2506 Wie das Stubenmädel, die Grisette, wie namentlich die Schau¬
680 2476 1931 2555 spielerin, eine „berühmte Tragödin“, alles Unsagbare sagt, das ist
684 2544 1935 2588 eine Offenbarung dieses Departements der „weibliche.. Seele.
686 2575 1934 2630 Die Daseinsberechtigung der Schnitzlerschen Dialoge liegt in ihrem
677 2608 1917 2675 Dialog. Sonst würden sie sich am Ende doch besser zu einer
688 2653 1933 2722 Separatdruck für persönliche Freunde geeignet haben. Und nun
675 2695 1938 2769 gar jene Münchener literarische (1) Gesellschaft, die bereits drei
682 2742 1940 2811 dieser intimsten Genrebilder mit Abmeißelung der Pointen auf ihre
687 2783 1941 2853 Vereinsbühne gebracht hat! Bedurfte es für den Künstler Arthur
683 2831 1933 2897 Schnitzler einer Strafe, so ist sie ihm mit dieser Einrichtung seines
679 2883 1448 2947 Reigen für Pensionate zu teil geworden.
758 2904 1946 2985 Der Name eines Schriftstellers von Klang, Octave Mix¬
683 2966 1945 3047 beau, steht auch vor dem Bändchen nove#nische Skizzen, die
687 3011 1942 3083 unter dem anlockenden Titel „Laster“ im gleichen Verlage als
683 3060 1936 3123 Band 5 der „Bibliothek berühmter Autoren“ erschienen sind. Der
681 3099 1938 3170 Pariser Mirbeau, der in Maupassants und Prévosts Spuren wan¬
687 3142 1923 3218 delt, hat mit seinem fast frechen „Tagebuch einer Kammerjungfer
693 3186 1948 3258 und seinen zum größten Teil brillanten „Bauernnovellen“ in
668 3229 1948 3327 Dentschland Verständnis gefunden. Für die hier vorliegende
1947 1538 3196 1603 Sammlung feuilletonistischer Abschnitzel von ihm kann er nicht ver¬
1953 1572 3203 1647 antwortlich gemacht werden. Sie sind schwache Momentarbeiten.
1951 1625 3203 1693 Einige Kraft hut das titelgebende soziale Nachtbild in sich. Es ist
1951 1673 3207 1741 aber ein blöder Mißgriff, die bedauernswerte Unterhändlerin, die
1953 1714 3204 1782 von Hunger getrieben, nächtlich umherschweifende Männer Kindern
1947 1760 3198 1829 zuführt, auf dem Titelblatt in dieser vollständig ramponierten
1954 1810 3198 1877 Jammergestalt abzubilden. Das Firmenschild macht ja jedes Ge¬
1961 1836 3200 1917 schäft undenkbar. Es mag höchst gleichgiltig sein, aber wer sich
1963 1892 3209 1958 wirklich herbeiläßt, diesen Mirbeau zu lesen, der hat den Eindruck,
1956 1927 3206 1996 daß der Zeichner Natur und Inhalt der von ihm illustrierten
1963 1982 2610 2048 Straßenskizze garnicht gekannt hat.
2041 2021 3205 2087 Eine schlechthin unreinliche, ohne derbe Handschuhe garnicht
1954 2067 3211 2135 anzufassende Geschichte — trotz aller empfindsamen Verbrämung
2014 2109 3207 2168 ist „Die kleine Veronika“ von Felix Salten (S. Fischer,
1957 2149 3211 2219 Berlin). Nach einem glänzend humoristisch durchgeführten Motiv
1963 2205 3216 2263 von Maupassant versetzt sie eine völlig ahnungslose ländliche Un¬
1972 2243 3210 2308 schuld in den Sumv“ des großstädtischen Lasters und läßt
1968 2279 3214 2357 sie darin „tragisch“ intergehen. Das eben vierzehn Jahre
1973 2330 3220 2394 alt gewordene klei: Dorfkind Veronika wird am Tage der
1966 2373 3208 2438 ersten Kommunio., die die reiche Tante in der Großstadt aus¬
1969 2413 3215 2481 richtet, mit allem Raffinement der gedankenlosen Frivolität und
1969 2455 3215 2525 des Zufalls einem Lebejüngling entgegengeführt, der nicht zu den
1971 2507 3223 2567 verworfensten gehört, aber von der völlig verständnislosen Unschuld
1977 2543 3231 2623 seiner Beute keine Ahnung hat und in dieser Situation beinahe
1970 2586 3243 2663 mehr der Verführte als der Verführer ist. Das Kind, das gar
1978 2631 3231 2697 nicht weiß, was mit ihm vorgegangen ist, merkt erst an der
1969 2680 3229 2743 Wut, mit der ihn der Konkurrenzneid der Tante und ihrer
1981 2713 3219 2795 Freundinnen empfängt, daß ein Frevel sein kaum erschlosse¬
3103 2751 3239 2813 Die
1977 2774 3099 2832 nes Leben befleckt hat, und es geht ins Wasser.
1985 2808 3230 2874 Sachkenntnis des Autors und seine Fähigkeit, Unsagbares
1979 2851 3233 2924 hinter dem Schleier der Worte doch verständlich hervorschimmern
1972 2899 3227 2971 zu lassen, verdient eine Prämie, auch geben wir zu, daß die Schilde¬
1986 2935 3227 3003 rung den Wert einer sozialen Studie in Anspruch nehmen darf.
1988 2984 3221 3048 Aber noch nie haben wir von einem literarischen Produkt einen so
1978 3024 3229 3102 starken Widerwillen gegen die Wirklichkeit des Lebens mitgenommen,
1984 3073 3237 3136 und wir beneiden den „Dichter“ nicht, den sein „Genius“ zwingt.
1986 3125 2660 3206 sich gerade solche Fälle auszudenken.
2054 3143 3242 3221 Viel unschädlicher sind die „Lebemänner“ von Raoul
1975 3201 3234 3294 Auernheimer (Wiener Verlag), der sich auf den Flügernder
