3436 4224
965 78 1370 172 box 17/1
277 75 778 183 11. Reigen
876 1317 1226 1408 Telephon 12801.
497 1402 1599 1491 Alex. Weigls Unternehmen für Zeitungs-Kusschnitto
700 1480 1404 1598 „OBSERVER“
505 1589 1590 1665 L. österr. behördl. konz. Bureau für Zeitungsberichte u. Personalnachrichten
688 1654 1421 1747 Wien, I., Concordiaplatz 4.
916 1726 1173 1798 Vertretungen
504 1760 1594 1834 In Berlin, Budapest, Chicago, Genf, London, New-Tork,
497 1812 1581 1902 Paris, Rom, Mailand, Stockholm, Christiania, St. Petersburg.
768 1868 1306 1934 (Quellenangabe ohne Gewähr.)
499 1933 1663 2049 Ausschnitt ausDie Zeit Wien (Tägliche Ausgabe)
498 2047 927 2126 vom: 1- 10.1904
488 2160 1388 2226 — Artur SchnitzlersReigen“. Vor der Leip¬
469 2210 1390 2273 iger Strafkämmer waren kürzlich die beiden
468 2260 1393 2322 Nitinhaber der Kommissionsfirma Karl Knob¬
470 2312 1394 2363 och. Ludwig und Otto Cyriacus, wegen
450 2385 1391 2458 Vertriebes des in Deutschland verbotenen Buches
457 2437 1384 2495 „Reigen“ von Artur Schnitzler angeklagt,
448 2478 1374 2538 das „sich mit unzüchtigen Schilderungen des
441 2519 1379 2588 Liebeslebens befasse und gegen die gute Sitte ver¬
450 2559 1384 2632 stoße“. Beide Angeklagten behaupteten, daß sie
444 2605 1382 2676 das Werk nie für unzüchtig gehalten hätten und
452 2657 1382 2713 es auch jetzt nicht dafür halten, um so weniger, als
447 2691 1387 2763 der Name des Autors einen sehr guten Klang
449 2738 1378 2806 besitze, seine Erzählungen von den ersten Buch¬
452 2778 1381 2846 handlungen verkauft werden und seine Schau¬
445 2819 1374 2879 spiele sogar an der Wiener Hofbühne aufge¬
449 2869 1376 2932 führt worden seien. Selbst gelesen hätten sie das
442 2912 1366 2971 Buch auch nicht, sondern nur Rezensionen darüber
445 2947 1376 3018 und in denen habe nichts gestanden, was sie hätte
446 2993 1368 3060 auf den Gedanken bringen können, daß es sich hie:
447 3046 1370 3102 um unzüchtige Schilderungen handle. Die Ge¬
446 3078 1371 3148 brüder Cyriacus wurden von der gegen sie er¬
441 3124 1378 3187 hobenen Anklage freigesprochen, dagegen
444 3165 1372 3234 die Weiterverbreitung von „Reigen“ für ganz
449 3211 1373 3274 Deutschland verboten. Gegen diese Ver¬
450 3254 1366 3316 fügung ergriff er Besitzer des Wiener Verlages,
443 3304 1366 3349 Herr Fritz F. und, den Rekurs an das Leiv¬
447 3349 1366 3424 ziger Reichsgericht, vor dem die neuerliche
435 3390 1109 3467 Verhandlung demnächst stattfindet.
2327 78 2740 161 Telephon 12801.
1967 156 3093 246 Alex. Weigl’s Unternehmen für Zeitungs-Ausschnitte
2112 261 2837 367 „OBSERVER“
1966 376 3092 442 I. österr. behördl. conc. Bureau für Zeitungsberichte u. Personalnachrichten
2134 429 2934 522 Wien, I., Concordiaplatz 4.
2371 506 2707 564 Vertnetungen
1968 544 3093 621 in Berlin, Budapest, Chicago, Genf, London, Newyork, Paris,
2036 597 3023 663 Rom, Mailand, Stockholm, Kristiania, St. Petersburg.
2252 656 2824 724 (Quellenangabe ohne Gewähr.)
1979 782 2403 866 Ausschnitt auf
2381 802 3077 894 Mänchner Rauosto Nachrichten
1971 929 2375 1025 vom: 73/.#10
2095 1138 2954 1233 Schnitzlers „Reigen“ ist, wie aus Leipzig be¬
2006 1164 2951 1277 hrichtet wird vört auf Veranlassung der Berliner Staats¬
2030 1233 2949 1316 anwaltschaft für ganz Deutschland konfisziert worden.
2069 1287 2954 1352 Der „Reigen“ ist schon vor etwa 1½ Jahren im Buch¬
2025 1322 2953 1419 handel erschienen. Deshalb wird ihm die Maßregelung
2030 1359 2410 1419 nicht mehr sehr weh tun.
2259 1443 2821 1530 mReifen
2322 2662 2884 2767 Leipziger Volkszeitung
2435 2968 2584 3058 7 Mhr
2018 3228 3091 3351 Schnitzlers Reigen konfisziert! Auf Veranlassung der
1947 3286 3099 3394 Berliner Smwettschaftist hien#mie die Wiener Zeit er¬
1953 3333 3093 3441 fährt, Schnitzlers Einakterfolge Reigen koufisziert worden.
1956 3374 3098 3483 Wenn sich die Nachricht bestätigt, ist für! Werk die beste
1957 3422 3107 3535 Reklame gemacht worden, denn eine Konfiskauen wird sich nicht
1951 3462 3094 3574 aufrechterhalten lassen. Das Buch erschien im Wiener Verlag.
1967 3507 3103 3621 Wegen Aufführung einiger Szenen des Werkes ist bekanntlich
1961 3555 3114 3667 vor einiger Zeit der Münchner akademisch=dramatische Verein
1956 3648 2300 3735 kaufgelöst worden.
