3436 4224
280 112 803 214 11. Reigen
984 118 1383 201 box 17/1
1120 796 2542 853 vor Augen, die aus solchen kleinen Betrügereien an sich selbst
1106 839 1622 892 und anderen entsteht!
1233 879 2535 947 Die Pärchen, die so drollig vor uns den Reigen des Ge¬
1123 922 2536 998 schlechtsgenusses tanzen, sollen unsittlich sein? Nun ja, genau so
1118 983 2535 1039 wie das Leben. Es ist einmal so eingerichtet, dass die Mensch¬
1122 1034 2538 1096 heit nicht aus dem Durchblättern von Gebetbüchern entstelt.
1125 1085 2531 1138 Was die Mucker und Denunzianten so entrüstet, ist wohl, dass
1110 1146 2523 1194 die verächtlich ironische Menschenkenntnis dieses Buches gai
1118 1190 2529 1242 so amüsant ist. Pornographen sind auch amüsant, also ... Nun,
1119 1235 2536 1290 die Logik erlaubt bekanntlich diesen Schluss nicht, aber die
1119 1279 2542 1335 Sittlichkeit gebietet ihn.. Der Zwiespalt ist nicht neu; neu ist
1121 1330 2531 1386 aber, dass auch Gegnerschaft, die immerhin ein wenig Reputa¬
1117 1374 2534 1434 tion zu verlieren hat, nach dem Staatsanwalte schrie. Jüdische
1113 1435 2538 1484 Geilheit? Warum nicht gar! Solchen Reigen haben alle Rassen
1110 1478 2528 1531 aufzuweisen und gallisch-semititisch ist nur die so ganz leichte,
1112 1528 2526 1585 hingehauchte und dennoch körperliche Art, mit der die Mensch¬
1115 1570 2531 1631 lein lebendig gemacht wurden. Der Deutsche pflegt gar zu
1112 1627 2537 1684 schwer, sachlich, deutlich, gegenständlich zu sein. Wenn andere
1124 1676 2542 1732 auf dünnem Eise einen -Reigene tanzen, so bräche er ein mit
1120 1732 2526 1779 seinen schweren Tritten. Das ist wahrlich kein Tadel: Mit diesen
1121 1771 2527 1833 wuchtigen Schritten ist er auf die höchsten Felsengipfel der
1114 1813 2529 1884 Erkenntnis vorgedrungen. Aber sollte er deshalb unduldsam
1123 1869 2534 1924 sein? Schliesslich: Kunst bleibt Kunst, und Schmach über jedes
1113 1923 2539 1973 nationale Empfinden, das sie zu besudeln gebietet und seine
1107 1965 2537 2032 Sittlichkeit sich von Herrn Bobies schützen lässt! Das ist nicht
1109 2018 2317 2077 deutsch, sondern pfäffisch-polizistenhaft-österreichisch.
1226 2064 2537 2124 Die Verunreiniger deutscher Geistesfreiheit werden bald
1110 2103 2526 2170 Gelegenheit zu erneutem Jammergeschrei haben. Dieser Tage
1111 2158 2530 2216 soll Reigene in München szenisch vorgeführt werden. Eine
1111 2212 2538 2270 künstlerische Nötigung zu dieser Herausforderung liegt nicht
1110 2267 2530 2322 vor: Die Szenen sind nicht für die Bühne gedacht. Nun, das
1121 2307 2520 2367 Gute hat der kecke Versuch immerhin noch grössere Aufmerk¬
1115 2358 2520 2420 sümkeit auf dies zunsittliches Buch zu lenken, das eine der an¬
1107 2408 2522 2468 mutigen und nachdenklichsten Arbeiten eines feinen Künst¬
1116 2459 1284 2523 lers ist.
1902 2542 2135 2650 L
1414 2557 1593 2645 —
1575 2609 1641 2690 4
1663 2642 1817 2743 2
1358 2823 2269 2930 Ein Diebstahl stand bevor.
1584 2907 2064 2997 Von Leonid Andrejew.
1517 2986 2104 3048 Deutsch von Sonja Wermer.
1234 3029 2371 3095 Ein grosser Diebstahl stand bevor, vielleicht auch ein Mord.
1232 3093 2535 3146 Heute Nacht sollte er ausgeführt werden, und es hiess sehnell den
1102 3141 2524 3199 Kameraden aufsuchen und nicht müssig allein zuhause sitzen. Den Einsamen
1105 3195 2519 3256 und Untätigen ängstigt alles, und alles lacht ihn aus mit dumpfem, schaden¬
1107 3239 1406 3302 frohem Lachen.
1227 3280 2528 3339 Es ängstigt ihn eine Maus. Sie kratzt geheimnisvoll unter dem Fuss¬
1105 3334 2530 3393 boden und will nicht schweigen, wenn man auch über ihrem Kopfe mit
1106 3387 2531 3443 dem Stocke klopft, dass es einem selbst bange wird. Für einen Augenblick
1724 3493 1919 3567 — 418 —
