3484 4224
18 1523 55 1577 0
217 83 586 141 auf Grund eines um¬
236 123 590 187 das englisch japanische
231 171 577 246 Japan, England und
203 256 308 345 ung.
207 327 581 409 onderberichterstatters)
212 390 579 450 mittag wiederum zu¬
206 430 585 492 nat mit, daß er für
204 476 581 543 er Schulden der
212 515 583 586 setz wird vom Senat
230 597 582 671 hingioner Kon¬
219 652 587 714 ten Staaten mehr als
204 694 574 761 im Budgetjahre vor¬
220 742 580 797 nden Jahre, aber voch
222 782 580 843 Marinekredit vor dem
220 833 585 886 ten könnten im Falle
221 868 571 923 ung der Marine= und
234 911 591 986 anderen Mächte=cht¬
218 975 570 1056 für 1923 werden mit
218 1039 572 1100 n beziffert, davon für
209 1155 274 1253 .
215 1239 351 1314 6ler.
210 1298 570 1365 as Kritisieren. Man
217 1350 571 1408 ufgewirbelt, so hitzge
213 1393 573 1454 hpparate in Bewegung
219 1438 569 1495 erturteil fällen, ohne
217 1480 566 1541 tisieren heißt in diesem
211 1524 567 1586 ß, nach dem Bühnen¬
233 1567 573 1623 werden: hier ist durch
220 1609 567 1670 er Mücke ein Elefant
257 1655 566 1716 einiger Zeit täglich
220 1696 567 1754 spielbühne aufführen,
219 1740 566 1801 tung des „Reigens“
299 1776 566 1838 Kunstenthusiasten
208 1830 568 1890 twas in einer öffent¬
224 1878 565 1929 en den verschwiegenen
277 1911 572 1986 Das erleben die
227 1980 575 2061 1896/97 schrieb und
220 2045 568 2106 ise unterbreitete, das
242 2089 564 2150 Liebe auf zehn ver¬
221 2121 563 2196 Niveau der Sprecher
224 2176 575 2237 zwischen Angehörigen
218 2221 567 2277 keinerlei Geist oder
209 2263 565 2324 oldat, derselbe Soldat
201 2310 564 2369 n, findet in schlichten,
214 2351 564 2410 uck. Auch im Gespräch
216 2397 557 2456 kein bemerkenswerte
212 2439 559 2497 das Liebeswerben de¬
210 2482 563 2542 Szene nicht unbedingt
253 2524 567 2591 Sinne verfeinerter
208 2573 565 2630 phischer, auf höhere
204 2615 561 2673 chtlichen Zwiegespräch
241 2657 566 2720 ein paar beachtliche
213 2687 559 2759 Sexualethik und was
202 2731 559 2807 nd das süße Mädel
200 2784 557 2846 kr weht uns, eigentlich
212 2831 561 2890 nnten Schnitzlerwelt,
231 2874 558 2937 lässig=weltmännischen
211 2917 566 2981 en Vorstadtlebens an.
235 2962 565 3025 Luft und Schnitzler¬
216 3002 566 3064 t). Sehr hübsch und
212 3045 565 3108 der Dichter (nämlich
217 3095 558 3152 m Empfindungsleben
250 3133 558 3197 denkenden Grisette
216 3170 563 3240 in der Unterhaltung
212 3220 566 3285 rgüsse ihres Partners
212 3261 564 3328 aus dem Phrasen¬
206 3305 557 3369 lich prosaische Lebens¬
219 3357 559 3417 m Grafen, gegenüber
208 3392 564 3459 je letzten Endes auch
244 3441 554 3495 erotischen Absichten
209 3453 563 3544 h nächtlicher alkohol¬
230 3528 563 3604 der ganzen Szenen¬
637 82 1535 139 angetan sei, den Frieden im fernen Osten zu stören.
734 121 1913 205 New-Bork, 6. Dezember. (W.=T.=B.=Funkspruch.) Der Generm¬
636 173 1901 245 sekretär der chinesischen Delegation in Washington, Tiao, zeigte wie „Asso¬
635 230 1912 291 ciated Preß“ meidet, nach Peking telegraphisch den Rücktritt als Mit¬
624 282 1911 356 glied der Delegation als Protest gegen die negativen Ergebnisse
633 337 1579 396 an, die China mit seinen Forderungen bisher erreichte.
1036 431 1503 527 Aus dem Neich.
746 516 1912 589 Berlin, 6. Dezember. (Drahtmeldung.) Laut einer Meldung der
628 566 1909 631 „Deutschen Allg. Zig.“ beschäftigte sich das Reichskabinett gestern
625 613 1838 679 mit den laufenden Angelegenheiten. Die Reparationsfrage
1840 616 1913 675 war
621 656 1203 706 nicht Gegenstand der Beratung,
742 690 1913 761 Wie der „Vorwärts“ mitteilt, tritt am Vormittag in der Reichskanzlei
621 738 1908 803 der interfraktionelle Ausschuß der Koalitionspar¬
622 782 1898 861 teien zusammen, um die politische Lage und die Finanzreformvorschläg
625 822 1145 883 des Reichskabinelts zu beraten.
738 876 1913 940 Berlin, 6. Dezember. (Drahtmeldung.) Gestern begann im Leip¬
621 920 1913 992 ziger Volkshaus der erste Reichsbetriebsrätekongreß für, die
626 963 1894 1025 Metallindustrie. Außer den Regierungsbehörden waren der inter
619 1004 1908 1077 nationale Metallarbeiterverband, die Metallarbeiterverbände Norwegens,
619 1046 1893 1109 Oesterreichs und der Tschechoslowakei, sowie die großindustriellen Unter¬
731 1144 1899 1218 Alle diese Gespräche, ob sie banal oder geistvoll, ernst oder lustig,
626 1191 1894 1259 wort= oder gedankenreich sind, steuern mehr oder weniger direkt auf ein und
618 1241 1900 1300 dasselbe Ziel los: jenen heiklen Punkt, um den sich im letzten Grunde alle
612 1284 1887 1349 Beziehungen zwischen Mann und Frau und, seit der Freigabe des „Reigens
625 1329 1903 1398 für die Bühne, die Meinungskämpfe vieler Berufener und Unberufener drehen.
613 1370 1904 1439 Diese Kämpfe sind, so sehr man ihre Ausartungen bedauern muß, verständlich,
616 1421 1892 1476 wenn man bedenkt, daß der besagte Punkt hier nicht, wie sonst in Liebes¬
615 1456 1907 1523 dramen, als unsichtbares Aktschlußzeichen fungiert, sondern, vom Dichter
619 1510 1897 1570 zu unzweideutigen Gedankenstrichen verlängert, mitten in den Dialog gesetzt
617 1552 1901 1597 wird. Eine solche dichterische Freiheit hat sich vor Schnitzler aller¬
613 1594 1892 1643 dings kein Dramatiker erlaubt, nicht einmal Aristophanes, der
618 1635 1895 1691 doch gewiß nicht prüde war, und die Frage, ob dergleichen
619 1687 1900 1737 auf die Bühne gehört, läßt sich nicht von der Hand weisen.
613 1716 1904 1775 Man braucht kein Pharisäer oder Philister, kein Mucker oder Astlochgucker
611 1773 1895 1821 zu sein, um sie grundsätzlich zu verneinen. Gewisse intime Vorgänge ent¬
624 1814 1903 1870 ziehen sich aus ethischen wie ästthetischen Gründen unter allen Umständen
617 1858 1903 1917 der dramatischen Darstellung, darüber helfen keine beschönigenden Sprich¬
625 1896 1896 1953 worte wie „Dem Reinen ist alles rein“, helfen auch keine Gerichtsurteile
611 1942 1907 2008 hinweg. Nun bekommt man freilich in der Aufführung von diesen stummen
611 1989 1892 2040 Zwischenakten de facto nichts oder nur die z. T. recht zaghaften Prälu¬
609 2035 1895 2088 dien zu sehen, denn da, wo der Dichter die Gedankenstriche einschaltet,
620 2077 1895 2128 schaltet der Regisseur die Lampen aus. Für das Bewußtsein des
617 2122 1901 2180 Zuschauers ändert dieser Notbehelf aber nichts an der Peinlichkeit der
626 2165 1889 2227 Situation, mag auch dem Auge das Schlimmste erspart bleiben. Die
621 2209 1893 2269 Verdunkelung der Bühne erhellt den Tatbestand erst recht und das Ver¬
619 2249 1895 2324 stummen des Gesprächts besagt ebenso deutlich, wie es Worte vermöchten,
610 2305 1747 2357 was man sich bei den Gedankenstrichen im Buch zu denken hat.
724 2338 1903 2411 Als mildernden Umstand könnte man immerhin die künstlerischen
617 2379 1895 2454 Werte des Werks gelten lassen. Sie sind natürlich vorhanden, denn
621 2435 1902 2498 Schnitzler bleibt eben Schnitzler, auch wenn er einmal unter sein Niveau
622 2479 1890 2538 sinkt. Trotzdem muß man auch von diesem Gesichtspunkt sagen: er hat
628 2532 1890 2585 chon Besseres, seiner Würdigeres geschrieben. Gewiß bergen die Zwiege¬
624 2569 1897 2631 präche manches feine und kluge Wort, blitzt hier ein dichterischer Ge¬
618 2614 1893 2671 dankenfunke, dort ein witzig=satirisches Schlaglicht auf. Ein sehr feiner,
618 2652 1893 2715 mit der trüben Unerquislichkeit der ganzen Situation versöhnender Zug
615 2703 1886 2756 z. B., wenn im letzten Bild der Graf bedauert, daß er die Dirne, in
607 2746 1886 2807 deren=Zimmer er sich findet, nicht nur auf die Augen geküßt hat. „Es wäre
615 2786 1885 2843 beinah ein Abenteuer gewesen: Das ist der Schnitzler, den wir kennen
617 2836 1884 2887 und lieben, der gemütvolle zartsinnige Poet und geistreiche Sinnierer.
611 2873 1892 2935 Auch spürt man in der Zeichnung der Personen und ihren charakterologisch
618 2922 1894 2980 aufschlußreichen Wechselbeziehungen zueinander die sicher formende Hand
608 2961 1885 3028 des dramatischen Gestalters. Und die ganze Wortmusik zu diesem Reigen
615 3008 1882 3069 durchzieht jener bekannte Unterton melancholischer Resignation und Genuß¬
609 3047 1885 3117 müdigkeit, der in allen Schnitzlerschen Dichtungen, auch den heiteren, irgend¬
611 3104 1891 3156 wo anklingt und das erotische Leitmotiv des „Reigens“ gelegentlich fast
615 3140 1879 3199 zum Leidmotiv macht. An sich ist diese Schnitzlersche Mischung aus Zynis¬
608 3191 1886 3245 mus und Wehmut, aus Epikuräertum und Lust am Spintisieren überhaupt
609 3233 1879 3290 nicht ohne Reiz. Wir kennen sie aus dem „Anatol“=Zyklus und es scheint
615 3274 1888 3328 daß jenes Anatolien und das Bereich des „Reigens“ eng aneinander
609 3318 1878 3381 grenzen. Hier wie dort malt sich in den mikrokosmischen Bildausschnitten
608 3361 1883 3419 die der Dichter uns zeigt, die große Welt, die dahinter liegt, ab: Wien
619 3407 1879 3464 mit allem, was zu diesem Begriff gehört. Auch der „Reigen“ wird stellen¬
612 3449 1883 3510 weise mit jener spielerisch=müden Grazie getanzt, die Schnitzler so leicht
613 3488 1891 3549 keiner nachmacht und die Musik, die man sich dann dazu wünschte, müßte
604 3539 1891 3601 von Mozart oder Schubert sein. Schade nur, daß die mit infamer Regel¬
598 3586 1889 3663 mäßigkeit einsetzenden „Gedankenstriche“ uns immer wieder mit bruigler
1957 65 3229 140 über den Gglichen Dsei esis chen in denen u. a, auch ein Wahre it
1958 118 3222 184 gehört, das die eutschen fast oöllig lahm legt) zu behaupten, die Deutschen
1955 171 3231 227 genießen völlige Gleichheit, den Deutschen Oberschlesiens sei dieselbe „Gleichbe¬
1949 212 3219 264 rechtigung“ eingeräumt, so kann uns das nur willkommen sein. Unsere
1962 248 3233 307 Vertreter an der Oberschlesienkonserenz können nun
1951 288 3228 353 mit doppeltem Nachdruck darauf hinweisen, wie abso¬
1946 327 3231 399 lut notwendig wirkliche Garantien für die Dürchsüh¬
1947 374 3223 437 rung des Minoritätenschutzes sind und daß nur, Genn
1955 421 3221 485 ein durchgreifender Wandel in Westpreußen und
1959 460 3227 514 Posen endlich einmal eintritt und dessen Dauer ver¬
1955 504 3235 573 bürgt wird, ein Sondergesetz für Oberschlesien sich
1953 544 2595 613 vielleicht erübrigen würde.
2210 625 2969 694 Neue Plünderungen in Berlin.
2053 690 3231 765 R Berlin, 6. Dezember. (Drahtmeldung unserer Berliner Redaktion.)
1945 748 3221 820 In Berlin und in einzelnen Vororten kam es gestern wieder mehr¬
1953 804 3231 871 fach zu Plünderungen. Der Schutzpolizei gelang es, nach schweren
1955 859 3226 911 erfolglosen Bemühungen, endlich etwa 110 Plünderer beiderlei Geschlechts
1955 908 3226 970 festzunehmen. Man befürchtet für heute und die nächsten Tage Wieder¬
1944 955 3224 1021 ##der Plünderungen. Die Schutzpolizei ist daher wieder in erhöhte
1951 1010 3227 1072 Alarmbereitschaft gesetzt worden. Auch vor dem Berliner Rathaus
1955 1058 3219 1117 hatte sich gestern eine große Menge versammelt, die eine Abordnung, die sich
1958 1169 3220 1220 Deutlichkeit an den animalischen Endzweck alles Sehnens und Sinnens er¬
1953 1212 3213 1257 innern und die körperlichen Dinge völlig ihrer geistigen Luftschicht ent¬
1947 1253 3226 1312 kleiden. Einzelne dieser Bildchen würden sich viellecht im Rahmen eines
1947 1302 3220 1356 geschlossenen Dramas recht hübsch ausnehmen. Die ewige Wiederholung
1951 1342 3214 1392 des gleichen Motivs aber wirkt abstoßend und schließlich abstumpfend, er¬
1945 1388 3224 1433 müdend, also auch im höchsten Grade undramatisch. Was nützen einzelne
1951 1434 3222 1491 Lichtblicke wie diese wirklich reizenden Süße=Mädel=Szenen, wenn man
1948 1477 3224 1527 mit ihnen solche Zumutungen in Kauf nehmen muß, wie die ersten Dialoge,
1942 1515 3215 1568 die uns in alltagsplatter, gedankenarmer Sprache die nackte Tatsächlichkeit
1954 1566 3214 1617 animalischer Angelegenheiten vor Augen führen. Ist das wirklich der
1951 1608 3218 1658 Zweck der Bühnenkunst? Ganz gewiß nicht; und Schnitzler ist sich an¬
1953 1653 3220 1707 scheinend auch völlig klar darüber gewesen, denn alles deutet darauf hin,
1954 1698 3213 1757 daß er seine Dialoge ursprünglich gar nicht für die Bühne geschrieben
1944 1741 3212 1788 hatte. Ihn selbst, den Dichter trifft also die Hauptschuld an all' dem über¬
1955 1785 3207 1836 flüssigen Lärm, den er durch die nachträgliche Freigabe des „Reigens
1952 1832 3226 1888 entfesselt hat und der die doch immerhin unter die Kunstwerke rangierende
1940 1875 3216 1928 Dichtung auf die Stufe paradoxerweise unbeanstandeter Nackttänze und
1949 1918 2594 1969 französischer Zotenschwänke herabdrückt.
2053 1958 3221 2022 Wie dem auch sei: die Tatsache der öffentlichen Aufführung auch
1952 2011 3228 2062 in Königsberg liegt einmal vor und wir haben uns mit ihr abzufinden.
1948 2050 3232 2104 Ob Direktor Rosenheim sich lediglich aus künstlerischen Gründen dazu
1940 2095 3217 2153 entschlossen hat, interessiert uns dabei nicht. Begreiflich wär's in dieser
1949 2139 3224 2202 schweren Zeit, wenn auch geschäftliche Motive dabei mitsprechen sollten.
1936 2184 3215 2234 In jedem Falle müssen wir es ihm Dank wissen, daß er alles Erdenk¬
1943 2227 3218 2281 liche aufgeboten hat, um der Vorstellung durch die bekannten Vorsichtsmaß¬
1935 2274 3231 2330 regeln wie durch eine durchaus dezente und vornehm abdämpfende Regie
1938 2313 3222 2373 jeden sensationellen Charakter zu nehmen. Die ganze Reigen=Musik ist
1939 2361 3220 2419 von Regisseur Walleck auf Moll abgestimmt, das Erotische zugunsten
1952 2412 3209 2466 es Künstlerisch=Psychologischen nach Möglichkeit in den Hintergrund ge¬
1937 2447 3216 2504 rückt. Die Verdunkelungspausen, die das Unzeigbare dem Blick entziehen,
1943 2489 3226 2557 sind von einer Kürze, in der nicht Würze, sondern im Gegenteil diskret
1936 2539 3222 2598 verschleiernde Symbolik liegt. Ein fahleres Licht nach den Pausen ver¬
1950 2576 3222 2646 innbildlicht die Ernüchterung, die den männlichen Teil regelmäßig beim
1947 2630 3213 2676 aprés“ überkommt. Stilvolle, kammerspielmäßig eng umrahmte Teil¬
1948 2674 3227 2736 interieurs bilden den Schauplatz der Gespräche. Die sie führten, waren
1948 2714 3227 2769 großenteils an ihrem Platze. Die Dirne — Erna König: keine be¬
1948 2760 3213 2824 onderen Merkmale. Der Soldat — Max Friedrich, erfolgreich be¬
1947 2798 3209 2855 nüht, wienerisch zu schwadronieren. Das Stubenmädchen — Margarete
1933 2848 3222 2902 Holtz=Walleck: durch warmen, innigen Ton das Heikle der Situation
1934 2885 3209 2942 mildernd. Der junge Herr — Wolfgang Langhoff: wie halt so jungs
1938 2929 3219 2998 Herren sind. Die junge Frau — Helene Sauer: liebenswürdig und
1941 2984 3150 3042 elegant, aber mit einem Stiche ins Halbweltlerische. Der Ehegatte
1931 3017 3215 3082 Hans Peppler: treffend den gelangweilt dozierenden Ton der eigenen
1942 3066 3207 3132 Frau und die werbende Liebenswürdigkeit dem süßen Mädel gegenüber
1938 3113 3211 3169 unterscheidend. Das süße Mädel — Mizzi Mößl=Friedrich: mit ihrem
1944 3150 3212 3217 warmem frischen Plauderton ein wirklich süßes Mädel, vielleicht die
1939 3192 3216 3259 beste Leistung des Abends. Der Dichter — Werner Kepich, nett, aber
1939 3246 3226 3301 nicht lyrisch=verschwärmt genug. Die Schauspielerin — Annie Vara:
1941 3279 3143 3345 köstlich ordinär und riesig echt in ihren falschen Tönen. Der Graf
3137 3295 3211 3350 —
1932 3331 3210 3403 Oskar Walleck: in Uniform Kavalier vom' Scheitel bis zur Sohle, in
1938 3369 2799 3428 Zivil schwermütig=philosophierender Anatol=Mensch.
2044 3409 3196 3465 Das Publikum ließ die verschiedenen Pas de deux des „Reigens“
1935 3462 3210 3528 schweigend an sich vorüberziehen und entfernte sich schweigend. Wieder
1934 3506 3206 3576 Mancher, der vielleicht Pikanterien oder Zwischenfälle erwartet hatte, mag
1922 3549 3005 3621 von dieser mechanisierten Massenerotik enttäuscht gewesen sein.
2265 3603 2561 3661 W n
2780 3601 3167 3681 Haus Wynelen
2031 3645 2070 3704 21
2128 3602 2220 3694 n.
2249 3645 2654 3707 B
