3436 4224
1020 172 1434 266 box 18/2
312 174 822 280 11. Reigen
402 1010 1199 1099 Kioie & Seider
439 1109 1177 1187 Bureau für Zeitungsausschnitte
412 1180 1188 1250 Berlin NO. 45, Georgenkirchplatz 21
626 1364 1082 1452 . Börnen-Conrie
394 1421 630 1501 Zeitung:
397 1529 582 1596 Ort: —
400 1587 1247 1711 Datum: —1-A-DEI
516 1809 1373 1930 Theater und Musis
556 1924 1415 1979 Professor Brunner im Hörsaal. Professor
497 1969 1416 2018 Bruc##t hatte einen Vortrag über „Kunst und Sitte
495 2008 1426 2059 lichtert“ angekündigt. Er hielt einen über den
507 2048 1414 2095 „Reigen“=Prozeß. Im Hörsaal 51 der Universität,
507 2083 1148 2129 auf" Einladung des Euckenbundes.
1154 2083 1413 2146 Prof. Brunner
502 2126 1412 2181 wiederholte sein sachverständiges Urteil aus dem
502 2167 1412 2215 „Reigen“=Prozeß, vervollständigte es, las Briefe vor,
498 2209 1419 2258 die ihn als Martyrer und Helden feiern. Rudolf
506 2244 1413 2302 Eucken, Max Koch, Max Wundt stimmen nicht
500 2291 1418 2343 nur mit Brunner überein, sie sind sogar von ihm
498 2327 1415 2382 entzückt. Sie teilen ihr Entzücken mit vielen ein¬
494 2368 1414 2424 fachen Briefschreibern. So zum Beispiel mit einer
504 2414 1414 2466 „Beamtenfrau fünfter Rangklasse“, die sich in ihrem
493 2449 1417 2494 Brief an Brunner selbst als solche bezeichnet und
499 2487 1415 2542 ihrer Ueberzeugung Luft macht, daß sie trotz Revo¬
502 2530 1411 2588 lution und 9. November „gesellschaftliche Unter¬
505 2578 1411 2628 chiede“ gelten läßt. Infolgedessen entschuldigt sie
495 2616 1413 2662 sich erst bei Prof. Brunner, daß sie ihm überhaupt
494 2660 1407 2708 einen Brief zu schreiben wage. Zum Schluß weist
492 2693 1415 2752 sie auf ein Theaterstück in einem Berliner
483 2734 1411 2789 Theater hin — Brunner nannte es nicht — und
493 2771 1414 2826 wünscht, daß es anders gespielt werde. Sie über¬
494 2820 1413 2869 brückt damit gewissermaßen alle Klassenunterschiede
499 2866 1406 2918 und beweist, daß das Anstoßnehmen kein Vorrecht
488 2899 1415 2956 der Profestoren ist. Brunner läßt nächstens eine
485 2940 1406 2990 Broschüre mit all diesen Zuschriften erscheinen. Der
498 2982 1414 3039 Euckenbund vergaß nicht, durch seinen Vorsitzenden
487 3018 1414 3077 auf Brunners Zeitschrift: „Die Hochwacht“ hinzu¬
489 3062 1403 3119 weisen und zum Eintritt in den Euckenbund — dem
494 3101 1411 3154 Brunner selbst angehört — einzuladen. Prof.
481 3140 1413 3195 Brunner sagte u. a., der „Reigen“ — wie man ihn
490 3187 867 3240 auch beurteilen möge
876 3194 1413 3243 — sei keine Kunst, nach der
494 3223 1405 3279 sich gerade das Volk sehne. Im übrigen nahm er
540 3271 1402 3314 als nhänger des Eros — Schnitzler die
489 3303 1415 3365 leichtfertige Behandlung der geschlechtlichen
488 3345 1409 3405 Probleme übel, nicht etwa die Behandlung überhaupt.
483 3385 1408 3443 Die Anwesenden waren begeistert, Euckenbund und
480 3426 1411 3482 Brunnerfreunde sammeln sich zu Kampf und Sieg,
476 3464 1398 3526 Brunner steht da als der Retter aller Teile des
486 3506 1406 3583 deutschen Volkes — von Eucken bis zu jener „Be¬
482 3545 1148 3623 amtenfrau fünfter Rangklasse“. Heil!
1263 3560 1365 3621 r-th.
1712 634 2502 728 Kioie & Seidel
1744 724 2486 798 Bureau für Zeitungsausschnitte
1719 794 2497 877 Berlin IIO. 45, Georgenkirchplatz 21!
2250 939 2566 1043 Seen
1700 1032 1877 1111 Zeitung:
2081 1083 2359 1171 Greslau
2411 1156 2535 1213 —
1691 1131 1926 1210 Ort: —
1699 1234 2120 1325 Datum: 4—
1980 1268 2366 1366 . OELI9Z
2213 1503 2661 1602 Berliner Theater.
1878 1578 3067 1641 Es ist ein wenig still geworden im Berliner Theaterleben, so
1810 1631 3069 1692 still, wie etwa bei einem Mittagessen, wenn der erste Gang herum¬
1797 1676 3060 1733 gereicht ist, und sich jeder vorläufig einmal mit seinem gefüllten
1811 1729 3062 1774 Teller beschäftigt. Nicht als ob alle Theaterdirektoren vor einer
1805 1765 3062 1815 vollen Schüssel sitzen, aber die unzähligen Fremden und Aus¬
1807 1803 3069 1858 länder süllten die meisten Theater, mögen sie auch die abgespieltesten
1797 1846 3064 1911 Pariser Ehebruchschwänke geben, so, daß Neuaufführungen nicht
1803 1888 3075 1948 gerade häufig sind. Das aufregendste Theaterereignis der bis¬
1808 1926 3061 1993 herigen Spielzeit spielte sich eigentlich nicht auf der Szene, sondern
1804 1976 3064 2051 vor dem Tribunal ab, ich meine den Reigenprozeß. über ihn
1809 2029 3071 2085 noch zu sprechen, hieße Russen nach Berrin bringen, aber ein grund¬
1803 2060 3071 2133 sätzliches Wort zur Sache sei mir in wenigen Zeilen doch noch
1813 2116 3069 2169 gestattet. Daß die Künstler und wir Kunstkritiker in der über¬
1808 2150 3059 2209 wiegenden Mehrzahl auf unserem Arbeitsgebiet gegen tlich¬
1809 2202 3002 2252 keitsschnüffeleien jeder Art sind, ist erklärlich. Aber es
1812 2245 3074 2297 fulsche Einstellung der Prozeßführung: Sachverständige nur aus
1804 2289 3075 2345 unseren Kreisen zu wählen; denn für eine Mutter, die ahnungs¬
1809 2333 3064 2385 kos mit ihren jungen Töchtern oder Söhnen eine solche Vor¬
1811 2377 3059 2429 siellung besucht, ist sie die Sachverständige, die von der Sache, um
1805 2419 3061 2469 die es sich wirklich handelt, um die sich hier alles dreht und von
1814 2467 3058 2512 deren Einwirkung auf die jungen Seelen mehr versteht als jeder
1811 2503 3063 2554 Kritikus und vor allem eine größere Verantwortung trägt. Oder
1813 2547 3061 2599 per füllt denn den Zuschaueeraum bei einer Serie von hundert
1811 2587 3055 2636 lbenden? Wo bleiben du die paar „Kunstverständigen!“ Und diese
1807 2624 3066 2685 Kunstverständigen — ich glaube auch zu ihnen zu gehören — und
1802 2683 3060 2730 erwarte von ihnen mindestens ein Augurenlächeln, wenn sie be¬
1816 2717 3061 2780 saupten, „Der Reigen“ sei ein „großes Kunstwerk“. Ins Ohr
1805 2755 3063 2824 gesagt: er gehört zum; Schwächsten, was der altwerdende Schnitzler
1804 2818 3071 2874 geschrieben hat, er weiß, das selber. Beweis steht zu Diensten.
1805 2854 2395 2910 Mehr zu sagen, wäre weniger.
1890 2880 3067 2952 über die Moskauer Künstler ist diesmal nicht viel zu
1808 2937 3067 2989 sagen. Das Fehlen Stanislawskis macht sich für den, der seinen
1809 2980 3061 3036 Siegeszug 1910 hier erlebt hat, doch recht fühlbar, namentlich bei
1797 3022 3056 3078 Tschechows „Onkel Wanja und die Schwestern". Wie groß aber
1805 3076 3068 3124 auch in diesem Bruchteil des ehemaligen Künstlertheaters noch die
1812 3109 3059 3168 Zahl tüchtiger Kräfte ist, wurden wir bei Aufführung des Ostrows¬
1800 3156 3070 3214 lhichen Lustspiels „Jede Weisheit hat einen Haken“ gewahr. Das
1806 3212 3067 3256 gänzlich veraltete und für unseren Geschmack kaum noch erträgliche
1811 3242 3059 3297 Stück bietet eine große Zahl komischer Kleinbürgergestalten und
1812 3288 3067 3345 jede einzelne dieser Typen wurde von den Russen in sich vollendet
1803 3335 3061 3383 mit unbeschreiblicher Komik — wenn auch hier und da stark
1811 3378 3060 3425 karitiert — dargestellt. Ohne ihre Kräfte überschätzen zu wollen
1819 3420 3060 3476 (wir haben ebenso gute und einzelne bessere Darsteller) muß ich doch
1807 3458 3055 3517 gostehen, daß ich kein Theater in Berlin wüßte, welches eine solche
1808 3509 3061 3566 Minige urkomischer Figuren, jede in sich charakteristisch heraus¬
1811 3559 3069 3607 gearbeitet, in geschlossenem Zusammenspiel aufweisen könnte. Es
1812 3602 3070 3651 kommt freilich hinzu, daß die Russen sich lange auf diese Typen
1808 3634 3073 3696 eingespielt haben, es sind die ihrer Heimat, ihrer alten Komödie.
3113 1466 3342 1524 Aber es war
3107 1512 3336 1572 spieler, von
3109 1553 3333 1613 einprägsame
3107 1598 3341 1655 man bewund
3104 1640 3312 1698 Charaktere
3116 1686 3335 1743 noch so per
3108 1729 3336 1784 hörten unve
3105 1771 3329 1826 dingt, einer
3111 1817 3336 1869 einzelnen D
3105 1859 3342 1917 scheidensten
3114 1900 3345 1960 der Berliner
3118 1946 3342 2004 Ganzheit e
3116 1986 3339 2049 Freilich, die
3117 2032 3310 2095 nicht burnt
3108 2075 3343 2133 durch den en
3111 2119 3341 2172 gaben, verdo
3116 2160 3342 2218 Meistbietend
3101 2206 3341 2260 Reinhardt, i
3107 2249 3348 2308 eins: ihre K
3103 2293 3341 2348 sie zu gemein
3184 2334 3325 2390 So sind
3116 2373 3358 2437 triebenen ihr
3114 2419 3351 2476 in ihrer Ku
3106 2439 3383 2532 das aus der
3108 2503 3384 2568 lebt und von
3109 2545 3348 2608 ein genißre
3103 2595 3328 2651 den Vorzug
3110 2638 3302 2694 stehen ...
3103 2676 3350 2736 zu begrüßen
3116 2721 3346 2779 im Massena
3119 2766 3345 2835 edlen Vertre
3184 2811 3342 2872 Von Ne
3110 2852 3355 2912 melden. M
3107 2895 3343 2950 diese Bezeich
3115 2938 3349 2994 Kurfürstende
3114 2980 3356 3041 spraht. Wer
3100 3024 3345 3083 Hofmann
3108 3070 3342 3127 Theaters an
3105 3114 3296 3175 reichischen
3109 3157 3350 3213 an erschöpft
3103 3201 3336 3257 wenig leidet
3109 3241 3341 3301 „Held“, Erla
3108 3281 3344 3343 Lebensaufga
3118 3330 3343 3389 machen. Di
3109 3374 3341 3429 gäbe es übr
3108 3416 3342 3476 vor zwei Au
3102 3456 3313 3515 durch ein
3115 3494 3354 3559 stimmen. N
3114 3546 3341 3601 dazu, sich au
3104 3590 3345 3648 giebigkeit un
3107 3632 3321 3698 anders hin,
