3532 4256
1102 180 1507 266 box 18/3
393 176 912 275 11. Reigen
490 1320 1410 1403 „Reigen“ in den Kammerspielen.
556 1410 1412 1461 Der junge Schnitzter schrieb zehn Dialoge aus
500 1442 1418 1496 allerlei Gassen=Mansarden= und Bourgeisliebe her¬
506 1487 1412 1537 aus. Nannte sie, weil sie einer lose verbundenen
1361 1527 1418 1572 ge¬
500 1524 1349 1581 Kette gleichen: Reigen. Es sind erotisch stark
1360 1565 1419 1612 hin
501 1565 1339 1614 würzte kurze Feuilletons, leise zum Lustspiel
1369 1602 1416 1654 In
500 1604 1323 1665 geschürzt, sozusagen: Boccaccio auf der Bühne.
1326 1639 1419 1688 Hand
505 1645 1305 1695 all der reizenden Frechheit blättert eine nervose
1326 1680 1410 1728 Feine
495 1695 1297 1730 hier ein elegisches Blatt nach dem andern um.
496 1723 1416 1777 Erkenntnisse, Bekenntnisse bergen sich scheu hinter
499 1757 1418 1814 den offenherzigsten Frivolitäten. Das geistige Spiel
499 1802 1415 1856 graziöser Dialoge entwaffnet die Lüsternheit mancher
495 1839 1412 1890 Situation, die so wie sie ist nur an der Donau gedacht
500 1879 1421 1931 nur in der weichen Wiener Atmosphäre geschrieben wer¬
494 1928 1414 1968 den konnte. Man glaubt diese zehn samos perlenden
1351 1958 1417 2004 ge¬
495 1957 1350 2010 Abenteuerchen alle einzeln einmal als Lustsviele
502 1994 1414 2053 sehen zu haben, so typisch sind sie für den Einzelfall.
1366 2033 1423 2079 und
500 2041 1343 2096 Es entsteht so ein Balzac in Taschenbuchformat
1356 2075 1427 2118 Ein
493 2076 1322 2130 mit Parfüm zwischen den seidedünnen Blättern.
505 2115 1423 2173 Wiener Mensch mit weichem Velourshut über träu¬
503 2164 1361 2205 mend=klugen Augen: Arthur Schnitzler, schrieb es:
502 2179 1413 2244 ein Wiener, den es immerdar gelüstete nach kulti
502 2228 1414 2285 viertem Europäertum, das sehr viel weiß, liebt, kennt
503 2275 1421 2322 aber mit jenem Allzuviel an bummelig=österreichischer
496 2310 1421 2367 Wehmut dem Geist der südlichen Metropole nie ganz
506 2353 1428 2402 entrinnt. Nicht daß Schnitzler, betrachtet man sein
491 2383 1420 2438 ganzes Werk, Problemen auswiche, nein; aber er
500 2420 1428 2481 hält Nüancen, Gedanken, Sarkasmen, Erkenntnisse oft
496 2464 1427 2522 gar lange in der warmen Hand, bis der frische Strauß
501 2506 1426 2556 ansängt, welk zu werden, der Duft sich schwer um die
1345 2541 1420 2592 Ver¬
500 2547 1286 2592 Sinne legt. Und Elegie bleibt. Müdigkeit.
507 2590 1369 2633 chwingende Schwermut selbst im Taumel: Wien.
552 2617 1427 2674 Der „Reigen“ ist alt. Schnitzler hat seine Auf¬
500 2663 1419 2710 führung nie gewollt. Bis in jüngste Zeit. Das ver¬
502 2695 1425 2745 sinkende Oesterreich braucht Geld, und nicht zuletzt
1355 2750 1393 2782 „
504 2739 1353 2785 seine Dichter verarmen. Da versteht man
1233 2766 1422 2821 Aufführung
636 2778 1180 2832 mit Unrecht wurde die
499 2781 614 2831 Doch
1378 2815 1434 2856 zu
497 2808 1309 2870 in Berlin, am „Kleinen Schauspielhaus
499 2860 1424 2904 einem, allerdings schnell wieder eingeschlase¬
498 2888 1427 2941 nen Skandal gebauscht. Ein kleines er#tisches Feuer
493 2931 1419 2990 — und dieser Qualm drum herum! Noch kleinere
751 2983 1428 3175 CWE
1463 1267 2384 1312 Bühnen bringen Schlimmeres, Schmutzigeres, auch
1453 1304 2378 1354 größere Institute spritzen Wiener und Berliner Zwei¬
1460 1342 2383 1390 deutigkeiten, Schleimdeutigkeiten aus, und kein
1469 1381 2386 1427 Mensch macht dagegen Radau. Was anständig wäre.
1468 1423 2377 1469 Tuts ein Keitiker einmal, wissen die Theater gar oft
1469 1459 2385 1511 hübsche Mittelchen, dem schreibenden Pechvogel die
1465 1500 2376 1545 dünne Stange, von der er piepsen darf, abzusägen.
1550 1540 2380 1591 Schnitzlers Dialoge können heute keinem Back¬
1462 1578 2383 1630 fisch mehr ein Erröten anheizen, sie sind welt= und
1464 1618 2382 1665 weibkennerisch genug, sind, wenn dezent gegeben,
1463 1656 2383 1708 reinliche Blicke von höherer Warte über Dinge, die
1471 1704 2378 1748 immer spielen. Also nie unmoralisch. Was sich von
1470 1736 1714 1796 selbst versteht.
1517 1779 2385 1833 Wir sahen beide Aufführungen an den Kammer¬
1468 1821 2382 1871 spielen: die erste am Silvesterabend, die zweite am
1475 1863 2378 1915 Sonnabend, und fanden, daß diese ein sehr, sehr
1461 1900 2376 1945 matter Abklatsch der ersten war. Wieviel liebe Laune
1466 1946 2373 1988 schäumte am letzten Jahrestag aus jedem der zehr
1465 1975 2386 2030 literarischen Sektgläser, die am Sonnabend noch ein¬
1464 2016 2380 2064 mal, halb schal, halb leer, vorbeigetragen wurden!
1461 2052 2388 2102 Lag es am Publikum? Spürten die zu Silvester
1463 2094 2379 2147 geladenen Gäste liebenolleren Kontakt mit der Bühne
1462 2137 2387 2189 und gaben den die Schauspieler dankbarer zurück
1462 2176 2378 2222 als die wohl sensationslüsterne Neugier der Gäst¬
1470 2213 2375 2265 des zweiten Abends es verdient hätte? Jedenfalle
1476 2252 2379 2302 halten wir uns in der Kritik an die erste Aufführung:
1464 2294 2385 2337 als verschmitzt=erotische Absicht ging vor jedem Bild
2301 2328 2380 2374 Aus¬
1470 2338 2290 2379 in schmaler Spalt auf, der sich zu kreisrundem
2309 2368 2377 2418 (vor
1469 2369 2291 2418 schnitt erweiterte. Fast jedes der Bühnenbilder
2306 2411 2379 2456 zwar
1475 2414 2282 2457 Johannes Schröder) trug, völlig unsklavisch,
1470 2444 2388 2497 Lendecke=Stil, Lendecke=Lichter, die leise nach Bieder¬
1466 2500 2382 2538 meier hinüberhuschten. Viel Kultur. Viel Falten¬
1471 2526 2381 2574 rauch in den Vorhängen, gedämpft, intim. — Das
1475 2564 2384 2615 Spiel: Anni Mewes, ganz einfach, lieb, glücklich
1475 2611 2387 2653 und auf weibhaft echte Art früh verlogen, gab das
1471 2652 2378 2697 „süße Mädel“ mit jener Anmut, die im Leib stecken
1467 2683 2379 2730 und nie ihm von außen aufgeputzt werden kann
1464 2721 2381 2776 Das grobe Mannsweib, mit dem Centa Bré die
1477 2759 2389 2815 Schauspielerin“ begabte, war auf ihre Art ebenso
1470 2800 2381 2854 echt, eine reise Leistung von robuster Sicherheit und
1468 2834 2396 2891 allerhand Selbstverleugnung. Mirjam Horwitz
1469 2874 2393 2926 war daneben als „junge Frau“ pikanter, doch ein
1470 2912 2382 2972 bißchen scheu. Die Rolle verträgt schärferen Eingriff.
1903 3059 2262 3178 WWU
2421 1268 3349 1311 Als ihren Gegenspieler hätte ich hier allerdings lieber
2432 1308 3339 1363 Erich Ziegel gesehen. Paul Marx vermochte
2433 1348 3346 1394 icht den rechten Mitschwung aufzubringen. Franz
2423 1386 3348 1429 Sondinger als „junger Herr übertrieb meines
2423 1421 3348 1468 Erachtens die Wiener Nervosität dieser Rolle etwas.
2427 1461 3340 1513 Else Kündiger als Dirne war im ersten Bild
2420 1507 3358 1549 von grausam kalter Echtheit, im letzten milder ver¬
2428 1539 3344 1593 söhnender. Olga v. Mahr ist in diesem Enfemble
2426 1584 3346 1633 noch nicht recht zur Reife gediehen, Arthur Beder
2429 1617 3351 1665 als Soldat war recht festhändig, doch schürfte er die
2421 1661 3346 1712 Rolle nur in dieser Richtung aus. Der Graf Woif
2427 1697 3339 1744 Benekendorffs hätte ruhig präziser zur Gro¬
2423 1731 3350 1792 teske hinneigen dürfen. Walter Gynt gab einen
2422 1769 3340 1823 nach meinem Empfinden toohl allzu weichen jungen
2432 1815 3031 1861 Dichter, doch 's ist halt Wien..
2481 1845 3353 1904 Und Wiener Walzer schwangen in den Pausen
2437 1898 3350 1938 ich von Spiel zu Spiel. Bei bester Laune des
2433 1935 3350 1984 Publikums war der Beifall groß Am zweiten Abend
2430 1974 3290 2027 konnten Hunderte keine Karten mehr bekommen.
3195 2012 3313 2080 L. B.
2484 2110 3348 2188 Altonaer Stadttheater. Die Reise in die Mädchen¬
2430 2169 3356 2226 zeit. Lustspiel von Alex Engel und Hans Saßmann.
2433 2219 3343 2266 Gewöhnlich spricht man von einer Tragödis der un¬
2429 2258 3349 2310 verstandenen Frau. Die boden Verfasser aher haben
2431 2291 3343 2348 eine lustige Komödie aus diesem Stoff gemacht
2436 2332 3353 2379 Gleich drei Ehepaare auf einmal werden uns vorge¬
2436 2365 3355 2424 führt, in denen die Ehefrauen sich unverstanden und
2434 2407 3349 2456 ungewürdigt fühlen, darin zwei, die erst seit acht
2431 2447 3349 2493 Monate verheiratet sind, wäbrend im dritten Falle
2436 2491 3355 2537 das Unverstandensein schon siebenundzwanzig Jahre
2428 2531 3348 2572 mit Gleichmut und Anstand ertragen wird. Ein
2429 2564 3357 2611 dunkler seelischer Erdenrest bleibt aber noch übrig in
2430 2596 3348 2652 den drei Ehen, der nicht aufgehellt wird. Denn man
2433 2635 3349 2689 erwartet brennend von Akt zu Akt eine Aufklärung
2435 2677 3344 2724 über die tieferen Ursachen der gegenseitigen Mißver
2442 2719 3348 2770 tändnisse. Aber jede bestimmte Erörterung darüber
2426 2754 3345 2804 wird von den Versassern sorgfältig im Keime erstickt
2438 2794 3354 2845 Durch diesen Kunstgriff gelingt es ihnen, die Er¬
2431 2836 3350 2889 wartung des Zuschauers b's zum Schluß in Span¬
2433 2868 3352 2923 nung zu erhalten. Der fallende Vorhana schneidet alle
2433 2886 3385 2967 weiteren Fragen ab. Mit echt wienerischer Leichtig¬
2357 3047 2503 3165 —
