3444 4448
1020 163 1442 253 box 17/5
324 167 838 263 11. Reigen
715 2730 1520 2885 Theater und Kunst.
837 2894 1402 2992 Hinter den Kulissen.
1412 2953 1710 3041 pilanteste Komödse
627 2972 1359 3054 „Reigen“ und seiner Geschichte. — Schnitzle
507 2989 603 3057 (Vom
667 2994 1621 3087 Republikanische Zeufur. — Ein Läffspielsichter gesucht.)
624 3072 1710 3151 Man sollte es eigentlich nicht für möglich halten, daß
515 3122 1716 3208 heute noch gute Theaterstücke gibt, die aus irgendeinem Grunde
509 3180 1702 3245 nicht gespielt werden. Ebenso, wie man an die verkannten Gemtes
507 3222 1711 3287 an die verkommenen Dichter nicht mehr glaubt, die ihre mitleid
507 3278 1710 3340 lose Welt am Hungertuch nagen läßt. Von den über schiecht
609 3334 839 3384 ATA
603 3375 1595 3418 Geschlissene Federn, Halbflaumen und Daunen, nür echt böhmischer Herkunft,
1278 3400 1592 3434 Tuchenten, Pölstei und
600 3416 1265 3445 bis zur feinsten Qualität. Auch fertige Betten
1187 3426 1583 3482 Preisliste grates und franko.
595 3441 1190 3490 Plumeaux) in verschiedenen Gattungen.
588 3461 1587 3528 Erste böhmische Bettfedernniederlagen Adoif Gaus,
587 3511 1480 3586 Zenirale: Wien, XVII., Ottakringerstraße 48.
587 3573 1466 3630 Filialen: I., Tuchlauben 7a (Tuchlaubenhof),
777 3624 1434 3678 III., Lauvstraßer Hauptstraße 88.
774 3667 1237 3738 VI., Amerlingstraße 8,
1701 125 2920 196 „Reigen“ in der Reiserasche nach Berlin zurückfahren, dör 19
1705 184 2923 238 noch vor Weihnachten die Premiere sein. Mit einigen Wiener
1706 219 2920 289 Schauspielern in den Hauptrollen. Edthofer, Ettlinger, der junge
1707 263 2920 335 Thimig sollen unter anderen mitwirken. Für Wien hält sich
1703 312 2919 384 Schnitzler noch Bedenkzeit. Die Direktoren bestürmen ihn wegen
1701 360 2917 423 des Stückes, aber er hat sich bisher für keine Bühne entschieden.
1712 405 2925 478 Schnitzler hat förmlich Angst vor dem großen „Reigen"=Erfolg.
1705 453 2913 521 Er schätzt den „Reigen“ als eine liehe Jugendspielerei, aber es ver¬
1706 498 2930 577 drießt des Dichters Herz, daß der „Einsame Weg“ fünf-, sechs¬
1701 549 2928 630 mal in einer Saison und der „Reigen“ vielleicht zweihundertmal
1697 612 2073 680 gespielt werden soll.
1811 625 2930 710 Und was wird die Zensur zum „Reigen“ sagen? Es gibt
1701 685 2929 767 nämlich noch immer oder schon wieder eine Zenfur, obgleich es
1708 742 2927 812 immer hieß, so etwas brauche man in einer freien Republik nicht.
1702 786 2936 862 Trotzvem ist die Zenfar in manchen Dingen für die Oessentlichteit
1702 835 2927 902 von nicht zu unterschätzendem Wert. Denn unsere Zensur hat sich
1704 874 2920 953 den Zeitverhältnissen angepaßt. Sie ist nicht mehr so unnachsicht¬
1694 924 2934 1003 lich strenge wie vor Jahren, als sie in Wedekinds „Kammer¬
1707 971 2933 1051 sänger“ noch das k. k. vor dem Kammersänger strich, weil dieser
1704 1020 2933 1105 Tenor doch Dinge tat und sprach, die ein k. k. Mensch nicht tun
1715 1068 2923 1150 und sprechen darf. Als man in der Josefstadt unlängst wieder das
1705 1118 2931 1205 Zensurexemplar des „Kammersängers“ hervorholte, mußte man
1714 1174 2924 1245 über die kindliche Aengstlichkeit des Zensors von damals lächeln.
1706 1212 2931 1296 Heute ist das anders. So kam es, daß neulich, als in einem
1706 1262 2923 1349 Wiener Theater ein Stück gespielt wurde, dessen letzter Akt in
1714 1313 2925 1388 einem öffentlichen Haus vor sich geht, nicht der Zensor rot wurde,
1712 1380 2106 1440 sondern der Direktor.
1832 1397 2925 1487 Die Zensur von heute wird also gegen Schnitzlers „Reigen“
1713 1451 2934 1530 sicherlich nichts einzuwenden haben, weil sie ja weiß, daß es sich
1713 1501 2929 1579 bei Schnitzler um ein künstlerisches Werk und nicht um speku¬
1708 1541 2939 1625 lative Absichten handelt. Es ist die Frage, die eine taktvolle
1715 1594 2938 1679 Regie zu beantworten haben wird, wie die Gedankenstriche, die
1708 1640 2934 1728 in jeder einzelnen der „Reigen“=Szenen stehen, in Bühnenwirk¬
1721 1692 2937 1770 lichkeit umzusetzen sind. Man erinnert sich ja der heiklen Situation,
1720 1742 2948 1818 in der sich im „Reigen“ Mann und Frau jeweilig befinden. Im
1716 1783 2940 1862 Buch, das ja eine Bühnenaufführung nie in Betracht zog, ist die
1724 1834 2941 1918 Pause, in der der Dichter schweigt, durch eine Linie Gedanken¬
1713 1893 2947 1971 striche ausgedrückt. In Petersburg, wo der „Reigen“ nach dem
1731 1938 2947 2010 Kriege zum erstenmal — ohne Erlaubnis des Dichters — gespielt
1731 1977 2949 2060 wurde, hat man diesen immerhin gefährlichen Moment durch Ver¬
1721 2019 2944 2096 dunklung der Szene angedeutet. Man wird ja sehen, wie das
1719 2075 2941 2165 Hubert Reusch, der das Werk in Berlin inszeniert, machen
1737 2150 1823 2216 wird
1842 2142 2951 2257 Neue gute Stücke, von deuen man hohe Aufführungszahlen
1732 2220 2949 2294 erwarten könnte, gibt es wenig. Viel große Literatur expressioni¬
1729 2267 2938 2345 stischer Richtung, dann derb realistisches Theater, doch das gute
1736 2318 2944 2394 witzige Lustspiel gelingt niemandem. Obgleich viele versuchen, es
1736 2375 2949 2443 zu schreiben. Da ist ein Wiener Schriftsieller erster Qualität, von
1717 2415 2954 2485 dem alle Leute seit Jahren behaupten, er wäre der Mann, das
1724 2461 2957 2546 Lustspiel, das Lustspiel par excellence zu schreiben. Begegnete
1739 2506 2953 2586 ihm neulich ein Theaterdirektor und fragte: „Ja, lieber Doktor,
1728 2552 2948 2632 was ist denn eigentlich mit Ihrem Lustspiel? Ist der erste Akt
1729 2604 2949 2695 endlich fertig?“ Worauf der Autor: „Von meinem Lustspiel existiert
1722 2668 2136 2748 ur ein — Vorschuß.“
1842 2716 2961 2791 Im übrigen hat neulich auch der Direktor eines Operetten¬
1732 2764 2961 2829 theaters Grund gehabt, einen Librettisten an die Erfüllung eines
1736 2802 2953 2874 noch nicht abgelieferten Werkes zu mahnen. Direktor Erich Müller
2370 2848 2964 2922 schrieb also an den Librettisten
1784 2864 2242 2932 um ihn handelt es sich
1748 2911 2965 2973 einen Erinnerungsbrief. Der Libreitist erwiderte prompt: „Lieber
1750 2955 2968 3038 Herr Direktor, ich habe bestimmt nicht vergessen, vorläufig nicht
1740 2998 2968 3081 in Arbeitsstimmung und schließlich liegt die Premiere noch in
1744 3058 2971 3122 weiter Ferne. Ich bin wie ein Schlachtroß, das erst steigt, wenn
1751 3106 2168 3187 die Trompete erklingt.
1851 3135 2969 3221 Direktor Müller antwortete mit zwei Zeilen: „Lieber
1746 3195 2966 3284 Freund! Soweit ich mich erinnere, habe ich mit einem Librettisten
1761 3247 2894 3337 #nd nicht mit, einem Schlachtroß einen Vertrag abgeschlossen.“
1885 3520 2130 3612 0.
1735 3548 1792 3633 V
1683 3640 2911 3722 Telephone: 17359, 31599, 7546, 16521, 84454.
