3444 4352
1008 151 1423 235 box 17/6
305 158 813 251 11. Reigen
650 448 1159 520 Seite 2 Wien, Sametag
596 540 1570 598 die Kammerspiele geht, braucht, wofern er
608 597 1561 653 ein erwachsener, reifer, ethisch gefestigter Mensch
609 641 1567 711 ist, nichts zu befürchten; und die es nicht
610 671 1558 747 sind, können ohnehin nicht mehr „verdorhen“
598 733 1433 803 werden. In zahlreichen Theatern
1440 749 1485 783 8030
1492 738 1569 802 und
602 778 1564 848 Vergnügungslokalen wurden und werden Stücke,
599 833 1568 898 Sketches und Dialoge aufgeführt, Lieder
603 888 1563 945 gesungen und Tänze getanzt, die, ganz frei
610 936 1565 993 von jeder Art literarischen Beigeschmacks,
606 982 1460 1034 eine weit wirksamere Spekulation auf
1505 985 1564 1042 die
612 1016 1564 1090 Sinnlichkeit sind, als der hervorragende Dichter,
606 1075 1558 1136 der den „Reigen“ schrieb, sie beabsichtigte
614 1125 1558 1175 Die Polizei oder die Direktion der Kammerspiele
614 1174 1559 1231 hätte den Besuch der „Reigen“=Aufführungen durch
604 1217 1563 1278 Jugendliche, wie es bei den Kinodarbietungen
609 1272 1561 1329 geschieht, untersagen können, das wäre eine aus¬
605 1318 1570 1365 reichende Maßregel zum Schutz der Sittlichkeit
609 1364 1562 1427 gewesen; das Verbot nach erfolgter Frei¬
611 1414 1568 1473 gabe und etlichen Aufführungen des Stückes
602 1456 1561 1518 ist eine echt österreichische Halbheit und Un¬
603 1505 875 1582 geschicklichkeit.
705 1544 1570 1623 „Das soll beileibe keine Apologie des
606 1604 1558 1659 „Reigen“ als Theaterstückes und kein Beweis
602 1653 1559 1725 dafür sein, daß etwa künstlerische oder literarische
601 1695 1558 1758 Gründe die Aufführung dieser Dialoge recht¬
608 1752 1566 1811 fertigen oder anraten; es soll nur erklären, wie
600 1798 1563 1855 es kommen konnte, daß anständige, sittlich sicher¬
600 1845 1561 1902 lich höchst einwandfreie, literarisch nicht hyper¬
612 1894 1575 1947 moderne und politisch durchaus nicht radikale
602 1947 1568 2002 Persönlichkeiten, wie die drei Mitglieder des
607 1994 1568 2052 Zensurbetrates, die den „Reigen“ freigaben, in
608 2040 1501 2101 dessen Aufführung keine Gefahr erblickten.
1497 2024 1575 2100 Da
608 2090 1572 2150 das Stück aber von der einen Instanz einmal
613 2181 1469 2243 Parteigründe maßgebend sein, daß es von
1484 2187 1571 2244 einer
1478 2233 1573 2294 nicht
612 2229 1449 2302 anderen, und, wie behauptet wird,
604 2277 1435 2345 kompetenten Instanz verboten wurde,
1476 2282 1560 2342 schon
616 2317 1568 2387 deshalb nicht, weil Verfassungskonflikte in diesen
611 2377 1570 2439 Tagen mehr als je vermieden werden müssen
607 2430 1575 2487 und weil wir uns mit der Aufrollung solcher
612 2475 1567 2529 Angelegenheiten just in diesen kritischesten
612 2521 1575 2576 Stunden unseres Staates vor der ganzen Welt
1446 2571 1567 2628 des
614 2568 1451 2630 bloßstellen, die von den Vorfällen
610 2629 1571 2685 gestrigen Tages nur mit größter Ver¬
610 2667 1567 2716 wunderung Kenntnis nehmen wird. Zwischen den
617 2714 1569 2777 Gegnern und den Anhängern der „Reigen“=Auf¬
617 2766 1576 2829 führungen stehen, was immer man sagen mag,
612 2810 1560 2860 keine Weltanschauungen. Mit der Frage: Fort¬
610 2857 1565 2915 schritt oder Reaktion hat die Angelegenheit trotz
612 2905 1567 2956 des Lärmens von beiden Seiten nichts zu tun
612 2952 1572 3011 Es ist eine Affäre, bei der starres Beharren auf
618 2999 1583 3061 seinen Standpunkten keinem der beiden Teile
612 3044 1574 3105 Parteisache sein sollte, sondern in der ein ver¬
612 3107 1569 3158 nünftiger und rascher Vergleich gefunden werden
620 3135 1574 3204 muß. Wir haben andere Sorgen und größere
610 3196 839 3266 Schmerzen.
708 3256 1509 3394 Gewaltige Meuterei der
912 3373 1456 3491 chen Ostfeeslolte.
607 3482 1573 3567 Die Meuterer marschieren auf Peters¬
1025 3542 1175 3617 burg.
741 3585 1589 3659 Paris, 11. Februar. Ueber Kopenhagen werden
620 3649 1575 3704 aus Kronstadt gewaltige Meutereien der
621 3699 1582 3763 russischen Ostseeflotte gemeldet. Die
620 3743 1564 3803 Meuterer marschieren angeblich au
621 3786 973 3859 Petersburg.
608 3850 1579 3954 Ausweisung von Deutschen aus der
861 3950 1375 4052 Tschecho=Slowakei.
730 4027 1577 4095 Prag, 11. Februar. (Privat=Depesche.)
613 4089 1589 4140 Die Regierung hat heute einen Erlaß herausgegeben,
620 4125 1587 4176 dem aufolge alle Ausländer aus der Tschecho¬
1757 448 1951 524 Wustric.
1760 538 3255 713 „Reigen“=Skandal im Nationalr
1698 693 2544 768 Am Schluß der Sitzung des Nationalrates, nach
2566 689 3335 777 inder Lage sei, von seine
2574 745 3214 812 Entscheidung abzugehe
1584 755 2548 801 Erledigung der Tagesördnung, brachte der sozialdemo¬
2692 783 3325 845 Aus Rücksichten der öffentlichen Si
1586 799 2549 852 kratische Abg. Leuzhner eine Aufrage wegen des
2575 827 3313 891 sich nun das Ministerium veranlaßt, die
1589 842 2543 894 Verbotes des „Reigen“ ein, das er als verfassungs¬
3033 865 3319 924 des „Rei
2586 866 3036 927 Aufführungen
1591 892 2544 942 widrig bezeichnete, In der darauf folgenden Rede des
2582 906 3170 965 untersalgen. (Zwischenrufe.)
1586 929 2545 980 Ministers des Innern, in der er die Gründe darlegte,
2692 945 3190 1004 Präsident mahnt zur Ruhe.
1594 975 2549 1027 die ihn zum Verbot veranlaßten, kam es zu äußerst
2690 983 3289 1038 Bundesminister Dr. Glanz: Es
1594 1017 2542 1063 stürmischen Szenen, zu bedrohlichen Anempelungen
2572 1005 3297 1083 um ein Stuck, dessen Leitmotiv
1588 1060 2554 1110 des Ministers und schließlich beinahe zu einem Hand¬
2570 1059 3305 1109 bildet, die bei allen Völkern, selbst solchen
2572 1100 3324 1146 niederen Stufen der Zivilisation befinden
1598 1103 2540 1161 gemenge zwischen Sozialdemokraten und Christlich
2586 1141 3323 1193 jewissen Diskretion umgeben
1594 1155 2544 1204 sozialen. Schließlich aber besänftigten sich die Ge¬
2583 1177 2767 1246 Vorgänge,
2766 1178 2839 1235 die
1594 1185 2547 1241 müter, und da die Uhr bald zwei schlug, gingen alle
2785 1212 3317 1292 den Kern des Stückes
1599 1233 1977 1293 friedlich zum Speisen.
2572 1268 3319 1342 bilden, sind durchaus eindeuti
1630 1282 2515 1362 Die dringliche Anfrage der Sozial¬
2580 1325 3312 1372 Die dehltsche Kultur in Oe
1925 1339 2221 1410 demokraten.
2566 1364 2763 1419 wird g
2765 1369 3313 1417 zwiß keinen Schaden
2576 1399 3321 1451 wenn dite Schaustellung sol
1700 1395 2543 1453 Abg. Leuthner und Genossen überreichen
2782 1439 3325 1493 auf offener Bühn
2581 1439 2753 1495 gänge
1602 1438 2545 1487 folgende dringliche Anfrage: Das Verbot des Theater¬
2580 1471 3323 1529 bleibt. (Sturmischer Beifall bei de
1608 1483 2546 1538 tückes „Reigen“ stellt einen verfassungs¬
2585 1514 3310 1589 ozialen. — Heftige Gegenrufe bei den
1595 1522 2554 1572 widrigen Eingriff der Bundesregierung in
2740 1551 2895 1612 Lärm.)
2575 1556 2695 1615 kraten.
1588 1562 2556 1607 die Rechtedes Landes Wien dar, da zur
2696 1580 3336 1643 Abg. Dr. Bauer: Es handelt sich
1598 1600 2548 1647 Ausübung der Theaterzemur in Wien ausschließlich
2581 1611 3315 1702 Verfassungsfrage. Das, was Sie sagen,
1588 1626 2549 1679 der Landeshauptmann von Wien befugt
2577 1669 3271 1741 Verfassung nichts zu tun. (Fortgesetzte
1600 1670 2544 1717 st. Das Verbot beweist, daß der Regierung das
2684 1714 3210 1763 Bundesminister Dr Glanz:
1599 1712 2544 1760 Diktat der Klerikalen höher steht, als die
3232 1733 3273 1763 —
2584 1737 3307 1805 licht, daß die dreiten Mafsen der Wiener
1600 1748 2544 1794 Bestimmungen der Verfafsung. Es wird die Frage ge¬
2575 1782 3320 1842 die einen schweren Existenzkampf fuhren,
1596 1789 2547 1842 stellt, ob der Minister für Inneres den verfassungs¬
2583 1831 3190 1881 ust betrachten würden, wenn einer
1596 1828 2549 1895 widrigen Erlaß sofort zurückziehen wolle.
2660 1870 3320 1951 kleinen Zahl frivoler Gen
1713 1871 2425 1960 Angriffe gegen den Minister.
2574 1926 3317 1986 dieses dem sittlichen Empfinden und dem
1702 1938 2549 2004 Abg. Leuthner (Sozialdemokial): Stücke wie
2579 1980 3322 2048 Zeit widersprechende Vergnügen entzogen
1604 1989 2552 2057 er „Reigen“ werden in zahlreichen Fallen aufgeführt
2685 2016 3321 2078 Abg. Witternigg (Sozialdemokrat)
1599 2035 2551 2080 (Rufe bei den Chiistlichsozialen: Wo denn 2), ohne
2580 2056 3338 2110 Liquori=Moral. (Heftige Gegenrufe bei de
1599 2069 2549 2116 irgend einen Anstoß bei frommen Gemütern zu er¬
2793 2094 3160 2152 Andauernder Larm.)
2580 2098 2718 2156 sozialen.
2494 2105 2558 2160 sich
1597 2114 2478 2170 regen, zum Beispiel im Josefstädter=Theater, die
2694 2124 3321 2185 Bundesminister Dr. Glanz: Die
1674 2147 2475 2201 „Reigen“ dadurch unterscheiden, daß ihnen
1594 2154 1678 2201 vom
2587 2175 3225 2234 glaubt sich bei dieser Verfügung mit
1599 2185 2491 2240 letzte Spur kunstlerischer Absicht fehlt. Hier handelt
3206 2214 3304 2263 rreich
3023 2206 3185 2265 Niederh
2582 2212 3029 2279 Meinung in Wien und
2317 2224 2557 2274 de Seite.
1600 2224 2241 2274 sich aber lediglich um die gesetz
2583 2247 2996 2308 stimmung. Da seitens
2997 2249 3229 2305 des Maaistr
1599 2266 2554 2316 Nach dem Bundesverfassungsgesetz steht dem Landes¬
2584 2286 3283 2345 nissen, wie sie sich nach Aufführung
1603 2300 2554 2353 hauptmann — in diesem Falle dem Bürgel¬
2588 2335 3281 2379 gestaltet haben, nicht Rechnung getragen
2127 2339 2470 2398 die Entscheidung
2467 2346 2547 2393 3u
1591 2339 2065 2403 meister von Wien
2583 2344 3317 2414 es nach den geltenden Kompetenzbestimmu
1598 2384 2551 2436 gegen die, wenn sie einmal in bejahendem Sinne erfolgt
2581 2407 3322 2463 die Theaterangelegenheiten dem Ressort
1600 2427 2553 2477 ist, eine Entscheidung der Regierung gar nicht an¬
2579 2440 3337 2493 steriums des Innern zuweisen, mein Nech
1596 2462 2562 2511 gerufen werden kann. Redner wirft dem Minister
2577 2481 3325 2544 Pflicht, die weiteren Aufführungen zu untet
1596 2497 2555 2542 Bedientenhaftigkeit gegenüber den
2712 2522 3279 2586 luf die gegen mich gerichteten
1595 2541 2557 2583 christl csozialen Parteiführern vor.
2574 2537 3319 2616 will ich nicht näher eingehen. Ich glaube
1600 2576 2554 2628 In der würdelosesten, widerwartigsten
2578 2597 3238 2658 über mein Wirken getrost jedem
1595 2601 2554 2662 For in geradezu ekelhaften, lakgien¬
2584 2627 3337 2710 denkenden Menschen überlassem
1597 2652 2487 2696 mäßgen Formen (Zustimmung bei
1594 2688 2545 2734 Sozialdemokraten. — Lachen bei den Christlichsozialen
2734 2681 3332 2751 Drohendes Handgemeng
1599 2731 2556 2779 geschehe dies von einem Manne. der von dem Gefühl
2695 2744 3334 2809 Die letzten Worte des Ministers entf#
1596 2770 2564 2820 erfülli ist, daß er nur deshalb Minister wurde, um den
2580 2788 3181 2839 Sturmbei den Sozialdemokraten.
3178 2786 3273 2843 Die
1598 2796 2358 2858 Christlichsozialen Gefälligkenen zu erweisen.
3225 2827 3279 2881 P
2817 2829 3190 2882 Witternigg.
2583 2831 2818 2883 Zelenka,
1708 2827 2559 2890 Abg. Dr. Bauer (Sozialdemokrat): Und als
2578 2853 3330 2909 Widtolz stürzen zur Ministerbank un
1598 2868 2547 2940 Kandidat für den Landesamtsdirektor von Steiermark
2582 2906 2633 2946 m
2628 2902 3185 2953 it den Fäusten auf
2701 2915 3323 3005 Glanzl Andere Parteigenosse
1655 2933 2504 3001 Dr. Glanz begründet das Verbot.
2586 2942 2638 2987 D
2693 2968 3142 3036 nsch. Stürmische Rufe:
2598 2984 2686 3032 hnen
1704 2981 2567 3040 Bundesminister Dr. Glanz: Schon vor der
2594 3001 3323 3085 Hinaus mit ihm! Diese Beleid
1601 3034 2560 3098 Zulassung der Aufführung des „Reigen“, die durch den
2596 3050 2994 3118 wir uns nicht gefallen!
2138 3061 2557 3129 hat der Polizei¬
1599 3065 2137 3130 Magistrat erfolgt ist,
2693 3072 3311 3153 Jetzt drangen auch Christlichsoziale
1600 3120 2566 3171 präsident beim Bürgermeister auf die schweren
2585 3116 3291 3195 bank, um dem Minister, der ruhig auf
1607 3152 2559 3215 Bedenken gegen die Aufführung aufmerksam
2586 3173 3316 3221 sitzt, gegen etwaige Angriffe eine Schutzgar
1602 3192 2564 3243 gemacht. Der Magistrat hat dessen ungeachtet nach
2592 3207 3334 3278 Dabei geraten sie stark anemander, Schließli
1598 3226 2562 3280 Anhörung des Zeusurbeirates die Aufführung zugelassen.
2593 3246 2960 3315 unter tobendem Lärm
1602 3273 2554 3319 (Zwischenrufe.) Die Aufführung des Stuckes gab als¬
2746 3280 3327 3378 zu einem Zusammensto
1592 3306 2564 3361 balo zu lebhaften Erörterungen in
1594 3341 2284 3411 der Oeffentlichkeit Anlaß,
2591 3353 3334 3423 Man sieht plötzlich die Faust des Chi
1717 3375 2556 3433 Abg. Bick (Sozialdemokrat): In der „Reichs
2723 3399 3199 3459 itz einen Schlag
1599 3418 2560 3482 post!“ (Zwischemufe bei den Sozialdemokraten; Gegen¬
2590 3434 3331 3488 Kopf des ehemaligen Lande
1597 3467 2263 3524 rufe bei den Christlichsozialen. Lärm.)
2588 3476 3304 3526 mannes Sever führen. Es i
1716 3480 2559 3558 Bundesminister Dr. Glanz: Hiebei sprach sich
2594 3513 3315 3560 ob der Schlag ein absichtlicher oder zufälli
1599 3528 2560 3596 die weit überwiegende Mehrzahl der öffentliche
2598 3546 3323 3604 Sozialdemokraten halten ihn für absichilich
1610 3572 1774 3641 Stimmen
2602 3591 3332 3641 ich auf Pischitz stürzen. In dieser kritische
1720 3589 2559 3677 Abgeordneter Seitz: Wo haben Sie das ge¬
2589 3630 3336 3681 gelingt es endlich den Abgeordneten Dingha
2279 3646 2566 3710 nach! (Lärm.)
2034 3648 2112 3708 uns
2160 3650 2240 3707 das
1913 3646 2029 3704 Sie
1749 3652 1873 3703 weisen
1610 3633 1743 3724 hählt,
2600 3670 3333 3728 Fink und anderen, sich zwischen die einander
1714 3692 2555 3758 Bundesminister Dr. Glanz: .. .. dahin aus
2594 3707 3295 3764 Gruppen zu werfen und sie poneinander
1600 3722 2052 3797 daß die Aufführung eine
2756 3759 3319 3825 Der Präsident bedauer
1631 3769 2550 3861 arge Verletzung der öffentlichen Sitt¬
2695 3805 3300 3870 Präsiden! Dr. Weiskirchner kann
1984 3831 2170 3910 lichkeit
2590 3844 3305 3899 Gehör verschaffen. Er sagt: Ich muß
2600 3891 3315 3946 unaualifizierbaren Vorg
1602 3873 2568 3944 bedeute. Kundgehungen aus der Bevölkerung und
2695 3920 3278 3982 stes Bedauern ausdrücken.
1607 3928 2573 3979 zahlreiche Artikel der Presse verschiedener Richtung
2597 3929 2685 3979 tie
2599 3968 3275 4024 Anhatende Zwischenrufe und Larm.)
1609 3969 2572 4016 ließen erkennen, daß diese Vorführungen mit
2604 4003 3309 4068 Vorginge wird die Würde des
1715 4000 2575 4050 sittlichen Empfinden weiter
1603 4012 1716 4058 dem
2591 4034 3213 4093 aufstiefste geschadigt.
1610 4049 2567 4103 Kreise der Wiener Bevölkerung in
2700 4079 3377 4131 Die Debatte kann fortgesetzt werden
1631 4092 2562 4133 charfem Gegensatz stehen. (Lebhaften
2603 4110 3339 4160 nächste Redner ist in dem noch andaus¬
1605 4121 2574 4167 Beifall bei den Christlichsozialen — stürmische Gegen¬
