3496 4320
401 111 572 209 11.
610 120 941 225 Reigen
1125 121 1543 221 box 17/5
1091 308 3085 453 Eine Begegnung mit Dr. Arkur Schnibler.
1659 452 2557 554 Was der Dichter des „Reigen“ sagt.
1246 532 3082 599 Heute Morgen hatte einer unserer Redakteure=keine Verständigung vom Verbot des „Reigen“ er¬
1118 573 2107 645 während eines Spazierganges im Währinger
2121 581 3083 643 halten. Direktor Bernau begab sich im Laufe des
2115 628 3084 682 Vormittags zum Bundesminister Glanz, um ihm den
1119 631 2098 691 Cottage eine Begegnung mit Artur Schnitzler.
2115 677 3087 736 in unseren heutigen Morgenblatt eiwähnten Kompromiß¬
1124 680 2101 743 Der vielumstrittene Dichter des „Reigen“ rief:
2122 723 2568 789 vorschlag zu unterbreiten.
1125 736 2101 792 „Um Gotteswillen — kein Interview! Be¬
1133 775 2100 847 gleiten Sie mich in das Deutsche Volkstheater.
1133 828 1802 891 Unterwegs wollen wir plandern.“
2158 798 3039 900 Klage gegen den Bürgermeister beim
1242 862 2108 926 Unser Vertreter machte den Dichter auf¬
2334 870 2882 958 Verfassungsgerichtshof?
1132 915 1329 983 merksam,
1365 925 1461 979 es
1523 918 1666 984 würde
1867 921 2104 988 Beseitigung
1724 921 1815 988 zur
2230 936 3093 1001 Eine ganze Reihe von Gesetzesartikeln wird
1131 975 2093 1042 mancher Mißverständnisse heitragen, wenn einige
2113 989 3085 1046 rechts und links herbeigezogen, um die Rechtslage im
1060 986 1127 1073 6
1125 1020 2053 1094 autoritative Mitteilungen von berufener Seite
2120 1035 3077 1111 „Reigen“=Streit zu klären. Heute wird folgendes
1133 1066 1877 1128 also vom Dichter selbst — erfolgten.
2114 1079 2319 1149 behauptet:
1247 1111 2108 1175 Dr. Schnitzler überlegte lange; dann
2237 1101 3083 1180 „Die Artikel 10 bis 13 und 15 des Bundes¬
1060 1129 1126 1200 22
1133 1150 2107 1223 sagte er: Ob „Reigen“ auf die Bühne gehört,
2116 1170 3087 1222 verfassungsgesetzes, welche für später die Kompetenzen
1051 1189 1122 1233 —
2439 1209 3005 1273 noch nicht in Kraft, so
2118 1211 2442 1272 regeln, stehen
3004 1215 3094 1270 daß
1124 1209 2030 1272 darüber kann man, darf man diskutieren —
2018 1216 2110 1273 aus
2115 1246 2428 1308 nach § 42 des
2448 1239 3080 1315 Uebergangsgesetzes die bisherige
1080 1230 2102 1322 ästhetischen und dramaturgischen Gründen. Daß
2125 1297 2492 1351 Kompetenzaufteilung
2542 1299 2735 1351 inzwischen
2729 1289 3086 1353 aufrecht bleibt
1134 1309 2104 1368 aber durch die Aufführung meines Werkes die
1039 1296 1111 1381 1110
2118 1347 3082 1393 und die Angelegenheiten der Theaterpolizei und damit
1135 1355 2095 1419 Sittlichkeit verletzt wird — das ist ein Stand¬
2118 1388 3080 1437 auch der Theaterzensur Bundessache sind; sie werden
1134 1405 2098 1484 punkt, über den ernsthaft zu reden keine Mög¬
2117 1420 3083 1477 derzeit von den Landeshauptmännern als mittelbare
1132 1445 1438 1524 lichkeit besteht.
2127 1466 3081 1517 Bundesverwaltung durchgeführt. Nach dem Bundes¬
1237 1471 2096 1556 Es wäre vielleicht eine Möglichkeit darüber
2116 1516 3095 1566 verfassungsgesetze (Art. 104) ist auf
1129 1531 2103 1609 zu sprechen, wenn dieses — angeblich — beleidigte
2124 1553 3084 1604 diesem Gediete der Landeshauptmann an die
2122 1594 2331 1653 Weituingen
1133 1600 2105 1668 Sittlichkeitsgefühl auch bei anderen Gelegenheiten
2321 1590 3095 1661 der Bundesregierung, sowie der
2128 1643 3080 1700 Bundesministerien gebunden. Befolgt er eine
1126 1645 2100 1699 sich zeigen würde oder gezeigt hätte und zum
2120 1683 3092 1743 solche Anordnung nicht, so kann er von der Bundes¬
1133 1694 2100 1772 mindesten den gleichen Anlaß zum Einschreiten
2120 1733 3087 1785 regierung beim Verfassungsgerichts¬
1134 1729 1425 1806 geboten hätte.
2118 1768 3097 1834 hofe belangt werden. Die Regierung hat
1254 1765 2098 1853 Sache einer klugen, taktvollen Inszenierung
2117 1813 3088 1886 in diesem Falle keinen anderen
1129 1806 2102 1911 ist, es, auf der Bühne alles was anstößig wirken
2124 1847 2644 1931 rechtmäßigen Weg.“
1133 1882 1857 1948 könnte, zu vermeiden, zu beseitigen.
2224 1874 3097 1958 Also bis der Verfassungsgerichtshof sein Urteil
1241 1936 2108 1995 Nun hat sich die Spielleitung in den
2123 1929 3097 2000 gefällt haben wird, hängt das ministerielle Verbot in
1123 1952 2100 2049 Wiener Kammerspielen großen Taktes befleißigt.
2126 1990 3101 2054 der Luft und die Vorstellungen des
1129 2030 2101 2084 Kein Mensch wird die diskrete Inszenierung in
2126 2031 3103 2095 Reigen“ können bis dahin fort¬
2143 2079 2576 2148 zeführt werden.
1130 2076 2105 2139 den Kammerspielen leugnen können. Auch in
1122 2127 2116 2189 Berlin, München, Leipzig und Hamburg, überall
2214 2129 2501 2224 A1 4
1132 2176 2117 2254 wo „Reigen“ gespielt wurde, haben die Regisseure
1123 2216 2065 2295 und die Schauspieler volle Diskretion gewahrt.
1249 2248 2108 2351 Es gibt Leute, die in aller Ehrlichkeit
1132 2319 2119 2384 „Reigen“ für unerlaubt halten, die aus
1124 2369 2113 2433 innerer Ueberzeugung heraus
1129 2416 2108 2483 mein Werk ablehnen. Ich achte diese Ueber¬
1127 2464 2111 2528 zeugung, wie ich jede Ueberzeugung respektiere.
1129 2500 2108 2566 Aber ich glaube nicht, daß die Leute zu den
1133 2564 2110 2631 aufrichtigen Menschen gehören, die aus einer
1129 2602 2114 2694 ästhetisch=dramaturgischen Frage,
1123 2658 1869 2715 ein — Politikum machen.
1243 2687 2109 2766 Unser Vertreter wollte wissen, ob bei den
1124 2731 2106 2817 weiteren Aufführungen von „Reigen“ Striche
1132 2802 1588 2870 vorgenommen werden.
1243 2822 2112 2910 Der Dichter antwortete in energischem
1129 2881 2099 2958 Tone: „Nachdem ich mich einmal zur Auf¬
1131 2943 2098 3001 führung entschlossen habe, wird nichts ge¬
1129 2991 2106 3047 strichen. Keine Szene wird weg¬
1130 3033 2102 3096 gelassen und von einer Zurück¬
1122 3089 2102 3149 ziehung ist keine Rede. Gegen Regie¬
1130 3140 2087 3195 änderungen habe ich indes nichts einzuwenden.“
1248 3170 2104 3239 Das Gespräch berührte auch die Ent¬
1133 3219 2115 3288 stehung des „Reigen". „Die Dialoge wurden
1131 3286 2103 3358 vor achtzehn Jahren geschrieben, sie
1129 3326 1564 3386 sind ein Jugendwerk.“
1243 3351 2102 3432 Beim Abschiede sagte der Dichter: „Sie
1127 3405 2108 3475 möchten noch einiges über die weitere Ent¬
1128 3470 2117 3537 wicklung der Angelegenheit erfahren? Lesen Sie
1133 3522 1767 3588 meinen „Professor Bernhardi“!
1250 3542 2104 3633 Unser Vertreter: Meinen Sie,
1123 3601 2114 3675 weil auch dort aus einer nichtpolitischer Angelegen¬
1134 3663 1827 3726 heit ein Politikum gemacht wird?
1247 3685 2105 3777 Schnitzler: Und der Professor ar¬
1129 3733 1397 3833 beitet weiter.
1947 3749 2064 3823 —sch.
1205 3855 2027 3955 Direktor Bernau bei Dr. Glanz.
1247 3931 2116 3998 Bis zur Stunde, da dieses Blatt in Druck
1132 3982 2118 4063 gebt, hat die Direktion des Deutschen Volkstheaters
