3444 4448
302 120 825 220 11. Reigen
996 115 1420 194 box 17/5
751 975 964 1063 N. 9708
1570 999 1726 1088 Freitag
716 1080 1984 1144 Josef.“ Josef hieß sein Bruder, ein Bahnbeamter in Mähren.
716 1126 1943 1192 Auf die Wirkung der Depesche bauend, traf das Ehepaar seine
1943 1129 1982 1183 1
712 1165 1934 1227 Vorbereitungen zur Abreise. Die Nachricht kam wirklich. Personen,
724 1217 1977 1279 die selten mit Telegrammen zu zun haben, wissen nun nicht, daß
718 1270 1948 1335 das Schlußzeichen im internationalen Verkehr in einem Kreuz be¬
716 1313 1938 1370 steht. Dieses Zeichen hat eben keine andere Bedeutung, als daß
718 1361 1941 1424 der Text zu Ende sei. So trug auch das gedachte Telegramm
716 1414 1944 1480 ein Kreuz am Schluße. Kaum hatte der Schlosser
721 1461 1955 1532 aber das Blatt Papier gesehen, als er ganz
724 1506 1947 1561 anders wurde. Er erbleichte und war fest davon überzeugt,
723 1556 1948 1611 daß sein Bruder wider Erwarten gestorben sei. Er erging sich in
725 1605 1951 1670 lebhaften Selbstvorwürfen und rief wiederholt aus: „Ich habe
1857 1649 1944 1715 Mit
723 1648 1803 1705 ihm den Tod gewünscht, ich bin schuld an seinem Tode!
708 1695 1948 1764 der Abreise war es nichts. Zu seiner Frau sagte er noch: „Jeden
724 1747 1950 1808 Augenblick können sie kommen und mich holen!" Bald darauf
726 1800 1955 1861 erlitt er einen Tobsuchtsanfall. Er zertrümmerte die gesamte
719 1845 1939 1902 Wohnungseinrichtung und warf die einzelnen Stücke durchs Fenster
717 1892 1948 1951 auf die Straße. Als die Sanitätsdiener erschienen, um ihn auf
717 1935 1809 1993 die psychiatrische Klinik zu bringen, schrie er verzweifelt:
1847 1940 1953 2009 „Da
722 1983 1952 2046 sind sie schon, die Henkersknechte!“ Angstvoll klammerte sich der
722 2037 1954 2101 starke Mann an seine kleine, unglückliche Frau, bei ihr Schutz
721 2080 1967 2157 uchend. „Rette mich vor der Justifizierung!“ bat er sie flehent¬
703 2108 1568 2211 lich, dann wurde er auf die Bahre geschnallt.
771 2227 1718 2358 Lenin über die Pläne
1766 2253 1908 2366 der
1064 2358 1628 2466 Wolschewiken.
1008 2445 1681 2540 Phantastischer Optimismus.
1366 2519 1898 2597 Stockholm, Noyember.
834 2557 1940 2634 Wie aus glaubwürdiger Quelle verlautet, äußerte Lenin
712 2595 1949 2696 über die bolschewistischen Ziele und Pläne kürzlich folgenbes: „Ich
709 2681 1949 2734 betrachte die russische Revolution nicht als Endziel, sondern als
718 2722 1952 2779 den ersten Schritt zu der Weltrevolution. Die nächste Frage ist
714 2780 1947 2835 nun die: Wie rusen wir in Westeuropa eine Proletarierrevolution
714 2818 1953 2879 hervor? Wir müssen Frankreich und Großbritannien auf dem Weg
718 2871 1948 2925 über ihre Kolonien angreifen. Frankreich durch kluge Propaganda
720 2919 1950 2971 in Nordafrika, Großbritannien durch eine solche in Indien. Wir
717 2960 1949 3018 sind in dieser Richtung schon seit einiger Zeit tätig. Glückt dieses
713 3010 1933 3067 Vorgehen, so werden wir Herren der ganzen Welt werden. Wir
713 3060 1938 3122 werden den Versailler Frieden vernichten und die Vorherrschaft
708 3108 1939 3161 der Entente in der ganzen Welt durch die Herrschaft des
708 3148 1112 3224 Proletariats ersetzen.
831 3176 1935 3267 Ein unabhängiges Polen“, führte Lenin weiter aus, „wär
714 3251 1939 3301 sehr gefährlich für uns. Das polnische System sieht in direkten
722 3300 1937 3349 Gegensatz zu unserer Räteorganisation. Die Einsetzung eine
723 3345 1937 3405 dauern in bürgerlichen Regierung in Südrußland wäre gleichfallt
714 3392 1931 3457 gejährlich. Wir müssen daher alles tun, um mit Wrangel feiti
719 3446 1929 3515 zu werden. Später kommt Polen an die Reihe. Einstweilen is
724 3491 1947 3541 Polen ein Uebel, das für uns auch gute Seiten hat. Denn
729 3537 1936 3589 solange Polen existiert, können wir uns auf Deutschland verlassen.
715 3588 1941 3644 Deutschland, das Polen haßt, wird sich uns anschließen, sobald
726 3631 1938 3689 es gilt, dasselbe zu vernichten. Ich mag die Deutschen nicht,
728 3686 1943 3748 aber es ist kzüger, sich ihrer zu bedienen, als sie zu beleidigen.
716 3723 1938 3808 Obwohl sie geschlagen sind, können sie uns doch noch nützlich
720 3775 866 3847 werden.
835 3791 1952 3878 In Italien können wir die Revolution zum Ausbruch
716 3847 1949 3913 bringen, sobald wir wollen, aber auch da müssen wir im Ein¬
716 3917 1947 3969 vernehmen mit Deutschland vorgehen, das seine besonderen Organi¬
714 3961 1947 4020 sationen und seine eigenen Einflußmittel, besonders auf dem
718 4013 1942 4079 Gebiete des Bankwesens und des Handels besitzt. Der Plau
711 4059 1949 4112 Deutschlands gründet sich auf die Notwendigkeit, solange wie
710 4098 1149 4158 möglich die italienische
1725 4107 1800 4158 nn
1257 4107 1569 4174 T
