3532 4224
393 100 924 201 11. Reigen
1112 113 1524 188 box 18/2
1316 410 2428 529 Schnitzlers „Reigen“ vor Gericht.
1305 530 2419 617 Einspruch des Kleinen Schauspielhauses
1311 602 2442 680 Vor derselben Kammer des Landgerichts III, die auf Antrag
1278 648 2434 720 der Hochschule für Musik am 23. Dezember die einstweilige Ver¬
1279 702 2435 764 fügung erlassen hatte, durch die der Direktion des „Kleinen Schau¬
1284 744 2438 804 spielhauses“ die Aufführung des Reigen untersagt wonden war,
1284 789 2438 840 ist gestern über den Einspruch der Frau Gertrud Eysoldt und
1285 825 2429 893 des Herrn Maximilian Sladek verhandelt worden. Der Vor¬
1277 866 2430 940 sitzende, Geheimrat Bock, ein Mann, der dem Theater und der
1286 917 2430 983 Literatur keineswegs fremd gegenübersteht, bemühte sich unter dem
1281 957 2425 1026 Eindruck einer Vorstellung, der er selbst beigewohnt hatte, um
1281 1006 2437 1066 einen Vergleich auf folgender Grundlage: Beschränkung der
1275 1047 2439 1107 Serienaufführung des Reigens auf zwei Monate, Ferhaltung von
1282 1082 2365 1134 Jugendlichen, Lösung des Mietvertrages am 31. Mai 1921.
1280 1130 2431 1190 Direktion des „Kleinen Schauspielhauses“ lehnte den Vergleich ab
1262 1171 2430 1227 mit der Begründung, entweder sei die Aufführung des Stückes
1273 1220 2426 1271 unsittlich, dann dürfe die Hochsche für Musik auch nicht in
1269 1258 2424 1322 eine beschränkte Zahl von Aufführungen willigen, oder
1268 1298 2429 1375 das Stück errege keinen Anstoß, dann habe die Direktion keinen
1275 1347 2422 1414 Grund, auf eine vorzeitige Lösung des Mietsvertrages einzugehen.
1265 1389 2420 1453 Im Gegensatz zu diesem unzweifelhaft konsequenten Standpunkt
1263 1434 2421 1499 nah mdas Kultusministerium, vertreten durch seinen Referenten
1264 1471 2423 1542 Dr. Seelig und Rechtsanwalt Alsberg, eine recht anfechtbare
1264 1517 2409 1586 Haltung ein. Es ging nämlich aus den Erklärungen hervor, daf
1264 1570 2412 1629 es dem Kultusministerium in Wirklichkeit darauf ankommt, den
1273 1605 2415 1662 Saal der Hochschule für Musik, in dem die Aufführungen des
1267 1659 2413 1705 „Kleinen Schauspielhauses“ stattfinden, für andere Zwecke freizu¬
1268 1692 2420 1759 bekommen, und daß es die angebliche Unsittlichkeit der Reigen=Auf¬
1259 1730 2422 1802 führung nur als Vorwand benutzen will, um dieses Ziel möglichst
1265 1784 2410 1845 rasch zu erreichen. Daraus ergab sich die seltsame Situation, daß
1264 1820 2419 1885 sich Frau Eysoldt auf ein vom Deutschen Bühnenverein erbetenes
1261 1870 2409 1932 Gutachten des Professors Alfred Klaar stützte, der Vertreter des
1265 1902 2420 1979 sozialistischen Kultusministers dagegen sich auf Herrn Professor
1262 1954 2404 2021 Roethe berief — immerhin eine verblüffende Bundesgenossen¬
1259 1989 2408 2062 schaft. Das Gericht ist gestern noch zu keinem Urteil gekommen,
1264 2039 2406 2106 sondern hat beschlossen, daß zunächst die Beisitzer einer Vorstellung
1256 2079 2409 2156 des „Reigen“ beiwohnen sollen. Das Urteil wird am Donnerstag
1262 2124 1911 2191 10 Uhr vormittags publiziert werden.
2252 2138 2377 2209 M. R.
1284 2215 1895 2280 Ausstellung „Farbe und Mode“.
1900 2232 2404 2286 Die Akademie der Künste öffnet
1254 2250 2401 2327 ihre Ausstellungssäle in Zukunft auch den Werken der angewandten
1263 2299 2397 2350 Künste. Im Februar beginnt die Ausstellung „Farbe und Mode“, veran¬
1260 2333 2402 2390 staltet vom Verband der Deutichen Mode=Industrie und der Interessen¬
1255 2372 2405 2426 gemeinschaft der deutschen Farbstoffabriken. Das Programm, dessen
1261 2402 2402 2461 Ausarbeitung und Ausführung in den Händen des Professors Bruno
1252 2435 2405 2502 Paul liegt, behandelt den Zusammenhang des künstlerischen Wirkens mit
1244 2467 1875 2530 der Mode und der Farbenanwendung.
1630 2775 1714 2824 970
1175 2791 1734 2885 Frommannstraße 4 I, erbeten.
1261 2881 2448 2962 Schnitzlers „Reigene als Buch freigegeben. — Das Berliner
1179 2936 2446 3004 28=Uhr=Abendblatt= berichtet unter dem 24. März in folgender Weise
1184 3001 1552 3057 über diese Freigabe:
1275 3019 2452 3084 Schnitzlers viel angefeindeter =Reigen= bildete u. a. die Grund¬
1191 3067 2454 3128 lage einer Anklage wegen Verbreitung unzüchtiger Schriften, die die
1188 3111 2454 3173 6. Strafkammer des Landgerichts III beschäftigte. Bei einem Fräu¬
1196 3150 2454 3216 lein P., die eine Mietbücherei betrieb, war neben pornographischen
1190 3209 2449 3260 Schriften auch Schnitzlers =Reigen= als unzüchtig beschlagnahmt wor¬
1187 3243 2446 3307 den, was die Anklage zur Folge hatte. Die Verhandlung bot an sich
1192 3284 2453 3350 nichts besonders Bemerkenswertes; interessant war nur, was das Ge¬
1188 3341 2449 3391 richt zur Begründung der Freigabe des Schnitzlerschen Buches anführte
1198 3376 2460 3445 Während der Staatsanwalt 3 Monate Gefängnis, 2 Jahre Ehrverlust
1191 3422 2455 3480 gegen die Angeklagte und Beschlagnahme sämtlicher Schriften, also auch
1187 3461 2447 3521 des =Reigene beantragte, schloß sich das Gericht den Ausführungen des
1186 3502 2452 3565 Rechtsanwalts Dr. Walter Niemann an, indem es nur auf 800 Mark
1200 3558 2454 3611 Geldstrafe und Beschlagnahme erkannte und ausdrücklich Schnitz¬
1199 3592 2462 3662 lers =Reigens in Buchform hierbei ausschloß. Nach Ansicht des Ge¬
1207 3635 2457 3698 richts sei dieses Werk nicht als unzüchtig im Sinne des Gesetzes
1196 3682 2454 3743 anzusehen, was jedoch kein Präjudiz für die Aufführung im
1210 3727 2468 3789 Theater sein solle, da das Gericht hierüber nicht zu befinden gehabt
1201 3768 2458 3837 hätte. Jedenfalls sei der künstlerische Wert des =Reigen= so über¬
1202 3816 2457 3875 wiegend, daß dieser als unzüchtige Schrift nicht anerkannt werden
1200 3873 1336 3926 könnte.
2472 2876 2538 2950 Si
2471 2945 2530 2993 ein
2469 2985 2531 3040 m
2483 3075 2530 3127 kle
2475 3165 2522 3216 de
2479 3251 2524 3296 D0
2479 3290 2526 3341 in
2480 3383 2516 3430 se
2481 3469 2517 3514 di
2481 3597 2527 3647 di
2488 3642 2525 3690 50
2483 3680 2530 3735 A
2489 3731 2525 3780 al
2477 3771 2533 3825 3
2482 3821 2531 3868 A
