3336 4416
1029 282 1448 369 box 17/6
324 281 862 375 11. Reigen
778 768 983 838 Seite 2
1328 768 1695 842 Wien, Samstag
2077 785 2654 869 „Deuisches Volksblatt“
1836 863 2937 930 leiden, wenn die Schaustellung solcher
728 868 1800 955 Der Nationalrat gegen die „Reigen“.
1843 915 2244 975 Vorgänge au
2230 922 2937 983 f offener Bühne unter¬
1835 954 2879 1023 bleiben. (Stürmischer Beifall und Händeklatschen.
1086 938 1475 1028 Aufführung.
1832 995 2846 1042 Heftige Gegenrase bei den Sozialdemokraten. — Lärm.)
773 1004 1825 1077 Nach den schon im Abendblatte berichteten Ausführungen
1882 1034 2285 1091 Abg. Dr. Bauer:
2277 1020 2933 1103 Es handelt sich um eine Ver¬
735 1050 1823 1118 des sozialdemokratischen Abg. Leuthner im National¬
1852 1071 2608 1136 fassungsfrage. (Fortgesetzte Zwischenrufe.)
731 1112 1816 1163 rate, der die Dringlichkeit der Intervention für die Schweine¬
1889 1094 2933 1164 Bundesminister Dr. Glanz: Ich glaube auch nicht,
1847 1141 2924 1204 daß die breiten Massen der Wiener Bepölkerung, die einen
739 1155 1815 1207 reien des Herrn Schnitzler zu begründen hatte, ergriff der
1847 1187 2929 1241 schweren Exrstenzkampf führen, es als Verlust beirachten
737 1196 1820 1260 Minister des Innern Dr. Glanz das Wort, um den
1840 1232 2919 1273 werden, wenn einer kleinen Zahl frivoler Ge¬
726 1243 1463 1298 Standpunit der Regierung darzulegen:
1848 1268 2927 1314 nießer — die Berichte über die Zusammensetzung und
978 1282 1603 1347 Die Erklä ung der Regierung.
1835 1303 2920 1358 das Verhalten des Publikums während der Vorstellung läßt
1849 1347 2921 1389 an dieser Charakteristik keinen Zweifel — dieses dem sitt¬
768 1330 1820 1409 Bundesminister Dr. Glanz erklärte, schon vor Zu¬
1843 1380 2927 1427 lichen Cmpfinden und dem Ernste der Zeit widersprechende
736 1379 1794 1433 lassung der Aufführung des „Reigen“
1836 1411 2766 1474 Vergnügen entzogen wird (Stürmischer Beifall.)
728 1414 1816 1477 die durch den Magistrat in seiner Eigenschaft als politische
2815 1448 2914 1510 (Hef¬
1885 1460 2829 1516 Abg. Witternigg: Das ist Liguori=Moral! —
730 1466 1821 1516 Landesstelle erfolgt ist. hat der Herr Polizei¬
1835 1494 2919 1564 tige Gegenrufe bei den Christlichsozialen. — Andauernder
729 1492 1808 1544 präsident beim Herrn Bürgermeister von Wien auf
1842 1529 1982 1588 Lärm.)
727 1534 1823 1580 die schweren Bedenken gegen die Auf¬
1883 1574 2854 1627 Der Präsedent ermahnt wiederholt zur Ruhe.
726 1579 1824 1626 führung dieses Bühnenwerkesaufmerk¬
1879 1609 2915 1664 Bundesminister Dr. Glanz: Die Regierung glaubt,
736 1617 1813 1664 samgemacht. Die Aufführung des Stückes gab alsbald
1852 1645 2920 1698 ich bei dieser Verfügung mit der öffentlichen Mei¬
739 1656 1818 1702 zu lebhaften Erörterungen in der Oeffentlichkeit Anlaß.
1837 1691 2925 1740 nung in Wien und ganz Niederösterreich in
1837 1724 2908 1773 Uebereinstimmung zu befinden, und ist überzeugt,
729 1734 1031 1789 lichen Stimmen
1834 1766 2921 1812 daß ihre Auffassung auch die Billigung des hohen Hauses
771 1765 1813 1833 Abg. Seitz: Wo haben Sie das gezählt, weisen Sie uns
1854 1805 2911 1854 inden wird. (Zwischenrufe.) Was die formelle Frage
724 1795 1067 1859 das nach! (Lärm.)
1837 1842 2919 1891 betrifft, handelt es sich um folgendes: Da seitens des Ma¬
778 1843 1822 1897 Bundesminister Dr. Glanz: . .. dahin aus, daß die
1844 1874 2915 1929 gistrates den Verhältnissen, wie sie sich nach Aufführung
729 1865 1814 1933 Aufführung ihrem gesamlen Eindrucke nach
1834 1904 2925 1967 des „Reigen“ gestaltet haben, nicht Rechnung getragen
730 1929 1815 1970 eine arge Verletzung der öffentlichen Sitt¬
1671 1955 1767 1988 r
1834 1953 2916 2002 wurde, war es nach den geltenden Kompetenz¬
731 1959 1805 2007 lichkeit bedeute. Kundgebungen aus der Berölterung
1833 1985 2921 2040 bestimmungen, welche die Theaterangelegenheiten dem
743 1998 1812 2044 und zahlreiche Artikel der Presse verschiedener
1830 2031 2926 2078 Ressort des Bundesministeriums des Innern zuweisen, mein
735 2039 1817 2085 Richtung — ich betone das noch einmal — liesen erkennen,
1836 2067 2926 2116 Recht und meine Pflicht, die weiteren Auf¬
731 2063 1807 2119 daß diese Vorführungen mit dem sittlichen Env inden wei er
1852 2112 2932 2163 ührungen zu untersagen. Wenn nun von Seite
730 2112 1810 2160 Krese der Wiener B völkerung in scharfem Gegenate steht.
1836 2146 2921 2195 des Herrn anfragenden Abgeordneten das Recht zur Aussicht
741 2146 1807 2204 (Lebhafter Beifall und Händeklatschen bei den Chrichlich¬
1833 2187 2923 2233 in seiner Gänze bestritten wird, so möchte ich demgegenüber
884 2186 1805 2232 — Stürmische Gegenruse bi den Sozialdemo¬
739 2192 897 2240 sozialen.
1836 2225 2913 2274 nur kurz darauf verweisen, daß dieses Recht, in dem ich
733 2231 1720 2293 kraten. — Heftige Zwischenrufe des Abg. Leuthner.)
1836 2267 2913 2317 übrigens vor allem eine Pflicht erblicke, schon in dem Ver¬
775 2244 1802 2315 Präsident: Herr Abg. Leuthner, Sie haben dann ein
1844 2296 2920 2353 hältnisse der in Betracht kommenden Behörden an sich be¬
740 2294 1806 2357 Schlußwort. Wollen Sie jetzt mit den Zwischenrufen auf¬
1832 2338 2920 2390 gründet ist, daß es Wissenschaft und Praxis niemals be¬
746 2343 867 2404 hören!
1836 2379 2924 2425 zweifelt haben, daß es von unseren obersten Gerichtshöfen
775 2376 1817 2433 Bundesminister Dr. Glanz: Ich meine, es wäre wirklich
1832 2418 2925 2465 stets einmütig anerkannt wurde, daß es auch in unsere
742 2418 1807 2465 demokratisch, auch mir die Redefreiheit zu gewähren. Die
1836 2447 2929 2502 neue Verfassung übernommen wurde, wie die Artikel 103
729 2464 1806 2510 Herren können ja dann krit sieten. Wenn man Argumenle
1842 2498 2916 2542 und 142 ausdrücklich bezeugen. Dem Recht der Auf¬
737 2497 1806 2543 bekämpfen will, muß man sie hören. (Stürmischer Beifall.
1839 2536 2913 2582 sicht entspricht andererseits die Verpfich¬
820 2537 1807 2598 Fortgesetzte lebhafte Zwischenrufe bei den Sozial¬
1834 2576 2911 2617 tung zur Durchführung der getroffenen An¬
738 2560 966 2625 demokraten.)
1830 2610 2918 2654 ordnungen. Auch diese Verpflichtung ist eine unbe¬
785 2597 1807 2659 Abg. Seitz: Sic haben bis jetzt nür über ästhetische
1839 2648 2916 2697 strittene gewesen und kommt auch in der neuen Verfassung
731 2635 1813 2698 Meinungen geredet, aber kein einziges Argument vor¬
1828 2684 2922 2734 zum Ausdrucke. (Fortgesetzte lärmende Zwischenrufe des
1832 2720 2196 2777 Abg. Leuthner.)
774 2715 1802 2777 Abg. Dr Mataja: Der Herr Präf dent als Krawall¬
1878 2759 2917 2809 Präsident: Herr Abg. Leuthner, ich ruse Sie zur
738 2763 888 2817 macher!
1824 2792 2920 2860 Ordnung wegen fortgesitzter Störung der Ruhr. (Zwischen¬
778 2792 1808 2852 Bundesminister Dr. Glanz: Es war nun meine Absicht,
1823 2843 1943 2892 rufe.)
728 2840 1813 2895 rorerst dem zur Beurtellung des Falles zunächst berufenen
1861 2859 2910 2932 Bundesminister Dr. Glanz: Auf die gegen mich per¬
728 2880 1813 2929 Herrn Bürgermeister von Wien Gelegenheit zu geben, zu
1834 2908 2902 2963 sönlich gerichteten Bemerlungen will ich nicht näher ein¬
737 2913 1806 2965 dieser neuen, durch den Eindruck der Aufführung ge¬
1931 2950 2913 2999 Ich glaube, das Urteil über mein
734 2954 1814 3006 gebenen Sachlage Stellung zu nehmen. Ich wendete
1837 2994 2920 3038 Wirken getrost jedem anständig denkenden
731 2991 1813 3039 mich daher in einem Schreiben an den Herrn
2689 3031 2906 3083 (Stürmischer
725 3031 1807 3080 Bürgermeister, nicht etwa um die Verantwortung
1828 3031 2698 3073 Menschen überlassen zu können. (
1834 3072 2905 3121 Beifall und Händeklatschen. Fortgesetzte lärmende Zwischen¬
729 3070 1806 3122 auf ihn abenwälzen, sondern weil ich es für ein
1828 3109 2904 3154 rufe bei den Sozialdemokraten.) Ich kann nur betonen,
740 3098 1808 3154 Gebot der. amtlichen Courtoisié hielt, zu¬
1821 3147 2920 3190 daß mich persönliche Angriffe, mögen sie von
1830 3189 2912 3235 wo immer kommen, nicht einen Schritt weit von
728 3184 1805 3223 im eigenen Wirtungskreise zu ermöglichen.
1825 3217 2913 3261 dem, was ich als Pflicht erkannt habe, abzu¬
731 3223 1811 3272 Der Herr Bürgermesster tilte mir jedoch hierauf mit, daß
1829 3249 2904 3302 bringen imstande sind. (Lebhafter Beifall und
727 3270 1806 3311 er nicht in der Lage sei. von seiner ersten Entscheidung ab¬
1829 3295 2919 3344 Händellatschen im Hause. Stürmischer Widerspruch, Piui¬
729 3298 1798 3345 zugehen. Aus Rücksichten der öffentlichen Sittlichkeit sah
1827 3337 2904 3390 und Abzugruse bei den Sozialdemokraten. Mehrere sozial¬
736 3335 1807 3384 sich nun das Bundesministerium für Inneres veranlaßt, die
1822 3367 2915 3418 demokratische Abgeordnete dringen mit stürmischen Rusen
735 3378 1801 3422 weiteren Aufführungen des „Reigen“ zu untersagen.
1829 3408 2906 3464 gegen den Plaz des Ministers Dr. Glanz. Unter stürmi¬
733 3412 997 3477 (Zwischenruse.)
1840 3448 2905 3500 schen Zurusen gegen den Minister schlagen die Abgeordneten
770 3434 1803 3502 Präsident gibt das Glockenzeichen und mahnt zur
1829 3488 2911 3548 Zelenka, Witternigg und Widholz heftig auf
720 3484 845 3544 Ruhe.
768 3524 1809 3579 Bundesminister Dr. Glanz: Ich mußte hiebei darauf
1827 3565 2923 3620 zu werden. Stürmische Entrüstungsrufe bei den Christlich¬
724 3556 1806 3613 Bedacht nehmen, daß es sich um ein Stück handelt,
1832 3602 2914 3648 sozialen. Großer langanhaltender Lärm, in welchem die
725 3592 1812 3650 dessen Grundlage, ja, wenn ich so sagen darf, dessen
1830 3633 2912 3685 Worte des Präsidenten nicht vernommen werden. Der
718 3640 1795 3695 Leiimotiv eine Sache bildet, die be
1835 3677 2906 3726 Präsident erteilt den Abg. Witternigg und Pölze:
727 3685 1820 3731 allen Völkern, selbst solchen, die sich auf
1831 3714 2913 3762 den Ordnungsruf. Großer Tumult. Vor der Minister¬
713 3725 1811 3777 niedereren Stufen der Zivilisationbe¬
1834 3756 2914 3802 bank kommt es zu stürmischen Auseinandersetzungen zwischen
731 3764 1811 3808 finden, den natürlichen Gefühlen ent¬
1827 3801 2915 3850 zahlreichen Abgeordneten. Die Ordner bemühen sich, die
714 3797 1807 3847 sprechend, mit einer gewissen Diskretion
1828 3830 2845 3895 heftig aufeinander geratenen Abgeordneten zu trennen.)
717 3844 1808 3885 umgeben wird. Die Vorgänge, die den Kern des in
1866 3870 2918 3919 Nachdem sich der Lärm einigermaßen gelegt hat, bemerkt
714 3873 1815 3924 Rede stehenden Stückes bilden, sind in dieser Beziehung
1826 3900 2922 3961 Präsident Dr. Weiskirchner: Ich muß über diese un¬
723 3917 1816 3966 durchaus etndeutiger Art. Die deutsche Kulturin
716 3949 2910 4006 Oesterreich wird gewiß keinen Schaden qualifizierbaren Vorgänge mein tiefste. Bedauern aus¬
716 4040 2919 4120 der Meinung des Arztes außerhalb jeder Gefahr. Aber sie Becher mundete allmählich fade. Das blieb alles nicht
712 4118 2909 4166 war gewiß dem Tode sehr nahe gewesen. Wenn sie jetzt immer so, wie es einst war. Der überirdische Zauber ver¬
729 4148 2606 4226 lebte, war sie geichsam zum zweitenmal geboren worden. flog. Der Rest war der Alltag der Erde.
1557 4200 1819 4258 # sich und
1850 4179 2913 4271 # muste der Tod über die Schultern Eisens. Sie
3030 777 3307 867 12. Februal
2931 860 3347 942 drücken. (Beisall. An
2946 915 3346 972 solche Vorgänge wir
2942 948 3323 1021 geschädigt. (Beisall.)
3034 1006 3328 1076 Der Standpun
2964 1048 3299 1117 Abg. Volker
2945 1093 3312 1155 sich um das Theater
2943 1137 3348 1196 Theaterstück ist plötzlc
2950 1182 3312 1239 ist uns jetzt ein neut
2952 1212 3303 1271 Ich weiß nicht,
2937 1242 3348 1313 Abg. Leuthner hieber
2939 1290 3325 1350 neuen Reigen
2957 1319 3329 1380 ühren und den Reig
2939 1358 3347 1423 hauptmann zu Lande
2941 1408 3346 1462 führen. Der heutige
2937 1445 3313 1498 Minister zeigen, daß
2944 1482 3341 1534 Verfassun; haben
2940 1513 3348 1578 bei den -Christlichsoz
2930 1557 3336 1619 den Sozialdemokraten
2947 1602 3341 1651 ein Bedienter, und n
2944 1631 3312 1680 des Volkes ist, der
2940 1664 3315 1722 (Erneuter, lebhafter
2937 1702 3253 1762 Christlichsozialen.
