3392 4256
282 106 788 191 11. Reigen
973 98 1387 177 box 18/1
722 642 1067 725 Monty Jacobs.
854 725 1486 807 „Neigen“ mit Hindernisse
730 799 1662 874 (Kleines Schauspielerhaus, Börlin.)
816 857 1654 919 Der Vorhang teilt sick. Gertrud Eysoldt,
731 907 1651 955 die Direktorin, tritt in schöner menschlicher Er¬
733 951 1426 989 regung zu einer Ansprache heraus.
739 987 1654 1040 Ihr Hauswirt, mit Vor= und Zunamen:
731 1013 1650 1085 Hochschule für Musik, wende auf Arthur Schnitz¬
727 1059 1651 1122 lers „Reigen“ den Paragraphen des Mietvertra¬
726 1104 1650 1157 ges an, der unzüchtige Stücke verbiete. So sei
738 1138 1653 1184 drei Stunden vor der Aufführung eine Verfü¬
728 1179 1656 1231 gung gekommen: Verbot bei Androhung von sechs
734 1210 1654 1268 Wochen Haft für die Direktion Sladek=Eysoldt.
734 1252 1653 1304 Wir spielen doch. Wir stehen für die Kunst uind
731 1286 1141 1342 für Arthur Schnitzler.
824 1316 1653 1381 Hm. Es bedarf keiner Beteuerung. Ich bin
733 1350 1643 1423 gegen verkavpte Zensur, gegen Theaterstörung
734 1416 1648 1455 im letzten Moment, gegen das Einsperren von
730 1451 1652 1500 Künstlerinnen. Aber Frau Eysoldt sagt es ja
739 1495 1665 1545 elbst, daß dieser Fall nicht entschieden werden
731 1520 1538 1568 kann, bevor der Vorhang hochgezogen sei.
811 1568 1654 1615 Schnitzlers Dialoge freilich bedürfen der Auf¬
726 1587 1660 1650 führung nicht, um vopulär zu werden. Wer sie,
721 1640 1656 1696 als Erwachsener, lesen darf, kennt sie längst und
724 1679 1644 1730 wer sie nicht lesen barf, kennt sie erst recht.
734 1714 1655 1766 Ihre Paare, mit wechselnden Partnern, werfen
740 1746 1647 1802 ich den Ball zu. Wenn er von der Straßendirne
739 1788 1639 1832 Laokadia zur Straßendirne Leokadia zurückge¬
740 1829 1642 1876 ehrt ist, so haben sich Welt, Halbwelt, Klein¬
737 1869 1646 1917 bürgertum, so haben sich Naivität, Blasiertheit,
733 1906 1643 1955 Pose, Eitelkeit, bewußte und unbewußte Gefühls¬
738 1952 1648 1998 üge im Reigen gedreht. Immer nur ein Paar.
722 1980 1638 2025 Stets vor, in und nach jener Situation, die
733 2020 1644 2076 sich selbst im zensurlosen Freistaat nicht auf
728 2062 1645 2103 der Bühne zeigt. Gedankenstriche, so drückt je¬
730 2096 1304 2146 der Dialog seine Pointe aus.
816 2134 1663 2193 Sollten diese Dialoge, an Glanz und Witz
723 2159 1645 2215 oöne Plumpheit ein begeidetes Besitztum der
732 2208 1647 2265 deutschen Literatür, auf die Bühne kommen? Ich
736 2249 1648 2302 halte mich an den einzig maßgebenden Jensor,
721 2276 1646 2337 nämlich an Arthur Schnitzler selbst. Fünfundzwan¬
725 2329 1651 2375 zig Jahre lang hat er mit scharfen Verwahrungen
732 2368 1561 2418 jede Aufführung seines „Reigen“ verboten,
820 2392 1656 2450 Wenn ## telbst jetzt seinen Spruch umstößt,
727 2426 1651 2489 so hat er der Bühne eine schwere Verantwortung
721 2479 1656 2536 aufgeladen. Denn den Glanz und den Witz sei¬
722 2520 1657 2561 nes Dialogs zu treifen, und die Schlingen der
721 2553 1648 2623 Plumpbest zu vermeiden, das ist die delikateste
736 2855 1605 3029 SL Riee sespliede Peschen
1679 662 2616 732 Aufgabe für ein intimes Theater. Nur eine Bühne,
1691 714 2600 759 die sich dazu berufen fühlt, darf das Wagnis un¬
1779 773 2601 838 Das Kleine Schauspielhaus ist diese Bühne
1691 822 2613 873 nicht Niemand wird, so höre ich einen weih¬
1686 869 2601 909 nachtlichen Engel flöten, niemand wird so grau¬
1698 906 2611 951 am sein, mit der Haftstrafe Ernst zu machen.
1700 943 2614 987 So brauchen wir alle also nicht die Dezenz der
1689 983 2609 1029 Aufführung zu bezeugen. Sie ging bis über die
1696 1018 2616 1065 Grenze der Illusion hinaus. Denn Schnitzlers
1697 1060 2601 1108 Gedankenstriche übersetzte der Regisseur Hubert
1697 1093 2604 1146 Rensch in einen grünen Florvorhang der bei sanf¬
1695 1134 2617 1188 ter Musik für wenige Sekunden über den Paa¬
1685 1173 2391 1224 ren zusammenschlug. Ein Augenblick
2395 1175 2609 1227 gelebt im
1695 1214 2617 1268 Paradiese, so konnten sie, mit der Uhr in der
1697 1248 2610 1296 Hand, konstatieren, wenn sie, aufs ehrbarste an¬
1689 1298 2618 1340 gezogen, wieder zum Vorschein kamen. Mit dem
1699 1332 2618 1387 olizeiblick läßt sich also nichts an der Direktion
1699 1364 1999 1415 Sladek aussetzen.
1776 1387 2618 1456 Der Kunst aber und dem Dichter geschah
1697 1442 2613 1500 nit dieser Aufführung kein Gefallen. Das Leben
1690 1482 2609 1529 ein Spiel, so heißt Schnitzlers Devise, und ein
1696 1520 2606 1575 Spiel ist ihm auch das Erotische. Wir aber ha¬
1681 1560 2603 1616 ben inzwischen in Wedekinds und Strindbergs
1688 1597 2597 1651 Werk das Stöhnen aus den Tiefen vernommen und
1695 1637 2599 1679 o will Witz und Glanz des Worts verbleichen.
1770 1679 2604 1735 Zudem bestätigte es sich auf der Bühne, daß
1687 1696 2603 1764 diese Dialoge nicht etwa für das Theater ge¬
1681 1756 2606 1807 dacht sind. Was beim Lesen der Reigen=Novelle
1692 1804 2607 1849 auf der Zunge vergeht, versagt auf der Szene
1683 1840 2604 1885 und das saftige Wort zur saftigen Situation
1685 1878 2601 1923 werden jene Kunstfreunde schmerzlich vermissen,
1682 1912 2600 1967 die Arthur Schnitzler von nun an als einen
1684 1948 2288 2005 konfiszzerten Antor hochschätzen.
1775 1975 2606 2033 Vor allem gaber sind die Dialoge nicht für
1687 2025 2601 2072 ein Theater gedacht, das solche Darstellerinnen
1686 2065 2603 2116 zu Tänzerinnen im Reigen bestellt! Wenn sie, im
1688 2104 2605 2147 rosaroten Morgenkleid, die Arme ausstreckten, so
1685 2148 2600 2194 war das Niveau dieser Vorstellung klar: Folies
1688 2179 2614 2221 Sladek! Für ihre Partner hatten sich würdigere
1684 2216 2602 2273 Kräfte gefunden, darunter die drei dichtenden Schiu¬
1690 2256 2601 2299 pieler Kurt Götz, Karl Etlinger aus Wien und
1690 2292 2599 2340 Robert Forster=Larrinaga. Doch selbst Göß als
1694 2337 2614 2381 unger Herr und Forster Larrinaga als ein fa¬
1690 2371 2600 2430 noser Aristokrat konnten den Widerstand ihrer
1679 2404 2597 2453 Damen nicht überwinden. Solaege in so frag¬
1683 2449 2597 2495 würdiger Schauspielkunst das Glitzernde stumpf
1677 2485 2599 2543 und das Graziöse platt wird, so lange sollte der
1692 2526 2605 2580 „Reigen“ nicht gewagt werden. Nicht wegen eines
1683 2550 2620 2625 Haftbefehls. Aber um der Kunst und um Schnitz¬
1633 3168 2564 3223 lers willen, für die ein Theater nun einmal
1648 3185 2618 3260 wirksamer eintreten muß in Ansprachen vor und #
1638 3241 2026 3310 nach der Aufführung.
1859 3321 2352 3404 Prager Modebrief.
