3484 4352
978 113 1385 210 box 18/3
264 126 776 232 11. Reigen
793 330 1434 460 unberechnei
794 476 1424 610 sode Schwangmbgden
679 718 1511 800 eaöaares erbraches triruner-aussensurr-acae
676 773 1522 851 BERLIN SO 16. RUNGESTRASSE 22-24
680 934 1542 1069 Frankfurter Zeitung
856 1042 1365 1127 Ausschnitt aus der Nummer vom:
994 1147 1259 1244 Abendblattz
1259 1154 1591 1245 HAUG.1927
651 1546 1703 1625 = [Theater=Rundschau.] Man schreibt uns: Die
557 1603 1708 1683 „Hamburger Kammerspiele eröffneten unter der
543 1644 1700 1704 *Leitung Erich Ziegels in der Kgl. Schauburg im Haag
574 1682 1701 1748 ein Gastspiek mit Schnitzlers „Zwischenspiel“, dem als
582 1722 1697 1784 Uraufführung für Hollund=den=Reigen“ folgte. Beide Aufführungen
587 1763 1686 1821 halken ber Publikum und Presse unwidersprochenen starken Erfolg
586 1801 1700 1865 Dem Ensemble gehören u. a. an: die Damen Halicz, Horwitz,
580 1844 1691 1900 v. Mahr, sowie Anni Reiter und Mela Schwartz vom Neuen
580 1881 1720 1939 Theater (Frankfurt), die Herren Benekendorff, Fernau, Son¬
576 1928 1062 2011 dingex, Wesolowsky, Ziegel.
1251 2480 1652 2584 Theater.
1306 2571 1566 2666 „Reigen.“
1075 2645 1845 2719 Wir in Temesvar sind immer um ein
1024 2686 1848 2769 Beträchtliches zurück und hinken allen
1016 2747 1702 2820 künstlerischen Dingen, die
1699 2759 1844 2822 weit
1019 2801 1857 2866 draussen ausserhalb dieser Grenzen
1018 2860 1863 2931 vorgehen, recht spät nach., So fuhr nun
1022 2892 1857 2990 der Temesvarer Bummler auch in der
1023 2953 1851 3029 Station Artur Schnitzler glimpflich
1016 2999 1839 3077 ein. Was von dem Dichter des Wienel
1031 3050 1837 3135 süssen Mädels in dieser Szenenfolge
1017 3098 1853 3173 festgehalten und vor der öffentlichen
1016 3161 1842 3223 Schausteilung lange Jahre hindurch
1026 3219 1845 3284 von ihm selbst streng gehütet wurde
1017 3264 1838 3334 hat man in Kreisen, die im „Reigen'
1017 3315 1845 3376 lediglich etwas anderes erblicken als
1016 3367 1853 3442 eine feiste Erotik, schon längst“ als
1018 3417 1855 3492 eine literarische Tat verbucht. Der
1013 3472 1866 3542 sexuelle Kreisel unserer irdischen
1013 3517 1846 3588 Laufbahn, dieses gewisse Ringelspiel,
1025 3575 1836 3650 dem ein menschliches Wesen sein Da¬
1019 3631 1849 3688 sein verdankt und welches ihm von der
1022 3678 1844 3750 Wiege bis zum Sarge zu einem eigent¬
1012 3721 1850 3794 lich grotesken, aber tiefmenschlichen
1013 3779 1838 3855 Leitmotiv wird, diesen ewigen Kreis¬
1020 3828 1839 3907 lauf, der bei der Dirne anfängt und über
1016 3882 1844 3959 Stubenmädelien, ghädige Frau, Back¬
1012 3938 1854 4003 fischlein, Schauspielerin hinaus bei
1013 3981 1851 4065 der Dirne aufbört, hat Schnitzler in
979 4043 1103 4127 E
2516 150 2695 225 Seite 3
1898 250 2746 324 acht mutigen, von der Wiener Luft
1903 323 2729 383 angehauchten Bildern" eingefangen.
1907 370 2749 431 Scheinheiligkeit und Selbstbetrug
1908 419 2735 476 lassen sich freilich von der Wahrheit
1905 464 2733 527 unc der dichterischen Ehrlichkeit
1905 520 2740 585 dieser Dialöge kaum, überzeugen und
1904 572 2737 647 daher der Rummel, den sie„bei jeder
1905 621 2725 692 Gelegehhléit und auch schon in Buch¬
1903 673 2743 737 form bei einer gewissen Menschensorte¬
1905 728 2718 799 auslöslen, Dass aus dem fein ge¬
1903 761 2732 836 dachten Gewebe keine kulissenhafte
1903 830 2735 895 Derbheit werde, gibt jedenfalls allen
1904 872 2740 938 Regisseuren zu Bedenken Anlass, die
1900 925 2723 1006 freilich von dem primitiven, Bülinen¬
1903 985 2721 1052 gehäuse im Grand Hotel am allerwe¬
1896 1031 2738 1095 nigsten zerstreut werden konnten.
1909 1083 2735 1143 Und'so gab es infolge der vollständig
1912 1136 2743 1196 unzufänglichen technischen Mittel,
1906 1187 2744 1258 trotz des stets pünktlich einsetzenden
1905 1234 2744 1297 Wiener-Walzers, ein Herumtasten der
1910 1288 2737 1358 Beiläufigkeit, das aber von der Intenr
1907 1340 2751 1398 tion der Theaterleitung, einmal elwas.
1913 1402 2741 1458 anderes zu bieten, einigermassenögut¬
1907 1443 2727 1500 gemacht wurde in dieser reparations¬
1906 1490 2737 1560 bedürftigen Zeit. Die einzelnen Dar¬
1898 1547 2044 1607 steller
2042 1540 2741 1610 — besonders die Damen
1905 1595 2725 1668 Harmath und Käroly hatten-De¬
1905 1644 2766 1718 achtenswerte Momenté — bewegten
1901 1702 2771 1763 sich in dem ungewohnten Rahmen,mit##
1903 1753 2741 1811 ziemlichem Gelingen. Das Bublikum
1902 1801 2751 1860 fasste die Sache als gesellschaftliches
1904 1856 2746 1916 Ereignis auf, erschien“, in dichten
1904 1900 2726 1955 Scharen — alles war dabei — und be¬
1899 1952 2736 2014 handelte Schnitzlers „Reigen“ als ein
1889 2002 2727 2077 saftig-erotisches Stück; dementspre¬
1908 2051 2740 2117 chend grinste man vielsagend bei jeder
1900 2104 2744 2162 Stelle, wo man eine dicke Schweinerei
2187 2160 2742 2241 während es dech um
1904 2161 2187 2222 witterte —
2630 2212 2702 2293 ei,
1900 2208 2305 2279 Menschliches ging.
1946 2295 2738 2375 Die nächste Premiere. Der freitägigen
1898 2358 2733 2418 Aufführung der Operette „Gyöngyviräg
1892 2404 2730 2466 kisasßony“ wird außerordentliches Inter¬
1899 2439 2736 2520 esse entgegengebracht. Der Komponist der
1893 2503 2732 2578 Operette ist, wie wir bereits kurz berich¬
1890 2554 2734 2610 teten, der gewesene Arader Finanzoberrat
1898 2603 2736 2664 Koloman Köpf, ein Schwiegersohn des
1905 2648 2733 2713 hiesigen Arztes Dr. Zanker, der gegen¬
1900 2701 2731 2756 wärtig in Temesvar wohnt. Die Operette
1901 2751 2725 2812 gelangte seinerzeit in Ofen bei Direktor
1899 2798 2727 2849 Sebestyen vor ausverkäuften Häusern zur
1903 2851 2732 2907 Aufführung und erzielte damals die ein¬
1902 2892 2736 2966 mütige Anerkennung der Budapester Kri¬
1896 2945 2732 3010 tik. Das Stück hat seinen erfolgreichen
1902 2987 2725 3047 Weg nach Temesvar und Arad fortgesetzt
1899 3041 2731 3099 und sollte auch schon in Siebenbürgen in
1909 3083 2733 3139 Szene gehen, was jedoch durch die Revo¬
1908 3134 2731 3194 lution verhindert wurde. Nun bereitet sich
1900 3184 2725 3241 das Operettenensemble des Direktors Fe¬
1901 3229 2732 3288 kete zur Auffrischung des melodienreichen
1892 3281 2723 3342 Werkes vor und sind die Proben unter
1906 3336 2729 3387 ersönlicher Leitung des Komponisten,
1894 3376 2724 3429 der auch bei der Aufführung das Orchester
1899 3425 2729 3481 dirigiert, in vollem Gange. Koloman Köpf
1900 3476 2732 3533 ist übrigens Vollblutmusiker, der an dem
1891 3521 2723 3575 Orchester der Arader Philharmoniker als
1903 3567 2729 3633 Primgeiger mitwirkte und jetzt auch an
1899 3615 2738 3689 der städt, Musikschule als Professor tätig
1900 3669 1959 3725 ist.
1900 3728 2737 3799 Verantwortlicher Redakteur Arpad Weil.
