3436 4224
131 112 501 170 fragen vor, die sich
127 156 502 222 ndelshofes und der
131 208 491 268 lerhaus in Hand¬
138 256 492 324 erkung eines hiesi¬
130 308 503 374 kehr die Kunst
134 354 501 426 to höher steht
132 408 498 464 Kreisen der Bür¬
150 456 497 525 So ist gelegentlich
130 501 490 570 berger eine verhält¬
191 559 497 633 Bau gezeichnet
155 661 485 729 Steindamm=Laak.
170 713 494 770 Dezember ist ein
137 749 486 808 Herrn Puhle und
148 790 495 849 Gründen, bedingt
131 822 486 886 den Bericht gekürzt
147 874 483 940 erwähnen, daß der
188 912 489 965 Locwe: „Der ge¬
123 937 495 1000 dHill: „Das Herz
168 987 481 1044 auch durch einige
131 1026 481 1094 id, größten Beifal
130 1103 487 1193 kuppe der Deutsch¬
152 1173 477 1239 im „Dortmunder“
131 1218 486 1284 engruppe der
144 1270 485 1346 utschnation a¬
161 1356 492 1438 entrollte der Vor¬
150 1414 488 1476 senen Jahres. Die
128 1461 489 1515 ern in Königsberg
135 1499 486 1562 der Gruppe Reichs¬
129 1540 485 1595 n. Aus der Orts¬
134 1580 483 1636 sor Rahn, Freiherr
139 1620 491 1680 e beteiligte sich an
128 1663 493 1724 Ausschusses so¬
131 1706 488 1760 ruppe Inster¬
130 1743 487 1801 er Ortsgruppe und
137 1783 495 1834 in Vertreter wurde
145 1828 485 1882 Angestelltengruppe
127 1872 485 1930 e lebhaftesten An¬
133 1968 458 2066 kunstleben.
129 2047 246 2137 en“.
132 2174 488 2254 “=Sensation. Das
136 2231 497 2291 erbittert gekämpft
128 2275 492 2331 leben. Es sind Vor¬
138 2316 486 2373 uing vor jeder Stö¬
137 2363 486 2412 werden, zur Erst¬
143 2401 496 2457 gäste des Theaters,
135 2439 489 2498 des für Neue Ton¬
131 2479 486 2537 kum, Zutritt. Das
123 2523 496 2585 spielhauses sich be¬
131 2565 484 2623 ewöhnliches zu un¬
140 2606 482 2660 ung der „Reigen“.
147 2647 487 2700 Unternehmen. Das
134 2684 497 2743 Bevormundung der
131 2723 490 2790 s entschiedenste ab¬
133 2800 483 2863 sanerkennen müse
154 2853 484 2907 ein pornographi¬
125 2894 484 2953 keinen künstlerischen
152 2938 487 2990 frivol nennt, ver¬
150 2971 486 3032 dem der schlechten
134 3020 484 3070 nung leiser Melan¬
148 3056 486 3119 viel orgentrierter
139 3096 498 3154 mütigen Reiz gibt.
152 3139 490 3193 Schnitzler im „Rei¬
146 3182 488 3235 ster Kultur in der
145 3213 489 3275 dert. Und mit bit¬
147 3261 488 3314 eigentlich nur eine
153 3300 494 3357 Oder wie der Graf
130 3340 496 3400 ichere in der Liebe.
150 3386 499 3439 es gar nicht. Und
134 3419 495 3480 gs als Lehre und
141 3463 502 3528 ßen, was man von
141 3506 338 3558 rig bleibt.
136 3538 487 3603 ndieser Erkenntn
123 3584 487 3648 tund Schwäche des
551 131 1774 175 tung diesas Betrages seitens der polnischen Ragierung. Im Auf¬
548 167 1780 218 wag des Oberpräsidenten der Provinz Ostpreußen hat sich dessen
539 200 1774 254 Berliner Vertreter beim Reich= und Staatsministerium des nähe¬
552 257 1771 299 ren mit dieser Angelegenheit befaßt und den betreffenden Antrug
541 288 1770 336 mit zwecktsenlicher Veründung dem Staatskommissar vongelegt
539 321 1772 387 der neuerdings zur Regelung der Ansprüche aus Beschlagnahmim¬
554 371 1769 419 gen von Waren darrch die Polen bestellt worden ist. Der Berliner
546 415 1770 462 Vertreter des Oberpäsidenten wird sich auch weiterhin für die För¬
549 450 1777 500 derung der Angelogenheit im Sinne der Antragsteller verwenden.
613 500 1778 556 Remonteankäufe 1922. Ebenso wie in den beiden vorherghen¬
537 549 1772 600 den Jahren wird auch im Frühjahr 1922 bzw. Sommer ein großer
548 583 1769 640 Ankauf drei= und vierjähriger warmblütiger
545 637 1770 686 Remonten duch die erste Remontierungskommission des
539 677 1774 730 Reichswehrministeriums stattfinden. Die Märkte (öffentliche und
542 717 1769 767 private) erstrecken sich über die ganze Provinz. Die Züchter haben
539 751 1770 819 hierbei Gelegenheit, in der Nähe ihrer Wohnstätten ihre Remonten
539 798 1774 850 abzusetzen. Amtllche Bekanntmachungen über die näheren Ter¬
542 835 1772 886 mine und Ankaufsbedinungenerfolgen voraussichtlich im Februar.
541 875 1775 930 Die Kommission legt großen. Werd darauf, daß die Mähnen der
547 926 1110 992 Pferde nicht gescharen werden.
651 971 1796 1031 Gesetzentwürfe über Personenschäden und Gehaltspfändbar¬
536 1012 1773 1065 keit. Der Reichsrat nahm den Gesetzentwurf über den Ersatz
542 1050 1772 1112 der durch den Krieg verursachten Personenschäden
549 1096 1778 1144 an. Grundsätzlich sollen danach alle Reichsangehörigen, die durch
541 1132 1774 1190 den Krieg innerhalb und außerhalb des Reiches Schädigungen
546 1176 1772 1230 an Leib und Leben erlitten haben und nicht unter das Reichs¬
548 1222 1773 1268 versorgungsgesetz vom 12. Mai 1920 fallen, entschädigt werden.
538 1251 1776 1304 Der Reichsrat genehmigte ferner den Gesetzentwurf über die
542 1295 1782 1350 Pfändbarkeit von Gehaltsansprüchen. Danach
548 1340 1774 1392 sind die Pensionsansprüche von Beamten, Offizieren und
554 1379 1772 1430 Angehörigen der Wehrmacht bis zum Betrage von
541 1416 1614 1476 3000 — bisher 2000 — Mark unpfändbar.
547 1459 1767 1521 unpfändbar sind die Teuerungszulagen und
542 1496 992 1567 Kinderbeihilfen.
659 1544 1770 1603 Ausstellung: „Die Wärme im Haushalt und Kleingewerbe“.
551 1595 1777 1647 Die Preußische Kohlenwirtschaftsstelle teilt uns folgendes mit:
546 1648 1778 1693 Infolge von eingetretenen Transportschwierigkeiten
552 1677 1782 1732 kann die Eröffnung der Ausstellung „Die Wärme im Haushalt
548 1725 1770 1778 und Kleingewerbe“, die für den 14. Dezember vorgesehen war, erst
542 1771 1218 1827 am 17. Dezember erfolgen.
658 1810 1776 1873 Jugendschriftenverzeichnis. In allen Volks= Vereins= und
543 1862 1779 1920 Schülerbibliotheken spürt der Leiter es sofort, wenn die Tage kurz
540 1969 1782 2025 Lebensgefühls, die für Schnitzler und viele seiner und unserer
545 2015 1778 2063 Rigenossen charakkteristisch ist. Schnitzlers Kunst ist ja überhaupt
546 2054 1780 2107 die Kunst der höchst kultivierten und höchst sonsitiven Gefühls¬
554 2099 1773 2149 schwäche. Wer aber den „Reigen“ dieser dekedenten Auffassung
552 2134 1775 2185 der Liebe wegen unsittlich nennt der müßte konsequent nicht nur
541 2178 1784 2228 ilm, sondern alle Werke Schnitzlers verbieten, weil sie alle Aus¬
549 2215 1781 2276 druck denselben Weltanschauung sind. Doch die Unzüchtigkeit des
551 2263 1771 2311 „Reigens“ wird ja vor allem in der Darstellung der intämsten
546 2308 1771 2357 Situation erbblückt. Gerade hierbei zeigt es sich aber, daß der
555 2349 1782 2395 „Reigen“ nicht Pornographie ist. Denn diese unterscheidet sich von
544 2388 1774 2436 dem orotischen Kunstwerk dadurch, daß bei ihr der Gogenstand der
546 2432 1774 2474 Darstellung, also die erotische Handlung, auch der Zweck der Dar¬
550 2466 1770 2518 stellung ist während bei dem Kunstwerk das Gegenständliche nur
542 2503 1767 2555 dazu dient. Seelisches darzustellen, das mit ihm verbunden ist.
555 2545 1778 2599 Dass Geistige ist ihm das wesentliche und wenn Hebbel in seiner
544 2581 1765 2638 „Judith“ eine Situation auf die Bühne bringt, die viel brutalen
552 2625 1774 2678 ist als die Schnitzlerschen, so tut er es nicht, um eine Vergewalti¬
556 2666 1770 2719 gung darstellen zu lassen, sondern um die Kämpfe in der Seele
542 2706 1764 2764 Judiths zu zeigen, die diese Tat in ihr hervorrufen. Und so will
548 2747 1771 2802 auch Schnitzler nicht die erotische Handlung als solche vorführen,
550 2788 1771 2845 sondern balb dir Enttäuschung bald die Ernüchterung, oder das
555 2825 1776 2884 Sich=Mißverstehen, die Gefühlsroheit und die Selbsttäuschung die
555 2862 1778 2928 nach simer Auffasssung untrennbar mit ihr verbunden sind. Auf
556 2914 1774 2966 diese Stimmungen kommt es ihm an, durch sie spricht er stin pes¬
550 2945 1773 3009 simistisches Bekenntnis aus. Darin besteht der versönliche Gehalt,
556 2988 1773 3047 der künstlerische Charalkter des Werkes, durch den es sich von einem
546 3040 1770 3088 Machwenk unterscheidet, das nur zu dem Zweck geschrieben ist, sexu¬
549 3073 1777 3131 ell zu erregen. Solche frivolen Absichten kann man wohl villen
547 3110 1765 3177 unserer modernen Openetten und Schwänken, nicht abar dem „Rei¬
545 3163 846 3223 gen“ vorwerfen.
656 3198 1780 3260 Innerhalb des Gesamtwerks Schnitzlers nimmt der „Rei¬
550 3246 1778 3308 gen“ keinen besonders hervorragenden Rang ein. Schnitzler hat
1201 3291 1767 3340 Wer überhaupt die Liebe so in
551 3306 1204 3344 Werke geschrieben, die besser sird.
553 3333 1770 3392 Frage stellt, wie es Schnitzler tut, der sollte sich eine andere
547 3366 1770 3419 ernstre künstlerische Form suchen als die der eleganten Konver¬
562 3418 1767 3466 ation, der sollte auch ihre Problematik tiefer und tragischer er¬
558 3448 1769 3507 fassen. Hier zeigt wieder ein Blick auf Hebels „Jndith“ wie durch
548 3495 1776 3549 die Intensität und Ungebrochenheit der Empfindung der künstle¬
548 3533 1768 3581 rische Gehallt des Werkes gesteigert wird, und wenn auch der
543 3567 1774 3632 künstlerische Charakter des „Reigen“ nicht zu verkennen ist, so
1833 120 3048 181 nuer Gummösauger mit Gummiring und anderen Aluminium¬
1843 160 2480 226 teilen. (Zimmer Nr. 96 oher 60.)
1948 206 3049 273 Angeschossener Einbrecher. In letzter Nacht kurz nach 3 Uhr
1830 256 3051 305 wurden Beamte der Schutzpolizei nach dem Hause Kronprin¬
1838 303 3053 351 zenstraße 17 gerufen. Dort war ein Einbruchsversuch unter¬
1841 340 3048 383 nommen worden. Ein Einbrecher hatte vom Garten aus eine
1835 384 3052 431 Leiter an das hochparterre gelegene Fenster des Schlafzimmers
1829 428 3058 471 eines dort wohnenden Kaufmanns angelegt und die Scheiben des
1837 462 3058 508 Doppelfensters zertrümmert. Infolge des Geräusches, das die
1836 505 3053 556 fallenden Glasscherben verursachten, erwachte der Kaufmann und
1843 543 3060 588 sah, wie ein unbekannter Mann versuchte, die Fensterriegel von
1836 589 3057 636 innen zu öffnen. Er gab darauf aus seiner auf dem Nachttisch
1838 625 3054 675 liegenden Pistole einen Schuß auf den Einbrecher ab,
1829 665 3052 715 der anscheinend auch traf. Jedenfalls sprang der Mann von der
1830 704 3050 751 Leiter hinunter und entkam in der Dunkolheit. Erst zwei Stun¬
1839 745 3055 791 den später, gegen 5 Uhr morgens, wurden Beamte der Schutzpolizei
1835 787 3062 837 nach der Hardenbergstraße gerufen, wo man einen Mann mit
1828 826 3061 884 einer Schußwunde in einem Oberschenkel aufgefunden hatte. Es
1825 872 3057 917 handelte sich um den Schmied Karl William Wasel, der angab,
1835 915 3061 961 obbuchlos zu sein. Wie es sich herausstellte, ist es der Mann, der
1839 948 3062 998 bei dem Einbruchsversuch in der Kronprinzenstraße angeschossen
1839 986 3065 1035 worden war. Von den alarmierten Samaritern der Feuerwehr
1836 1026 2805 1079 wurde er dem Städtischen Krankenhause zugeführt.
1882 1124 3000 1201 Theater, Konzerte und sonstige Veranstaltungen.
1938 1201 3056 1250 Stadttheater — Oper. Heute 7 Uhr: „Die Jüdin“ Mittwoch:
1830 1232 3060 1283 Erstaufführung: „Fra Diavolo“ komische Oper in 3 Aufzügen von
1979 1275 3047 1322 Für die Partie des Lord Kookburn wurde Herr Bennett
1837 1281 1972 1326 Auber.
1827 1318 3054 1359 Challis als Gast gewonnen. Infolge zahlreicher Erkrankungen im
1836 1356 3047 1402 Personal hat Frl. Meyer die Partie der „Zerline übernommen
1840 1389 3053 1449 Szenische Leitung: Herr Direktor Hertzer, musikglische Leitung:
1835 1422 3051 1475 Herr Wilhelm Franz Reuß. Donnerstag: „Mignon: Sonnabend:
1821 1460 2634 1522 „Tosca“. Sonntag 7½ Uhr: „Fr Diavolo“.
1936 1494 3048 1554 Stadttheater — Volksbühne. Bühnentechnischer Schwierigkeiten
1825 1537 3062 1584 halber findet die nächste Wirderholung des Weihnachtsmärchens „Wir
1827 1573 3047 1620 Klein=Else das Christkind suchen ging“ erst Sonnabend, den 10. De¬
1828 1611 3045 1675 zember, 3 Uhr statt. Bereits gelöste Billette behalten ihre Gültigkeit
1836 1654 3055 1693 Am Freitag geht „Wallemsteins Tod zum letzten Male als Abend¬
1835 1690 3059 1731 vorstellung in Szene. Die „Wallenstein=Trilogie“ am Sonntag, den
1827 1720 3048 1763 11. Dezember, beginnt vormittags 10 Uhr und setzt sich nachmittags
1827 1755 3046 1818 3 Uhr fort (nicht 4 Uhr, wie irrtümlich der Theaterzettel meldet).
1824 1793 2756 1842 In Vorbereitung Hermann Sudermanns „Notruf
1943 1819 3052 1874 Neues Schauspielhaus. Heute sowie Mittwoch, Freitag und
1821 1850 3055 1903 Sonnabend (8 Uhr): „Reigen". Mittwoch nachmittag, Sonnabend
1865 1903 1958 1963 M
1828 1948 3061 2020 gibt es doch eine Kunst, die größer ist als die wienerisch=weiche
1836 1995 2044 2056 Schnitzlers.
1947 2019 3054 2094 Die Aufführung des „Reigen“ freilich erscheint uns als ein
1835 2083 3061 2132 Unternehmen, das besser unterblieben wäre. Wir kennen unser
1826 2119 3053 2172 Theaterpublikum, wir haben sein rohes Lachen oft gehört mit
1827 2161 3062 2209 dem es bewies, daß es gar keine Auffassung für die seelische
1829 2196 3062 2244 Atmosphäre besitzt, in die der Künstler das Gegenständliche seines
1834 2246 3049 2292 Werkes stellt. Wir wissen, daß es nur die nackten Tatsachen ver¬
1837 2321 3061 2372 sches nur rein sexuell auffaßt das Boccaccic und Mikosch für
1839 2361 3062 2402 Geistesverwandte hält, ein solches Publikum wird durch Schnitz¬
1834 2401 3057 2443 lers „Reigen“ nur in seinen niedrigsten Instinkten erregt. Und
1829 2437 3065 2489 bei jeder Gelegenheit zeigt es sich, daß der Durchschnittsmensch
1840 2480 3058 2533 von heute leider — auf dieser tiefen Stufe menschlichen Da¬
1842 2520 3059 2562 seins steh“. Wer an der Theaterkasse die Gesichter derer gesehen
1838 2552 3053 2608 hat, die, bereit, jeden Revers zu unterschreiben angeblich aus
1837 2604 3052 2653 reiner künstlerischer Begeisterung in endloser Reihe nach Eintritts¬
1825 2639 3058 2692 karten zum „Reigen“ anstehen, der fühlt schon bei diesem Anblick
1831 2678 3048 2725 die ekelhafte Stimmung, dig im Zuschauerraum herrschen wird
1842 2718 3054 2772 und er hört schon das widerliche Lachen derjenigen, die mit ihren
1835 2757 3053 2800 Namon unterschreiben, daß ih#en der „Reigen“ als ein Werk ern¬
1842 2798 3046 2852 ten Charakters bekannt ist. Nur vor einem auserlesenen Publi¬
1831 2830 3049 2885 kum wäre die Aufführung des „Reigen“ möglich, und wie man
1842 2878 3045 2921 inreife Jugendliche, sollte man auch unreife Erwachsene von der
1836 2913 2294 2966 Aufführung fern halten.
1942 2959 3050 3013 Doch schließlich: Warum überhaupt den „Reigen“ aufführen?
1817 2996 3060 3054 Aus den Bemerkungen Schnitzlers geht deutlich hervor, daß er nie
1815 3054 3052 3101 an eine Aufführung seiner Dialoge gedacht hat. Er beginnt z. B.
1828 3082 3049 3134 das dritte Bild mit folgenden Worten: „Heißer Sommernach¬
1821 3125 3055 3175 mittag. Die Eltern sind schon auf dem Lande. Die Köchin hat
1825 3170 3048 3226 Ausgang. Das Stubenmädchen schreibt in der Küche einen Brief
1817 3210 3060 3266 an den Soldaten, der ihr Geliebter ist. Es klingelt aus dem
1824 3251 3050 3302 Zimmer des jungen Herrn. Sie steht auf und geht ins Zimmer
1818 3294 3053 3349 des jungen Herrn.“ Und nun erst beginnt der Dialog Aehnliche
1829 3329 3046 3379 Bemerkungen finden sich öfter. Sie zeigen, daß der „Reigen“ ur¬
1832 3378 3058 3429 prünglich zur Lektüre und nicht zur Darstellung bestimmt war.
1820 3416 3050 3461 Man hat auch den Eindruck, daß die Dialoge gelesen feiner und
1825 3455 3046 3500 geistreicher wirken, als aufgeführt. Jede Aufführung wird die
1831 3494 3049 3549 feinsten Stimmungsreize der Gespräche verwischen. Und schließlich
1819 3532 3056 3578 ist die Frage nach der Aufführbarkeit dieser Szenen eine Frage
1823 3580 3044 3638 des künstlerischen Taktes. Sie ist einst von Blättern verneint wor¬
