3336 4352
223 122 741 229 11. Reigen
934 117 1348 220 box 17/2
853 692 1342 802 epe
1759 781 1913 907 8
1800 905 1900 955 erichiog
1787 924 1887 978 ome
1117 1334 1265 1420 2
1318 1367 1412 1433 SE
1184 1390 1222 1432 1
1127 1406 1222 1465 i
1316 1424 1392 1496 2
1461 1353 1562 1492 2
1234 1542 2420 1667 Sehr geehrter Herr Staatsanwalt!
1102 1624 2705 1730 Wenige Tage, nachdem ich August Weissl's „Gräfin Julie, ein
982 1696 2702 1784 Kapitel Liebeswahnsinn·F) gelesen hatte. belehrten mich die Zeilungen,
976 1745 2685 1837 dass auch-Sie das Buch inzwischen lasen und sich bemnüssigt fühlten, es als
981 1798 2690 1890 öffentliches Aergernis erregend und das Schamgefühl gröblich verletzend zu
983 1840 2694 1928 verbieten. Gestatten Sie mir. anlässlich dieses Zensurerlasses mit Ihnen
986 1895 2682 1983 in Korrespondenz zu treten! Erst einmal eine Frage: Haben Sie den „Reigen“
993 1948 2700 2037 eines sicheren Herrn Schmitzler auch gelesen? Es ist dies ein Buch, das der
990 1989 2705 2083 männlichen und weiblichen Lebewelt mit sehr mittelmässiger Geistes- und noch
989 2050 2699 2126 mittelmässigerer Herzensbildung“ „famos“ erscheinl, von allen aber, die Anslands¬
993 2083 2701 2189 gefühl besitzen und von einem Buch einen gewissen Kunslwert verlangen und
999 2139 2706 2227 voraussetzen, einstimmig verurteilt wird. Solllen Sie dies elende Machwerk
995 2185 2700 2282 noch nicht gelesen haben, so bin ich bercit, ihnen mein Exemplar — es ist
1002 2242 2702 2323 noch nicht konfisziert — zu leihen. Lesen Sie es und vergleichen Sie die beiden
999 2287 2706 2372 Bücher und dann ziehen Sie folgende Lehren und Schlüsse daraus: Was erstens
1005 2338 2701 2420 den Inhalt betrifft, so handelt es sich in „Gräfin Julie“ um ein Thema, das
995 2391 2720 2469 allerdings durch und durch crotisch ist. dessen psycho- und pathologische
1006 2440 2708 2528 Seite aber auch vom Standpunkte des künstlers aus ein eminentes Interesse
1006 2486 2712 2568 zu erwecken vermag, kurz, es ist ein Stoff, den zu behandeln, zu beleuchten
1004 2526 2707 2619 und zu ergründen kein Künsller sich zu schämen braucht. Solllen Sie das
1001 2578 2712 2664 Thema etwa verkannt unt blosse Pikanterie gesucht und entdeckt haben, So
1012 2641 2717 2728 erlaube ich mir. Sie darauf aulmerksam zu machen, dass August Weissl in
1007 2695 2718 2768 seinem Buche zeigt, wie Liebe, die nichts ist als tierisch sinnliche, seclenfremde
1008 2722 2719 2813 Leidenschaft, einen Menschen geistig, seelisch und körperlich an den Rand des
1006 2778 2718 2855 Verderbens führt, ja zerbrichl und schliesslich sogar zum Morde oder Wahnsinn
1004 2829 2728 2907 treiben kann. Dass der Aufor mit solch einer Schilderung für diese Art von
1007 2881 2720 2962 Liebe, für die Antimoral plailiert, wird kein vernünftiger Mensch behaupten
1007 2925 2722 3009 können — die Anwesenden inmner ausgenommen. ingegen ist Schnitzlers
1011 2960 2731 3056 Thema, von welcher Seite man es auch betrachten mag. weder phiysio- Hoch¬
1019 3015 2721 3111 psychologisch von künsllerischem Interesse, ist vielmehr eine ganz plalte
1005 3083 2721 3158 Schilderung eines alltäglichen Vorganges, der wedler mit der Liebe in edlem
1007 3118 2733 3205 Sinne noch mit der Leidenschaff in machtvoller Bedentung etwas gemein hat,
1025 3169 2710 3260 sondern lediglich das seelentreinde. rein lierische Paarungsverlangen und Genuss¬
1018 3210 2735 3315 element unschön behandelt. Eine eines Künstiers gänzlich unwürdige, ekelhaft
1022 3276 2731 3356 gemeine Stoffwahl, die nichts Neues, nichts in die Tiefe Dringendes und nichts
1017 3335 1672 3404 in die Höhe Führendes bietet.
1145 3356 2734 3452 Belrachten wir zweitens die Formfrage, lieber Hlerr Staatsanwalt! (Ich
1024 3429 2738 3498 werde beim Schreiben langsam wärmer: desshalb verübeln Sie mir dies intimere
1145 3485 1934 3593 *) (Hermann Seemanns Nachfolger, Leipzig).
1057 3595 1232 3799 ∆0
