3336 4320
72 1462 165 1544 wahl
96 2671 290 2760 barsam
147 2751 284 2829 und
85 3221 261 3306 9 i. Dr
60 3292 268 3390 66,3387
210 141 293 239 11
253 3080 448 3227 zwese
309 1674 440 1759 6-7
402 149 724 257 Reigen
903 132 1317 240 box 13/1
1012 905 2551 1051 Hefte des Neuen Schauspielhauses
987 1050 2551 1141 Königsberg Pr. / Direktion: Richard Rosenheim
1005 1155 1290 1225 3. Jahrgang
1567 1158 1952 1223 Sonder=Nummer
2214 1161 2543 1228 Dezember 1921
1007 1252 2554 1319 Herausgeber: Dr. Wolff von Gordon Verlag: F. A. Herrmann, Königsberg
1004 1455 2545 1554 Schnitzler und sein „Reigen“.
1517 1541 2045 1629 Von Stefan Großmann.
1118 1607 2550 1695 Arthur Schnitzler, viele Jahre lang der mondäne Dichter Wiens,
1007 1652 2548 1736 Sohn eines berühmten Gelehrten, selber Arzt, gute Erscheinung, nicht
1000 1723 2551 1772 ohne ganz leise und deshalb annehmbare Selbstgefälligkeit, in der Kon¬
1000 1770 2549 1826 versation still, wohlerzogen, von angenehmem, feinem Witz, guter Musiker,
1011 1822 2546 1884 Weltmann, in behaglichen wirtschaftlichen Verhältnissen, nicht arm, aber
1006 1873 2545 1926 auch nicht reich, und zu alledem noch ein bißchen Melancholiker, mit einer
1008 1925 2545 1982 Stirnlocke, die pessimistisch in das sanft gerundete Gesicht fällt. Einmal
1010 1974 2538 2028 sah ich eine Kinderphotographie von ihm, da stand er in einem Sammet¬
1000 2027 2540 2083 anzug da. Den Sammetanzug hat er nie ganz verloren. Er hat sich nie
995 2067 2548 2143 im Sande oder Schmutz herumgebalgt, er schlich immer ein wenig beiseite,
1004 2121 1541 2193 Knabe im Sammetanzug.
1133 2156 2537 2224 Es versteht sich, daß ein hübscher liebenswürdiger junger Mann
1007 2212 2542 2281 von solchen Gaben und Eigenschaften in Wien die Schätzung der Frauen
1001 2269 2545 2342 fand, und da er bester Bourgeoisie entstammte, von politischen oder reli¬
1006 2324 2541 2381 giösen Idealen nicht besessen war, so war nichts natürlicher, als daß ihn
1004 2380 2546 2445 von allen Themen des Lebens eigentlich keines interessierte außer dem
1752 2425 1802 2476 *
1006 2420 1456 2483 Thema: Femininum.
1132 2462 2540 2537 1862 ist sein Geburtsjahr. Am 15. Mai dieses Jahres feiern wir
1005 2523 2547 2594 seinen 60. Geburtstag. Das bedeutet, daß seine literarische Werdezeit in
1004 2567 2545 2629 die achtziger Jahre fiel. Es ist für den allzeit formsicheren Schnitzler
999 2613 2534 2682 charakteristisch, daß er nie in den trivialen Naturalismus fiel. Entscheidend
1001 2674 2546 2734 dürften eben doch französische Einflüsse gewesen sein. Nicht russische. Man
1000 2724 2543 2783 kann zwischen dem Antlitz des älteren Alfonse Daudet und dem Gesichte
1006 2765 2532 2826 Arthur Schnitzlers einige Aehnlichkeiten feststellen. Beide sind hommes
1004 2825 2540 2873 à femmes. Beide sind Melancholiker, beide sind von liebenswürdiger
1000 2869 2534 2933 Bitterkeit und beide tragen, über eine weltstädtische Gemütsphilosophie
997 2921 2532 2983 hinausstrebend, Keime einer zarten, ernsten, weitherzigen Moral in sich.
997 2972 2531 3023 Man darf Schnitzler betrachtend, nicht vergessen, daß er nicht nur äußer¬
1004 3020 2532 3076 lich Arzt war. Das Arztsein liegt ihm im Blute, deshalb hat das Todes¬
1011 3069 2529 3125 problem von Anfang an in seiner Welt eine starke Rolle gespielt. Man
1008 3116 2544 3184 lese seine Jugenddichtung „Sterben“, die ungefähr zur selben Zeit wie die
1005 3171 2542 3233 „Liebelei“ entstanden ist. Immer schwingt in seinem Werke dieser schwarze
1006 3215 2543 3289 Grundton mit. Er bleibt darum als Genießender immer noch ein Re¬
1000 3266 1945 3352 flektierender. Er philosophiert noch im Bett.
1004 3380 2543 3451 Sssssessssssssssssssssssssssss3ss
985 3449 2536 3567 BUCHHANDLUNG GRÄFE UND UNZER
