<?xml version="1.0" encoding="UTF-8" standalone="yes"?>
<PcGts xmlns="http://schema.primaresearch.org/PAGE/gts/pagecontent/2013-07-15" xmlns:xsi="http://www.w3.org/2001/XMLSchema-instance" xsi:schemaLocation="http://schema.primaresearch.org/PAGE/gts/pagecontent/2013-07-15 http://schema.primaresearch.org/PAGE/gts/pagecontent/2013-07-15/pagecontent.xsd">
    <Metadata>
        <Creator>prov=University of Rostock/Institute of Mathematics/CITlab/Gundram Leifert/gundram.leifert@uni-rostock.de:name=ONB_Newseye_GT_M1+(htr_id=10810)::::v=2.4.3
prov=University of Rostock/Institute of Mathematics/CITlab/Tobias Gruening/tobias.gruening@uni-rostock.de:name=de.uros.citlab.module.baseline2polygon.B2PSeamMultiOriented:v=2.4.3
prov=University of Rostock/Institute of Mathematics/CITlab/Tobias Gruening/tobias.gruening@uni-rostock.de:name=/net_tf/LA73_249_0mod360.pb:de.uros.citlab.segmentation.CITlab_LA_ML:v=2.4.3
Transkribus</Creator>
        <Created>2019-10-07T11:39:58.299+02:00</Created>
        <LastChange>2019-12-04T20:36:08.178+01:00</LastChange>
        <TranskribusMetadata docId="223982" pageId="9504112" pageNr="625" tsid="20412855" status="IN_PROGRESS" userId="40391" imgUrl="https://files.transkribus.eu/Get?id=LFDOVAUFQCBKWPRDRIFZWHOF&amp;fileType=view" xmlUrl="https://files.transkribus.eu/Get?id=ZSMCAFCMVXSUXPLBPMNUTXZM" imageId="6194326"/>
    </Metadata>
    <Page imageFilename="223982_0625.jpeg" imageWidth="3392" imageHeight="4448">
        <ReadingOrder>
            <OrderedGroup id="ro_1711448580252" caption="Regions reading order">
                <RegionRefIndexed index="0" regionRef="r1"/>
            </OrderedGroup>
        </ReadingOrder>
        <TextRegion orientation="0.0" id="r1" custom="readingOrder {index:0;}">
            <Coords points="245,136 245,4164 3272,4164 3272,136"/>
            <TextLine id="r1l1" custom="readingOrder {index:0;}">
                <Coords points="966,185 1071,180 1119,195 1152,182 1391,182 1391,101 1327,97 1251,119 1209,98 1126,134 1108,119 1014,126 967,104"/>
                <Baseline points="976,166 1001,168 1026,169 1052,170 1077,171 1102,172 1128,172 1153,172 1179,173 1204,173 1229,173 1255,173 1280,172 1305,172 1331,171 1356,170 1382,169"/>
                <TextEquiv>
                    <Unicode>box 17/6</Unicode>
                </TextEquiv>
            </TextLine>
            <TextLine id="r1l2" custom="readingOrder {index:1;}">
                <Coords points="258,167 423,177 487,202 761,197 789,194 792,114 720,125 572,101 521,121 472,113 427,145 351,106 260,112"/>
                <Baseline points="268,162 293,165 319,167 344,169 370,172 396,174 421,175 447,177 472,179 498,180 524,181 549,182 575,183 600,184 626,184 652,184 677,184 703,184 728,184 754,184 780,183"/>
                <TextEquiv>
                    <Unicode>11. Reigen</Unicode>
                </TextEquiv>
            </TextLine>
            <TextLine id="r1l3" custom="readingOrder {index:2;}">
                <Coords points="1036,787 2523,806 2524,677 2167,678 2023,608 1743,584 1406,678 1193,610 1037,666"/>
                <Baseline points="1044,768 1117,769 1191,770 1264,770 1338,771 1411,772 1485,772 1558,773 1632,773 1705,773 1779,774 1852,774 1926,775 1999,775 2073,776 2146,777 2220,778 2293,779 2367,781 2440,782 2514,784"/>
                <TextEquiv>
                    <Unicode>St. Bültner</Unicode>
                </TextEquiv>
            </TextLine>
            <TextLine id="r1l4" custom="readingOrder {index:3;}">
                <Coords points="2103,1149 2167,1158 2182,1147 2237,1171 2268,1138 2286,1130 2316,1135 2308,1054 2296,1053 2258,1078 2232,1073 2224,1083 2166,1074 2136,1109 2099,1109"/>
                <Baseline points="2112,1142 2139,1142 2167,1141 2195,1138 2222,1136 2250,1132 2278,1127 2306,1123"/>
                <TextEquiv>
                    <Unicode>%</Unicode>
                </TextEquiv>
            </TextLine>
            <TextLine id="r1l5" custom="readingOrder {index:4;}">
                <Coords points="1076,1287 1093,1287 1111,1278 1127,1283 1138,1277 1159,1288 1203,1279 1202,1222 1193,1222 1169,1207 1143,1220 1119,1200 1110,1206 1097,1206 1092,1201 1075,1203"/>
                <Baseline points="1086,1277 1113,1272 1140,1272 1167,1274 1194,1273"/>
                <TextEquiv>
                    <Unicode></Unicode>
                </TextEquiv>
            </TextLine>
            <TextLine id="r1l6" custom="readingOrder {index:5;}">
                <Coords points="833,1293 842,1293 856,1304 878,1299 883,1305 894,1295 903,1302 912,1296 951,1295 948,1201 927,1202 920,1209 904,1212 876,1205 840,1236 831,1236"/>
                <Baseline points="841,1278 866,1280 891,1278 916,1276 941,1277"/>
                <TextEquiv>
                    <Unicode></Unicode>
                </TextEquiv>
            </TextLine>
            <TextLine id="r1l7" custom="readingOrder {index:6;}">
                <Coords points="1884,1312 1940,1293 1989,1307 2029,1289 2093,1328 2146,1301 2158,1306 2163,1231 2130,1229 2112,1215 2038,1251 2007,1221 1967,1239 1930,1204 1913,1216 1889,1214"/>
                <Baseline points="1894,1281 1919,1281 1945,1281 1970,1284 1996,1286 2022,1289 2047,1291 2073,1293 2098,1293 2124,1293 2150,1290"/>
                <TextEquiv>
                    <Unicode>114</Unicode>
                </TextEquiv>
            </TextLine>
            <TextLine id="r1l8" custom="readingOrder {index:7;}">
                <Coords points="2537,1323 2653,1328 2773,1304 2870,1332 2945,1304 3083,1325 3137,1299 3137,1240 3081,1257 3026,1236 2931,1240 2909,1257 2796,1238 2763,1257 2721,1238 2537,1238"/>
                <Baseline points="2546,1299 2575,1299 2604,1299 2633,1299 2662,1299 2691,1299 2720,1299 2749,1298 2778,1298 2807,1298 2836,1298 2865,1298 2894,1298 2923,1298 2952,1298 2981,1298 3010,1298 3039,1299 3068,1299 3097,1300 3127,1301"/>
                <TextEquiv>
                    <Unicode>drune</Unicode>
                </TextEquiv>
            </TextLine>
            <TextLine id="r1l9" custom="readingOrder {index:8;}">
                <Coords points="1339,1483 1856,1463 2080,1500 2232,1463 2232,1411 2168,1401 1341,1398"/>
                <Baseline points="1349,1460 1392,1459 1436,1459 1479,1459 1523,1459 1567,1459 1610,1460 1654,1461 1698,1461 1741,1462 1785,1463 1829,1465 1872,1466 1916,1467 1960,1468 2003,1469 2047,1470 2091,1471 2134,1471 2178,1472 2222,1472"/>
                <TextEquiv>
                    <Unicode>für das Viertel O. W. W.</Unicode>
                </TextEquiv>
            </TextLine>
            <TextLine id="r1l10" custom="readingOrder {index:9;}">
                <Coords points="552,1491 593,1498 627,1480 721,1490 752,1476 819,1494 859,1476 858,1427 845,1429 799,1397 768,1408 723,1394 696,1408 652,1397 644,1405 604,1394 587,1406 550,1397"/>
                <Baseline points="561,1470 587,1470 613,1470 639,1470 665,1470 691,1469 718,1469 744,1469 770,1468 796,1467 822,1466 849,1464"/>
                <TextEquiv>
                    <Unicode>Bezugspreise:</Unicode>
                </TextEquiv>
            </TextLine>
            <TextLine id="r1l11" custom="readingOrder {index:10;}">
                <Coords points="2440,1511 2512,1529 2905,1501 2992,1525 3157,1501 3231,1527 3275,1512 3275,1422 3141,1457 2835,1454 2793,1430 2440,1443"/>
                <Baseline points="2449,1499 2489,1498 2530,1497 2571,1497 2612,1496 2653,1495 2694,1495 2734,1495 2775,1495 2816,1495 2857,1495 2898,1495 2939,1495 2980,1496 3020,1496 3061,1496 3102,1497 3143,1497 3184,1498 3225,1499 3266,1499"/>
                <TextEquiv>
                    <Unicode>Erscheint jeden Nonnerstag Vormittag.</Unicode>
                </TextEquiv>
            </TextLine>
            <TextLine id="r1l12" custom="readingOrder {index:11;}">
                <Coords points="739,1544 901,1536 925,1549 945,1540 1022,1550 1070,1536 1071,1502 1021,1486 1010,1493 990,1478 949,1496 872,1492 850,1479 808,1497 740,1491"/>
                <Baseline points="749,1530 775,1529 801,1529 827,1529 853,1530 879,1530 905,1531 931,1531 957,1531 983,1531 1009,1531 1035,1531 1062,1530"/>
                <TextEquiv>
                    <Unicode>Durch die Post:</Unicode>
                </TextEquiv>
            </TextLine>
            <TextLine id="r1l13" custom="readingOrder {index:12;}">
                <Coords points="316,1540 483,1537 529,1550 582,1535 623,1542 658,1534 657,1476 621,1498 518,1482 396,1501 367,1484 315,1494"/>
                <Baseline points="325,1533 352,1531 379,1530 406,1530 433,1530 460,1530 487,1530 514,1530 541,1530 568,1530 595,1530 622,1530 649,1529"/>
                <TextEquiv>
                    <Unicode>Für St. Pölten:</Unicode>
                </TextEquiv>
            </TextLine>
            <TextLine id="r1l14" custom="readingOrder {index:13;}">
                <Coords points="1472,1543 2090,1544 2090,1500 2034,1485 1998,1499 1977,1477 1886,1500 1730,1474 1647,1493 1631,1477 1473,1479"/>
                <Baseline points="1481,1532 1512,1531 1544,1530 1575,1530 1607,1530 1638,1530 1670,1530 1701,1531 1733,1531 1764,1532 1796,1533 1827,1533 1859,1534 1890,1535 1922,1535 1953,1536 1985,1536 2016,1535 2048,1535 2080,1534"/>
                <TextEquiv>
                    <Unicode>Gegründet im Jahre 1871 als</Unicode>
                </TextEquiv>
            </TextLine>
            <TextLine id="r1l15" custom="readingOrder {index:14;}">
                <Coords points="2427,1603 3281,1599 3281,1541 3196,1526 3084,1549 2428,1535"/>
                <Baseline points="2437,1584 2478,1584 2520,1584 2562,1584 2604,1584 2645,1584 2687,1583 2729,1583 2771,1583 2812,1583 2854,1583 2896,1583 2938,1583 2979,1583 3021,1584 3063,1584 3105,1584 3146,1585 3188,1586 3230,1586 3272,1587"/>
                <TextEquiv>
                    <Unicode>Inserate sind im vorhinein zu bexablen</Unicode>
                </TextEquiv>
            </TextLine>
            <TextLine id="r1l16" custom="readingOrder {index:15;}">
                <Coords points="311,1591 399,1599 499,1590 515,1606 565,1585 642,1591 641,1547 625,1551 603,1537 553,1549 487,1539 404,1542 384,1553 347,1541 310,1549"/>
                <Baseline points="321,1587 347,1588 373,1588 399,1588 425,1588 451,1587 477,1587 503,1586 529,1586 555,1585 581,1584 607,1584 633,1583"/>
                <TextEquiv>
                    <Unicode>Sanzjährlich K 94·—</Unicode>
                </TextEquiv>
            </TextLine>
            <TextLine id="r1l17" custom="readingOrder {index:16;}">
                <Coords points="720,1594 843,1592 856,1601 893,1591 930,1608 945,1593 1046,1588 1045,1545 931,1551 898,1536 859,1550 835,1539 720,1546"/>
                <Baseline points="729,1587 754,1588 780,1589 805,1589 831,1589 856,1589 882,1588 908,1588 933,1587 959,1586 984,1586 1010,1585 1036,1584"/>
                <TextEquiv>
                    <Unicode>Ganzjährlich K 96“</Unicode>
                </TextEquiv>
            </TextLine>
            <TextLine id="r1l18" custom="readingOrder {index:17;}">
                <Coords points="306,1631 324,1640 346,1629 392,1637 495,1631 504,1640 523,1627 567,1636 633,1623 632,1590 562,1586 518,1602 500,1591 388,1600 379,1591 305,1593"/>
                <Baseline points="314,1628 339,1627 365,1626 391,1626 417,1626 443,1626 469,1626 494,1626 520,1625 546,1624 572,1623 598,1622 624,1620"/>
                <TextEquiv>
                    <Unicode>Halbjährlich K 47</Unicode>
                </TextEquiv>
            </TextLine>
            <TextLine id="r1l19" custom="readingOrder {index:18;}">
                <Coords points="723,1635 789,1632 811,1641 881,1630 920,1639 930,1629 1004,1635 1033,1620 1054,1623 1053,1592 1033,1589 989,1591 978,1601 946,1592 932,1607 913,1593 860,1601 843,1592 799,1600 790,1591 722,1593"/>
                <Baseline points="731,1629 757,1628 783,1628 809,1627 835,1627 861,1628 888,1628 914,1627 940,1627 966,1626 992,1625 1018,1623 1045,1620"/>
                <TextEquiv>
                    <Unicode>Halbjährlich K 48•-</Unicode>
                </TextEquiv>
            </TextLine>
            <TextLine id="r1l20" custom="readingOrder {index:19;}">
                <Coords points="2437,1655 3248,1654 3281,1647 3282,1599 2438,1600"/>
                <Baseline points="2446,1643 2487,1644 2528,1644 2569,1644 2611,1644 2652,1644 2693,1644 2735,1644 2776,1644 2817,1644 2859,1644 2900,1644 2941,1644 2982,1644 3024,1645 3065,1645 3106,1645 3148,1646 3189,1647 3230,1647 3272,1648"/>
                <TextEquiv>
                    <Unicode>und kostet die sechsmal gespaltene Petitzeile das</Unicode>
                </TextEquiv>
            </TextLine>
            <TextLine id="r1l21" custom="readingOrder {index:20;}">
                <Coords points="312,1673 483,1701 524,1673 667,1666 1044,1686 1026,1631 312,1631"/>
                <Baseline points="322,1666 357,1666 393,1666 428,1666 464,1666 500,1666 535,1666 571,1666 606,1666 642,1667 678,1667 713,1667 749,1667 784,1667 820,1667 856,1667 891,1667 927,1666 962,1666 998,1665 1034,1665"/>
                <TextEquiv>
                    <Unicode>Vierteljährl. K 23 50 Bierteljährl. K 24“</Unicode>
                </TextEquiv>
            </TextLine>
            <TextLine id="r1l22" custom="readingOrder {index:21;}">
                <Coords points="2450,1689 3246,1689 3246,1652 3202,1646 2450,1652"/>
                <Baseline points="2458,1683 2496,1683 2535,1683 2574,1683 2613,1683 2652,1683 2691,1683 2730,1683 2769,1683 2808,1683 2847,1683 2885,1684 2924,1684 2963,1684 3002,1684 3041,1684 3080,1684 3119,1684 3158,1684 3197,1684 3236,1684"/>
                <TextEquiv>
                    <Unicode>erstemal K 3·60, jedes folgendemal K3·50.— B</Unicode>
                </TextEquiv>
            </TextLine>
            <TextLine id="r1l23" custom="readingOrder {index:22;}">
                <Coords points="1137,1700 2415,1733 2415,1672 2338,1640 2294,1674 2134,1636 2011,1674 1890,1636 1138,1651"/>
                <Baseline points="1147,1689 1209,1688 1272,1688 1335,1688 1398,1688 1461,1688 1524,1688 1587,1689 1650,1689 1713,1690 1776,1690 1838,1691 1901,1692 1964,1693 2027,1693 2090,1694 2153,1695 2216,1696 2279,1698 2342,1698 2405,1700"/>
                <TextEquiv>
                    <Unicode>Dl. Hollure Wöhrablalt.</Unicode>
                </TextEquiv>
            </TextLine>
            <TextLine id="r1l24" custom="readingOrder {index:23;}">
                <Coords points="1338,1726 1349,1724 1351,1726 1354,1724 1361,1729 1370,1728 1365,1680 1354,1681 1348,1686 1346,1684 1334,1685"/>
                <Baseline points="1344,1701 1357,1700"/>
                <TextEquiv>
                    <Unicode></Unicode>
                </TextEquiv>
            </TextLine>
            <TextLine id="r1l25" custom="readingOrder {index:24;}">
                <Coords points="2441,1731 3276,1739 3276,1701 3200,1684 2441,1690"/>
                <Baseline points="2450,1723 2490,1723 2531,1723 2572,1723 2613,1723 2654,1723 2694,1723 2735,1724 2776,1724 2817,1724 2858,1724 2898,1724 2939,1725 2980,1725 3021,1725 3062,1725 3102,1724 3143,1724 3184,1724 3225,1723 3266,1723"/>
                <TextEquiv>
                    <Unicode>öfteren Einschaltungen gewähren wir Rabatt.</Unicode>
                </TextEquiv>
            </TextLine>
            <TextLine id="r1l26" custom="readingOrder {index:25;}">
                <Coords points="469,1758 592,1768 627,1752 667,1763 730,1749 774,1767 824,1746 886,1759 927,1744 927,1691 898,1680 835,1700 756,1674 697,1692 646,1669 583,1682 541,1672 493,1703 469,1701"/>
                <Baseline points="479,1741 504,1743 530,1744 556,1745 582,1746 608,1746 633,1746 659,1746 685,1746 711,1746 737,1746 763,1746 788,1746 814,1745 840,1745 866,1746 892,1746 918,1747"/>
                <TextEquiv>
                    <Unicode>Einzlne Nummern 2 K.</Unicode>
                </TextEquiv>
            </TextLine>
            <TextLine id="r1l27" custom="readingOrder {index:26;}">
                <Coords points="1239,1788 1506,1756 2189,1794 2296,1784 2297,1725 1239,1722"/>
                <Baseline points="1249,1757 1300,1757 1352,1757 1404,1758 1456,1758 1508,1758 1560,1759 1612,1759 1664,1760 1716,1760 1768,1761 1819,1761 1871,1762 1923,1763 1975,1763 2027,1764 2079,1765 2131,1765 2183,1766 2235,1767 2287,1768"/>
                <TextEquiv>
                    <Unicode>Sysan für die nationalen und Firtschaftlichen Interesser</Unicode>
                </TextEquiv>
            </TextLine>
            <TextLine id="r1l28" custom="readingOrder {index:27;}">
                <Coords points="2500,1784 2791,1802 3045,1787 3146,1819 3214,1797 3214,1740 2501,1738"/>
                <Baseline points="2509,1782 2543,1782 2578,1782 2613,1782 2648,1782 2683,1782 2717,1782 2752,1783 2787,1783 2822,1783 2857,1784 2891,1784 2926,1785 2961,1785 2996,1785 3031,1785 3065,1785 3100,1785 3135,1785 3170,1784 3205,1783"/>
                <TextEquiv>
                    <Unicode>Manuskripte werden nicht zurückgestellt.</Unicode>
                </TextEquiv>
            </TextLine>
            <TextLine id="r1l29" custom="readingOrder {index:28;}">
                <Coords points="1556,1832 1624,1811 1670,1837 1727,1836 1771,1816 1944,1831 1977,1811 1977,1776 1931,1781 1891,1764 1748,1775 1722,1764 1556,1766"/>
                <Baseline points="1565,1808 1590,1808 1615,1809 1640,1809 1665,1809 1690,1810 1716,1810 1741,1810 1766,1810 1791,1811 1816,1811 1842,1811 1867,1811 1892,1812 1917,1812 1942,1812 1968,1813"/>
                <TextEquiv>
                    <Unicode>des deveschen Weihes.</Unicode>
                </TextEquiv>
            </TextLine>
            <TextLine id="r1l30" custom="readingOrder {index:29;}">
                <Coords points="319,1941 1124,1941 1124,1842 1098,1834 319,1818"/>
                <Baseline points="327,1922 366,1924 405,1926 445,1927 484,1927 524,1928 563,1928 602,1928 642,1928 681,1928 721,1928 760,1927 799,1927 839,1927 878,1927 918,1927 957,1927 996,1927 1036,1927 1075,1928 1115,1930"/>
                <TextEquiv>
                    <Unicode>Nr. 7. Pashelstentente 1909</Unicode>
                </TextEquiv>
            </TextLine>
            <TextLine id="r1l31" custom="readingOrder {index:30;}">
                <Coords points="1222,1955 2265,1954 2236,1886 1223,1887"/>
                <Baseline points="1232,1936 1283,1936 1334,1937 1385,1938 1436,1938 1487,1939 1538,1939 1590,1940 1641,1941 1692,1941 1743,1942 1794,1942 1845,1943 1896,1943 1948,1943 1999,1944 2050,1944 2101,1943 2152,1943 2203,1943 2255,1942"/>
                <TextEquiv>
                    <Unicode>Donnerstag den 17. Februar 1921</Unicode>
                </TextEquiv>
            </TextLine>
            <TextLine id="r1l32" custom="readingOrder {index:31;}">
                <Coords points="2446,1958 2570,1959 2634,1941 2651,1954 2695,1945 2722,1960 2803,1967 2803,1888 2785,1897 2698,1888 2682,1901 2652,1890 2621,1912 2579,1890 2447,1899"/>
                <Baseline points="2456,1940 2482,1942 2508,1943 2534,1943 2560,1943 2586,1943 2612,1942 2638,1942 2664,1941 2690,1941 2716,1941 2742,1942 2768,1943 2794,1945"/>
                <TextEquiv>
                    <Unicode>Telephon=Nr. 59</Unicode>
                </TextEquiv>
            </TextLine>
            <TextLine id="r1l33" custom="readingOrder {index:32;}">
                <Coords points="2882,1953 2919,1951 2937,1964 2963,1956 2996,1970 3066,1954 3090,1970 3202,1972 3222,1970 3224,1919 3194,1918 3168,1895 2884,1893"/>
                <Baseline points="2892,1947 2918,1948 2945,1950 2972,1951 2999,1953 3025,1955 3052,1956 3079,1957 3106,1958 3132,1958 3159,1958 3186,1957 3213,1955"/>
                <TextEquiv>
                    <Unicode>51. Jahrg.</Unicode>
                </TextEquiv>
            </TextLine>
            <TextLine id="r1l34" custom="readingOrder {index:33;}">
                <Coords points="300,2058 1176,2064 1225,2061 1226,2004 847,2008 811,1980 764,2007 597,1983 546,2006 482,1974 358,2002 301,1975"/>
                <Baseline points="309,2037 354,2038 399,2039 445,2040 490,2041 536,2041 581,2042 626,2042 672,2043 717,2043 763,2044 808,2044 853,2044 899,2045 944,2045 990,2046 1035,2047 1080,2048 1126,2049 1171,2050 1217,2051"/>
                <TextEquiv>
                    <Unicode>die hentige Rummer=ist 10 Seiten stark.</Unicode>
                </TextEquiv>
            </TextLine>
            <TextLine id="r1l35" custom="readingOrder {index:34;}">
                <Coords points="1278,2062 2210,2076 2233,2019 2141,1994 1279,1994"/>
                <Baseline points="1287,2049 1333,2049 1380,2050 1427,2050 1474,2050 1521,2051 1568,2051 1614,2052 1661,2052 1708,2053 1755,2053 1802,2054 1849,2054 1896,2055 1942,2056 1989,2056 2036,2057 2083,2057 2130,2057 2177,2058 2224,2058"/>
                <TextEquiv>
                    <Unicode>nisse der roten Herren Wiens eingegriffen hatten,</Unicode>
                </TextEquiv>
            </TextLine>
            <TextLine id="r1l36" custom="readingOrder {index:35;}">
                <Coords points="2295,2074 3240,2081 3240,2030 3137,2012 2810,2028 2652,1999 2586,2031 2295,2006"/>
                <Baseline points="2305,2059 2351,2058 2397,2058 2443,2058 2490,2059 2536,2059 2582,2059 2629,2060 2675,2060 2721,2061 2768,2061 2814,2062 2860,2062 2906,2063 2953,2063 2999,2064 3045,2064 3092,2064 3138,2065 3184,2065 3231,2065"/>
                <TextEquiv>
                    <Unicode>schlußfreunde, gelbe unsere deutschen Volksver¬</Unicode>
                </TextEquiv>
            </TextLine>
            <TextLine id="r1l37" custom="readingOrder {index:36;}">
                <Coords points="1275,2107 2237,2120 2238,2069 2205,2063 1276,2061"/>
                <Baseline points="1285,2098 1332,2099 1379,2099 1426,2099 1473,2099 1520,2100 1567,2100 1615,2100 1662,2101 1709,2101 1756,2102 1803,2102 1850,2103 1897,2103 1945,2104 1992,2105 2039,2105 2086,2106 2133,2106 2180,2107 2228,2107"/>
                <TextEquiv>
                    <Unicode>um uns vor weiterer Verarmung und Verteuerung</Unicode>
                </TextEquiv>
            </TextLine>
            <TextLine id="r1l38" custom="readingOrder {index:37;}">
                <Coords points="2288,2121 2343,2131 2389,2104 2514,2131 2617,2112 2766,2132 2860,2107 2921,2131 3057,2127 3057,2079 3019,2070 2289,2072"/>
                <Baseline points="2298,2107 2335,2107 2373,2107 2410,2107 2448,2107 2485,2107 2523,2108 2560,2108 2598,2108 2635,2108 2673,2109 2710,2109 2748,2109 2785,2110 2823,2110 2860,2111 2898,2112 2935,2112 2973,2113 3010,2114 3048,2115"/>
                <TextEquiv>
                    <Unicode>räter und Habsburgerknechte anzeigen.</Unicode>
                </TextEquiv>
            </TextLine>
            <TextLine id="r1l39" custom="readingOrder {index:38;}">
                <Coords points="1277,2155 2233,2171 2234,2122 2098,2108 1842,2136 1724,2104 1278,2111"/>
                <Baseline points="1286,2146 1332,2147 1379,2148 1426,2149 1473,2149 1520,2150 1567,2150 1614,2150 1661,2151 1708,2151 1755,2152 1801,2152 1848,2152 1895,2153 1942,2153 1989,2154 2036,2154 2083,2155 2130,2155 2177,2156 2224,2157"/>
                <TextEquiv>
                    <Unicode>aller Bedürfnisse zu schützen, um die Beseitigung</Unicode>
                </TextEquiv>
            </TextLine>
            <TextLine id="r1l40" custom="readingOrder {index:39;}">
                <Coords points="2382,2165 2638,2161 2660,2178 2691,2156 2943,2178 3020,2169 3021,2118 2795,2131 2578,2113 2515,2131 2383,2108"/>
                <Baseline points="2391,2156 2422,2156 2453,2156 2484,2157 2515,2157 2546,2157 2577,2157 2608,2158 2639,2158 2670,2158 2701,2158 2732,2158 2763,2158 2794,2159 2825,2159 2856,2159 2887,2159 2918,2160 2949,2160 2980,2160 3012,2161"/>
                <TextEquiv>
                    <Unicode>Nein, nichts von alldem!</Unicode>
                </TextEquiv>
            </TextLine>
            <TextLine id="r1l41" custom="readingOrder {index:40;}">
                <Coords points="512,2217 656,2191 948,2214 998,2187 1227,2212 1229,2120 1074,2139 1024,2114 513,2115"/>
                <Baseline points="521,2185 555,2184 590,2184 625,2185 660,2185 695,2185 730,2186 764,2187 799,2187 834,2188 869,2189 904,2189 939,2190 974,2191 1008,2191 1043,2191 1078,2191 1113,2191 1148,2191 1183,2190 1218,2190"/>
                <TextEquiv>
                    <Unicode>österreichs „Reigen“.</Unicode>
                </TextEquiv>
            </TextLine>
            <TextLine id="r1l42" custom="readingOrder {index:41;}">
                <Coords points="1278,2201 2227,2225 2228,2175 2196,2158 1279,2157"/>
                <Baseline points="1288,2195 1334,2196 1381,2197 1427,2197 1474,2198 1520,2198 1567,2199 1613,2199 1660,2199 1706,2200 1753,2200 1799,2200 1846,2201 1892,2201 1939,2202 1985,2202 2032,2203 2078,2203 2125,2204 2171,2205 2218,2206"/>
                <TextEquiv>
                    <Unicode>des schwindelhaften Valuta= und Börsenhandels,</Unicode>
                </TextEquiv>
            </TextLine>
            <TextLine id="r1l43" custom="readingOrder {index:42;}">
                <Coords points="2384,2226 2744,2207 3226,2238 3255,2231 3256,2139 3080,2159 3047,2138 2918,2179 2384,2161"/>
                <Baseline points="2393,2206 2435,2206 2478,2206 2520,2206 2563,2206 2606,2206 2648,2207 2691,2207 2734,2208 2776,2208 2819,2209 2862,2210 2904,2210 2947,2211 2990,2211 3032,2212 3075,2212 3118,2212 3160,2212 3203,2212 3246,2212"/>
                <TextEquiv>
                    <Unicode>Es hatte sich um Artur Schnitzlers</Unicode>
                </TextEquiv>
            </TextLine>
            <TextLine id="r1l44" custom="readingOrder {index:43;}">
                <Coords points="1273,2257 2220,2266 2220,2226 2093,2210 1273,2200"/>
                <Baseline points="1283,2244 1329,2244 1375,2245 1422,2246 1468,2246 1515,2247 1561,2248 1607,2249 1654,2249 1700,2250 1747,2250 1793,2251 1839,2251 1886,2251 1932,2252 1979,2252 2025,2252 2071,2252 2118,2252 2164,2252 2211,2252"/>
                <TextEquiv>
                    <Unicode>die unbedingt notwendige Hebung unserer Kronen¬</Unicode>
                </TextEquiv>
            </TextLine>
            <TextLine id="r1l45" custom="readingOrder {index:44;}">
                <Coords points="2289,2269 2811,2261 2811,2214 2793,2210 2640,2226 2574,2208 2519,2228 2504,2213 2289,2211"/>
                <Baseline points="2298,2255 2323,2255 2348,2256 2373,2256 2398,2256 2424,2256 2449,2256 2474,2256 2499,2256 2524,2256 2550,2256 2575,2256 2600,2256 2625,2256 2650,2256 2676,2256 2701,2256 2726,2257 2751,2257 2776,2257 2802,2257"/>
                <TextEquiv>
                    <Unicode>„Reigen“ gehandelt!</Unicode>
                </TextEquiv>
            </TextLine>
            <TextLine id="r1l46" custom="readingOrder {index:45;}">
                <Coords points="369,2261 1174,2279 1233,2273 1234,2214 1004,2187 875,2217 369,2211"/>
                <Baseline points="378,2253 420,2254 462,2255 504,2256 547,2257 589,2258 631,2259 673,2259 716,2260 758,2260 800,2261 842,2261 885,2261 927,2262 969,2262 1011,2262 1054,2262 1096,2263 1138,2263 1180,2264 1223,2264"/>
                <TextEquiv>
                    <Unicode>Am 11. Februar gab es in ucserem Na¬</Unicode>
                </TextEquiv>
            </TextLine>
            <TextLine id="r1l47" custom="readingOrder {index:46;}">
                <Coords points="1281,2301 2232,2307 2232,2261 2144,2255 1282,2256"/>
                <Baseline points="1290,2293 1336,2294 1383,2295 1429,2296 1476,2297 1523,2297 1569,2297 1616,2298 1663,2298 1709,2299 1756,2299 1803,2299 1849,2300 1896,2300 1943,2300 1989,2300 2036,2301 2083,2301 2129,2301 2176,2301 2223,2302"/>
                <TextEquiv>
                    <Unicode>valuta oder um die Ersüllung des Ententegeboles</Unicode>
                </TextEquiv>
            </TextLine>
            <TextLine id="r1l48" custom="readingOrder {index:47;}">
                <Coords points="2368,2309 3193,2329 3248,2309 3249,2241 2368,2263"/>
                <Baseline points="2376,2305 2419,2305 2462,2305 2505,2305 2548,2305 2592,2306 2635,2306 2678,2306 2721,2306 2764,2306 2808,2306 2851,2307 2894,2307 2937,2307 2980,2307 3024,2308 3067,2308 3110,2308 3153,2309 3196,2309 3240,2309"/>
                <TextEquiv>
                    <Unicode>Die Zensur hatte diese echt semitische Mache</Unicode>
                </TextEquiv>
            </TextLine>
            <TextLine id="r1l49" custom="readingOrder {index:48;}">
                <Coords points="265,2306 1114,2334 1219,2321 1220,2269 825,2253 591,2285 545,2256 266,2240"/>
                <Baseline points="275,2301 321,2302 368,2303 415,2304 462,2304 509,2305 555,2306 602,2307 649,2307 696,2308 743,2308 789,2309 836,2309 883,2310 930,2311 977,2311 1023,2312 1070,2312 1117,2313 1164,2314 1211,2314"/>
                <TextEquiv>
                    <Unicode>tionalrate einen großen Skandal. (De Sozial¬</Unicode>
                </TextEquiv>
            </TextLine>
            <TextLine id="r1l50" custom="readingOrder {index:49;}">
                <Coords points="1277,2364 2185,2372 2233,2363 2234,2308 1278,2303"/>
                <Baseline points="1286,2344 1335,2345 1384,2345 1434,2346 1483,2346 1533,2347 1582,2347 1631,2347 1681,2347 1730,2347 1780,2347 1829,2348 1879,2348 1928,2348 1977,2349 2027,2349 2076,2350 2126,2352 2175,2353 2225,2355"/>
                <TextEquiv>
                    <Unicode>herbeizuführen, Wien vor der Uebervölkerung zu</Unicode>
                </TextEquiv>
            </TextLine>
            <TextLine id="r1l51" custom="readingOrder {index:50;}">
                <Coords points="2280,2362 3242,2377 3242,2324 3141,2312 2909,2310 2874,2339 2771,2309 2281,2296"/>
                <Baseline points="2290,2350 2337,2351 2384,2352 2431,2353 2478,2353 2525,2354 2572,2354 2620,2355 2667,2355 2714,2355 2761,2355 2808,2356 2855,2356 2902,2356 2950,2356 2997,2356 3044,2357 3091,2357 3138,2358 3185,2359 3233,2360"/>
                <TextEquiv>
                    <Unicode>vor 25 Jahren schon verboten. Sie war übrigens</Unicode>
                </TextEquiv>
            </TextLine>
            <TextLine id="r1l52" custom="readingOrder {index:51;}">
                <Coords points="273,2356 1224,2370 1224,2323 1153,2316 274,2308"/>
                <Baseline points="282,2349 328,2350 375,2351 421,2352 468,2353 515,2354 561,2355 608,2355 655,2356 701,2357 748,2358 795,2358 841,2359 888,2359 935,2360 981,2360 1028,2361 1075,2361 1121,2361 1168,2361 1215,2362"/>
                <TextEquiv>
                    <Unicode>demokraten taten sehr erbost wegen eines</Unicode>
                </TextEquiv>
            </TextLine>
            <TextLine id="r1l53" custom="readingOrder {index:52;}">
                <Coords points="1281,2404 2178,2419 2226,2415 2227,2360 1281,2366"/>
                <Baseline points="1291,2394 1337,2394 1383,2394 1429,2395 1476,2395 1522,2395 1568,2396 1615,2396 1661,2397 1707,2397 1754,2397 1800,2398 1846,2398 1892,2398 1939,2399 1985,2399 2031,2400 2078,2400 2124,2400 2170,2400 2217,2401"/>
                <TextEquiv>
                    <Unicode>schützen, wodurch auch unser Difizit verringert</Unicode>
                </TextEquiv>
            </TextLine>
            <TextLine id="r1l54" custom="readingOrder {index:53;}">
                <Coords points="262,2399 405,2436 477,2404 1233,2434 1234,2377 1160,2366 263,2353"/>
                <Baseline points="271,2400 318,2401 366,2401 413,2401 461,2402 509,2403 556,2403 604,2404 652,2405 699,2405 747,2406 795,2407 842,2407 890,2408 938,2409 985,2409 1033,2410 1081,2410 1128,2410 1176,2411 1224,2411"/>
                <TextEquiv>
                    <Unicode>durch unseren Bundesminister für Iceres Doktor</Unicode>
                </TextEquiv>
            </TextLine>
            <TextLine id="r1l55" custom="readingOrder {index:54;}">
                <Coords points="2277,2405 3163,2410 3248,2440 3248,2376 3184,2364 2277,2365"/>
                <Baseline points="2287,2400 2334,2401 2382,2401 2429,2402 2477,2403 2524,2403 2572,2404 2619,2404 2667,2405 2714,2405 2762,2405 2810,2406 2857,2406 2905,2406 2952,2407 3000,2407 3047,2408 3095,2408 3142,2409 3190,2410 3238,2410"/>
                <TextEquiv>
                    <Unicode>von Schnitzler gar nicht für das Buch noch für</Unicode>
                </TextEquiv>
            </TextLine>
            <TextLine id="r1l56" custom="readingOrder {index:55;}">
                <Coords points="1282,2453 2231,2464 2231,2419 2196,2406 1283,2409"/>
                <Baseline points="1291,2442 1337,2443 1384,2443 1430,2444 1477,2444 1523,2445 1570,2445 1616,2445 1663,2446 1709,2446 1756,2446 1802,2447 1849,2447 1895,2447 1942,2447 1988,2448 2035,2448 2081,2448 2128,2449 2174,2449 2221,2450"/>
                <TextEquiv>
                    <Unicode>würde, da ja die Regierung im laufenden Budget¬</Unicode>
                </TextEquiv>
            </TextLine>
            <TextLine id="r1l57" custom="readingOrder {index:56;}">
                <Coords points="2277,2455 3215,2471 3239,2429 2277,2405"/>
                <Baseline points="2287,2448 2334,2449 2381,2450 2428,2451 2475,2452 2522,2453 2569,2453 2616,2454 2663,2454 2710,2455 2758,2455 2805,2455 2852,2455 2899,2456 2946,2456 2993,2456 3040,2456 3087,2456 3134,2456 3181,2455 3229,2455"/>
                <TextEquiv>
                    <Unicode>die Bühne geschrieben worden. Bis zum Um¬</Unicode>
                </TextEquiv>
            </TextLine>
            <TextLine id="r1l58" custom="readingOrder {index:57;}">
                <Coords points="262,2453 1220,2464 1220,2430 1099,2411 478,2404 406,2436 263,2410"/>
                <Baseline points="271,2448 320,2449 369,2450 419,2451 468,2452 518,2453 567,2454 616,2454 666,2455 715,2455 765,2456 814,2456 864,2457 913,2457 962,2458 1012,2458 1061,2459 1111,2459 1160,2460 1210,2461"/>
                <TextEquiv>
                    <Unicode>Glanz angeblich herbeigeführten Kverfassungs¬</Unicode>
                </TextEquiv>
            </TextLine>
            <TextLine id="r1l59" custom="readingOrder {index:58;}">
                <Coords points="1273,2509 2209,2518 2226,2467 1273,2448"/>
                <Baseline points="1283,2492 1329,2492 1376,2492 1423,2492 1469,2493 1516,2493 1563,2493 1609,2494 1656,2494 1703,2495 1750,2495 1796,2496 1843,2496 1890,2497 1936,2497 1983,2498 2030,2498 2076,2499 2123,2499 2170,2499 2217,2500"/>
                <TextEquiv>
                    <Unicode>jahre auf jeden in Deutschösterreich Angemeldeten</Unicode>
                </TextEquiv>
            </TextLine>
            <TextLine id="r1l60" custom="readingOrder {index:59;}">
                <Coords points="2287,2510 3233,2512 3233,2474 3187,2460 2288,2459"/>
                <Baseline points="2296,2498 2342,2499 2388,2500 2435,2500 2481,2501 2527,2501 2574,2502 2620,2503 2666,2503 2713,2504 2759,2504 2805,2505 2852,2505 2898,2506 2944,2506 2991,2506 3037,2506 3083,2506 3130,2505 3176,2505 3223,2504"/>
                <TextEquiv>
                    <Unicode>sturze wurde ein heftiger Kampf echt markt¬</Unicode>
                </TextEquiv>
            </TextLine>
            <TextLine id="r1l61" custom="readingOrder {index:60;}">
                <Coords points="263,2502 1231,2527 1232,2474 263,2453"/>
                <Baseline points="272,2497 319,2498 367,2499 414,2500 462,2501 509,2502 557,2502 604,2503 652,2504 699,2504 747,2505 795,2505 842,2506 890,2506 937,2507 985,2507 1032,2508 1080,2508 1127,2509 1175,2509 1223,2510"/>
                <TextEquiv>
                    <Unicode>widrigen Eingriffes der Bundesregerung in die</Unicode>
                </TextEquiv>
            </TextLine>
            <TextLine id="r1l62" custom="readingOrder {index:61;}">
                <Coords points="1281,2546 2237,2566 2238,2519 2159,2505 1282,2508"/>
                <Baseline points="1290,2539 1339,2540 1388,2540 1438,2541 1487,2541 1537,2541 1586,2542 1635,2543 1685,2543 1734,2544 1784,2544 1833,2545 1883,2545 1932,2546 1981,2546 2031,2547 2080,2547 2130,2547 2179,2547 2229,2548"/>
                <TextEquiv>
                    <Unicode>und mit Lebensmittelkarten Aurayonierten schon</Unicode>
                </TextEquiv>
            </TextLine>
            <TextLine id="r1l63" custom="readingOrder {index:62;}">
                <Coords points="2290,2559 3231,2559 3231,2509 2705,2533 2555,2488 2509,2518 2290,2509"/>
                <Baseline points="2298,2548 2344,2548 2390,2549 2436,2549 2482,2550 2529,2551 2575,2551 2621,2552 2667,2552 2713,2553 2760,2554 2806,2554 2852,2554 2898,2555 2944,2555 2991,2555 3037,2555 3083,2555 3129,2554 3175,2554 3222,2553"/>
                <TextEquiv>
                    <Unicode>chreierisch für und gegen die Freigabe des</Unicode>
                </TextEquiv>
            </TextLine>
            <TextLine id="r1l64" custom="readingOrder {index:63;}">
                <Coords points="257,2554 1219,2578 1219,2522 1150,2508 1090,2532 258,2507"/>
                <Baseline points="267,2547 314,2548 361,2548 408,2549 455,2550 502,2550 549,2551 597,2551 644,2552 691,2552 738,2553 785,2554 832,2554 879,2555 927,2556 974,2557 1021,2557 1068,2558 1115,2559 1162,2561 1210,2562"/>
                <TextEquiv>
                    <Unicode>Befugnisse des Landeshauptmannes von Wien,</Unicode>
                </TextEquiv>
            </TextLine>
            <TextLine id="r1l65" custom="readingOrder {index:64;}">
                <Coords points="1263,2600 2232,2611 2233,2565 1689,2549 1644,2572 1584,2544 1264,2539"/>
                <Baseline points="1272,2589 1319,2589 1367,2590 1414,2590 1462,2590 1510,2591 1557,2591 1605,2592 1652,2592 1700,2593 1748,2593 1795,2594 1843,2594 1890,2595 1938,2595 1986,2596 2033,2596 2081,2597 2128,2597 2176,2597 2224,2598"/>
                <TextEquiv>
                    <Unicode>über 4000 Kronen wegen des schlechten Standes</Unicode>
                </TextEquiv>
            </TextLine>
            <TextLine id="r1l66" custom="readingOrder {index:65;}">
                <Coords points="2286,2613 3218,2618 3239,2559 2286,2563"/>
                <Baseline points="2296,2599 2342,2599 2389,2599 2436,2600 2482,2600 2529,2600 2576,2601 2622,2601 2669,2601 2716,2602 2763,2602 2809,2602 2856,2603 2903,2603 2949,2603 2996,2603 3043,2604 3089,2604 3136,2603 3183,2603 3230,2603"/>
                <TextEquiv>
                    <Unicode>„Reigen“ geführt. Zuerst erschien das Stück</Unicode>
                </TextEquiv>
            </TextLine>
            <TextLine id="r1l67" custom="readingOrder {index:66;}">
                <Coords points="270,2602 820,2604 873,2629 1219,2609 1196,2563 271,2558"/>
                <Baseline points="279,2596 325,2597 372,2598 418,2598 465,2600 511,2600 558,2601 604,2601 651,2602 697,2602 744,2603 790,2604 837,2604 883,2605 930,2605 976,2606 1023,2606 1069,2607 1116,2608 1162,2609 1209,2610"/>
                <TextEquiv>
                    <Unicode>rekte Bürgermeisters Jakob Reumann. Der sozial¬</Unicode>
                </TextEquiv>
            </TextLine>
            <TextLine id="r1l68" custom="readingOrder {index:67;}">
                <Coords points="1274,2645 2224,2662 2225,2607 1274,2597"/>
                <Baseline points="1284,2637 1330,2638 1377,2638 1423,2639 1470,2640 1516,2640 1563,2640 1609,2641 1656,2641 1702,2642 1749,2642 1796,2643 1842,2643 1889,2643 1935,2644 1982,2645 2028,2645 2075,2646 2121,2646 2168,2647 2215,2648"/>
                <TextEquiv>
                    <Unicode>unserer Krone am Weltmarkte daraufzahlen muß?</Unicode>
                </TextEquiv>
            </TextLine>
            <TextLine id="r1l69" custom="readingOrder {index:68;}">
                <Coords points="2283,2652 3234,2668 3234,2613 3168,2607 2283,2612"/>
                <Baseline points="2293,2648 2339,2649 2386,2649 2432,2649 2479,2650 2525,2650 2572,2650 2618,2650 2665,2650 2711,2650 2758,2651 2805,2651 2851,2651 2898,2651 2944,2651 2991,2652 3037,2652 3084,2653 3130,2653 3177,2653 3224,2654"/>
                <TextEquiv>
                    <Unicode>n handschriftlichen Abzügen an literarische</Unicode>
                </TextEquiv>
            </TextLine>
            <TextLine id="r1l70" custom="readingOrder {index:69;}">
                <Coords points="261,2651 458,2674 523,2645 603,2670 1151,2651 1175,2674 1223,2659 1224,2612 1139,2635 262,2603"/>
                <Baseline points="271,2645 318,2646 365,2647 412,2648 459,2649 506,2649 553,2650 600,2651 647,2651 694,2652 742,2652 789,2653 836,2654 883,2654 930,2654 977,2655 1024,2655 1071,2656 1118,2656 1165,2657 1213,2658"/>
                <TextEquiv>
                    <Unicode>demokratische Abgeordnete Dr. Leuthner be¬</Unicode>
                </TextEquiv>
            </TextLine>
            <TextLine id="r1l71" custom="readingOrder {index:70;}">
                <Coords points="1269,2691 1854,2695 1960,2722 2039,2693 2142,2720 2221,2711 2222,2662 1518,2644 1378,2672 1269,2643"/>
                <Baseline points="1278,2687 1324,2688 1371,2688 1418,2688 1465,2689 1511,2689 1558,2689 1605,2690 1652,2690 1698,2691 1745,2691 1792,2692 1839,2692 1885,2693 1932,2693 1979,2694 2026,2694 2072,2695 2119,2695 2166,2695 2213,2696"/>
                <TextEquiv>
                    <Unicode>Nein, die Ostjuden bleiben trotz der christlich¬</Unicode>
                </TextEquiv>
            </TextLine>
            <TextLine id="r1l72" custom="readingOrder {index:71;}">
                <Coords points="2279,2718 3207,2720 3230,2665 2279,2652"/>
                <Baseline points="2289,2696 2335,2696 2382,2696 2428,2697 2475,2697 2521,2698 2568,2698 2614,2698 2661,2699 2707,2699 2754,2700 2801,2700 2847,2700 2894,2700 2940,2701 2987,2701 3033,2701 3080,2701 3126,2701 3173,2700 3220,2700"/>
                <TextEquiv>
                    <Unicode>Freunde von erotischen Kuriosas. Es wurde be¬</Unicode>
                </TextEquiv>
            </TextLine>
            <TextLine id="r1l73" custom="readingOrder {index:72;}">
                <Coords points="261,2703 1217,2721 1217,2662 1149,2650 1044,2675 261,2651"/>
                <Baseline points="269,2696 318,2696 367,2697 417,2697 466,2698 516,2699 565,2699 614,2700 664,2700 713,2701 763,2701 812,2702 862,2702 911,2703 960,2704 1010,2704 1059,2705 1109,2706 1158,2706 1208,2707"/>
                <TextEquiv>
                    <Unicode>schuldigte die Regierung des Verfassungsbruches.</Unicode>
                </TextEquiv>
            </TextLine>
            <TextLine id="r1l74" custom="readingOrder {index:73;}">
                <Coords points="1269,2746 2218,2753 2218,2711 2180,2701 1959,2721 1849,2694 1744,2714 1485,2687 1437,2715 1270,2691"/>
                <Baseline points="1278,2737 1324,2737 1371,2738 1417,2738 1464,2738 1510,2739 1557,2739 1603,2739 1650,2740 1696,2740 1743,2741 1790,2741 1836,2741 1883,2742 1929,2742 1976,2743 2022,2743 2069,2744 2115,2745 2162,2745 2209,2746"/>
                <TextEquiv>
                    <Unicode>sozialen Versprechungen vor den Wahlen im</Unicode>
                </TextEquiv>
            </TextLine>
            <TextLine id="r1l75" custom="readingOrder {index:74;}">
                <Coords points="268,2754 1216,2771 1217,2723 268,2706"/>
                <Baseline points="277,2744 323,2745 370,2746 416,2747 463,2748 509,2748 556,2749 602,2749 649,2749 695,2750 742,2750 789,2750 835,2751 882,2751 928,2752 975,2752 1021,2753 1068,2754 1114,2755 1161,2756 1208,2758"/>
                <TextEquiv>
                    <Unicode>der Parteilichkeit, nannte den Minister Dr. Glanz</Unicode>
                </TextEquiv>
            </TextLine>
            <TextLine id="r1l76" custom="readingOrder {index:75;}">
                <Coords points="2282,2749 3238,2776 3236,2718 3082,2706 2282,2716"/>
                <Baseline points="2291,2747 2337,2747 2384,2747 2431,2747 2478,2747 2525,2748 2572,2748 2618,2748 2665,2749 2712,2749 2759,2750 2806,2750 2853,2751 2900,2751 2946,2752 2993,2752 3040,2753 3087,2753 3134,2753 3181,2754 3228,2754"/>
                <TextEquiv>
                    <Unicode>chlagnahmt. Hermann Bahr machte sich zum</Unicode>
                </TextEquiv>
            </TextLine>
            <TextLine id="r1l77" custom="readingOrder {index:76;}">
                <Coords points="1263,2790 2221,2802 2203,2752 1716,2742 1673,2769 1263,2742"/>
                <Baseline points="1272,2785 1321,2785 1370,2785 1420,2786 1469,2786 1519,2786 1568,2787 1617,2787 1667,2788 1716,2789 1766,2789 1815,2790 1865,2791 1914,2791 1963,2792 2013,2793 2062,2793 2112,2794 2161,2795 2211,2796"/>
                <TextEquiv>
                    <Unicode>Oktober 1920 im internationalen Wien, es</Unicode>
                </TextEquiv>
            </TextLine>
            <TextLine id="r1l78" custom="readingOrder {index:77;}">
                <Coords points="2272,2813 2366,2818 2445,2794 2471,2815 2598,2801 2624,2818 2670,2814 2743,2776 2744,2758 2640,2765 2606,2751 2530,2775 2459,2752 2438,2767 2403,2752 2378,2764 2273,2756"/>
                <Baseline points="2282,2795 2307,2795 2332,2795 2357,2795 2382,2795 2407,2795 2432,2795 2457,2796 2482,2796 2508,2796 2533,2796 2558,2797 2583,2797 2608,2797 2633,2797 2658,2798 2683,2798 2708,2798 2734,2797"/>
                <TextEquiv>
                    <Unicode>Anwalte des „Reigen“</Unicode>
                </TextEquiv>
            </TextLine>
            <TextLine id="r1l79" custom="readingOrder {index:78;}">
                <Coords points="261,2796 1224,2811 1224,2769 1173,2759 261,2761"/>
                <Baseline points="270,2795 317,2795 364,2795 411,2795 459,2795 506,2796 553,2796 600,2797 648,2798 695,2798 742,2799 789,2800 837,2801 884,2801 931,2802 978,2802 1026,2803 1073,2803 1120,2803 1167,2803 1215,2804"/>
                <TextEquiv>
                    <Unicode>einen Bedienten der christlichsozialen Partei mit</Unicode>
                </TextEquiv>
            </TextLine>
            <TextLine id="r1l80" custom="readingOrder {index:79;}">
                <Coords points="1260,2840 2220,2857 2202,2799 1261,2790"/>
                <Baseline points="1269,2833 1316,2833 1363,2834 1410,2835 1457,2835 1504,2836 1551,2837 1599,2837 1646,2838 1693,2839 1740,2839 1787,2840 1834,2841 1881,2841 1929,2842 1976,2842 2023,2842 2070,2843 2117,2843 2164,2843 2212,2843"/>
                <TextEquiv>
                    <Unicode>können weiter Fremde zu uns einströmen aus</Unicode>
                </TextEquiv>
            </TextLine>
            <TextLine id="r1l81" custom="readingOrder {index:80;}">
                <Coords points="267,2853 1223,2867 1224,2812 1198,2809 268,2806"/>
                <Baseline points="276,2844 322,2844 369,2845 416,2845 463,2846 510,2846 557,2846 604,2847 651,2847 698,2848 745,2848 791,2849 838,2849 885,2850 932,2851 979,2851 1026,2852 1073,2853 1120,2854 1167,2855 1214,2855"/>
                <TextEquiv>
                    <Unicode>geradezu ekelhaften und lakaienmäßigen Formen,</Unicode>
                </TextEquiv>
            </TextLine>
            <TextLine id="r1l82" custom="readingOrder {index:81;}">
                <Coords points="2363,2859 3235,2858 3235,2816 3209,2814 2364,2813"/>
                <Baseline points="2373,2854 2415,2854 2458,2854 2500,2854 2543,2854 2586,2855 2628,2855 2671,2856 2714,2857 2756,2857 2799,2858 2842,2858 2884,2859 2927,2859 2970,2859 3012,2860 3055,2860 3098,2859 3140,2859 3183,2858 3226,2857"/>
                <TextEquiv>
                    <Unicode>Das Stück besteht aus zehn Dialogen rund</Unicode>
                </TextEquiv>
            </TextLine>
            <TextLine id="r1l83" custom="readingOrder {index:82;}">
                <Coords points="1272,2891 1586,2907 1673,2877 1744,2905 1888,2886 2088,2912 2224,2907 2225,2861 1272,2847"/>
                <Baseline points="1281,2885 1327,2885 1374,2885 1421,2885 1467,2885 1514,2885 1561,2886 1607,2886 1654,2887 1701,2887 1748,2888 1794,2888 1841,2889 1888,2889 1934,2890 1981,2891 2028,2891 2074,2892 2121,2893 2168,2893 2215,2894"/>
                <TextEquiv>
                    <Unicode>aller Herren Welt und uns den Flecktyphus</Unicode>
                </TextEquiv>
            </TextLine>
            <TextLine id="r1l84" custom="readingOrder {index:83;}">
                <Coords points="271,2907 1226,2920 1226,2867 1153,2857 985,2879 736,2848 272,2855"/>
                <Baseline points="280,2891 326,2892 373,2893 420,2893 467,2894 514,2895 560,2895 607,2896 654,2897 701,2897 748,2898 794,2898 841,2899 888,2899 935,2900 982,2901 1028,2901 1075,2901 1122,2902 1169,2902 1216,2903"/>
                <TextEquiv>
                    <Unicode>der trotz seiner inneren Unfähigkeit und seiner</Unicode>
                </TextEquiv>
            </TextLine>
            <TextLine id="r1l85" custom="readingOrder {index:84;}">
                <Coords points="2274,2918 3227,2913 3227,2865 2274,2859"/>
                <Baseline points="2284,2902 2330,2903 2377,2904 2424,2904 2470,2905 2517,2905 2564,2906 2610,2906 2657,2907 2704,2907 2751,2907 2797,2907 2844,2907 2891,2907 2937,2908 2984,2908 3031,2907 3077,2907 3124,2907 3171,2907 3218,2907"/>
                <TextEquiv>
                    <Unicode>um die gesellschaftliche Paarung entarteter Trieb¬</Unicode>
                </TextEquiv>
            </TextLine>
            <TextLine id="r1l86" custom="readingOrder {index:85;}">
                <Coords points="1270,2943 2230,2960 2225,2901 1270,2891"/>
                <Baseline points="1279,2932 1326,2932 1373,2932 1420,2933 1467,2933 1514,2934 1561,2934 1608,2935 1655,2935 1702,2936 1750,2936 1797,2937 1844,2937 1891,2937 1938,2938 1985,2938 2032,2939 2079,2939 2126,2939 2173,2939 2221,2940"/>
                <TextEquiv>
                    <Unicode>frisch aus der Krim nch Baden und Wien</Unicode>
                </TextEquiv>
            </TextLine>
            <TextLine id="r1l87" custom="readingOrder {index:86;}">
                <Coords points="252,2949 883,2944 1214,2976 1215,2917 1178,2907 253,2905"/>
                <Baseline points="262,2943 309,2942 356,2942 403,2942 450,2942 497,2943 544,2943 592,2944 639,2944 686,2945 733,2946 780,2947 827,2947 874,2948 922,2949 969,2950 1016,2950 1063,2951 1110,2951 1157,2951 1205,2952"/>
                <TextEquiv>
                    <Unicode>geringen Leistungen von den Christlichsozialen</Unicode>
                </TextEquiv>
            </TextLine>
            <TextLine id="r1l88" custom="readingOrder {index:87;}">
                <Coords points="2278,2957 3142,2957 3235,2983 3236,2915 2278,2913"/>
                <Baseline points="2286,2949 2333,2950 2380,2951 2427,2951 2474,2952 2521,2953 2568,2953 2615,2953 2662,2954 2709,2954 2756,2954 2803,2954 2850,2954 2897,2954 2944,2954 2991,2955 3038,2955 3085,2955 3132,2955 3179,2956 3227,2956"/>
                <TextEquiv>
                    <Unicode>menschen und beginnt mit einer Dirne und</Unicode>
                </TextEquiv>
            </TextLine>
            <TextLine id="r1l89" custom="readingOrder {index:88;}">
                <Coords points="1272,2989 1847,2988 2097,3019 2226,3009 2227,2949 1272,2943"/>
                <Baseline points="1281,2981 1327,2981 1374,2981 1421,2981 1468,2981 1514,2982 1561,2982 1608,2983 1655,2984 1701,2984 1748,2985 1795,2986 1842,2986 1888,2987 1935,2988 1982,2988 2029,2989 2075,2989 2122,2990 2169,2990 2216,2990"/>
                <TextEquiv>
                    <Unicode>bringen. Nein, das regt unsere roten und schwarzen</Unicode>
                </TextEquiv>
            </TextLine>
            <TextLine id="r1l90" custom="readingOrder {index:89;}">
                <Coords points="265,3001 989,3010 1055,3007 1056,2978 1003,2953 907,2965 880,2941 594,2961 442,2931 265,2957"/>
                <Baseline points="274,2988 312,2988 351,2989 389,2989 428,2989 467,2990 505,2990 544,2991 582,2991 621,2992 660,2993 698,2993 737,2994 775,2994 814,2995 853,2995 891,2996 930,2996 968,2996 1007,2997 1046,2997"/>
                <TextEquiv>
                    <Unicode>auf den Minisierposten entsendet wurde.</Unicode>
                </TextEquiv>
            </TextLine>
            <TextLine id="r1l91" custom="readingOrder {index:90;}">
                <Coords points="2271,3011 3229,3008 3229,2977 3139,2958 2271,2959"/>
                <Baseline points="2280,2997 2329,2997 2378,2998 2428,2999 2477,2999 2527,3000 2576,3000 2625,3000 2675,3000 2724,3001 2774,3001 2823,3001 2873,3001 2922,3002 2971,3002 3021,3002 3070,3003 3120,3003 3169,3004 3219,3004"/>
                <TextEquiv>
                    <Unicode>einem Soldaten und endet mit derselben Dirne</Unicode>
                </TextEquiv>
            </TextLine>
            <TextLine id="r1l92" custom="readingOrder {index:91;}">
                <Coords points="1259,3058 1313,3036 1346,3060 1394,3040 1462,3061 1633,3041 1680,3065 1776,3036 1872,3045 1872,2994 1846,2988 1785,3005 1723,2986 1260,2990"/>
                <Baseline points="1269,3035 1298,3034 1328,3033 1358,3032 1387,3032 1417,3031 1447,3031 1476,3031 1506,3031 1536,3031 1566,3032 1595,3032 1625,3032 1655,3033 1684,3033 1714,3034 1744,3034 1773,3034 1803,3034 1833,3034 1863,3034"/>
                <TextEquiv>
                    <Unicode>Herren Nationalräte nicht auf.</Unicode>
                </TextEquiv>
            </TextLine>
            <TextLine id="r1l93" custom="readingOrder {index:92;}">
                <Coords points="357,3043 1207,3050 1207,3008 1119,2994 608,3013 358,2992"/>
                <Baseline points="366,3037 407,3038 449,3039 490,3039 532,3040 573,3041 615,3041 656,3042 698,3042 739,3043 781,3043 823,3043 864,3044 906,3044 947,3044 989,3045 1030,3045 1072,3045 1113,3045 1155,3046 1197,3046"/>
                <TextEquiv>
                    <Unicode>Nach der Verteidigungsrede des Bundes¬</Unicode>
                </TextEquiv>
            </TextLine>
            <TextLine id="r1l94" custom="readingOrder {index:93;}">
                <Coords points="2271,3053 3235,3060 3220,3007 2272,3011"/>
                <Baseline points="2280,3047 2327,3047 2374,3048 2421,3048 2469,3048 2516,3049 2563,3049 2611,3049 2658,3049 2705,3050 2753,3050 2800,3050 2847,3050 2894,3051 2942,3051 2989,3051 3036,3051 3084,3051 3131,3052 3178,3052 3226,3052"/>
                <TextEquiv>
                    <Unicode>und einem Grafen. Die Gedankenstriche des</Unicode>
                </TextEquiv>
            </TextLine>
            <TextLine id="r1l95" custom="readingOrder {index:94;}">
                <Coords points="262,3091 1216,3106 1208,3048 790,3067 263,3036"/>
                <Baseline points="272,3085 318,3086 365,3086 412,3087 459,3088 506,3088 552,3089 599,3090 646,3090 693,3091 740,3092 786,3092 833,3093 880,3094 927,3094 974,3095 1020,3095 1067,3096 1114,3096 1161,3097 1208,3097"/>
                <TextEquiv>
                    <Unicode>ministers Dr. Glanz stürmten mehrere</Unicode>
                </TextEquiv>
            </TextLine>
            <TextLine id="r1l96" custom="readingOrder {index:95;}">
                <Coords points="1353,3103 2215,3114 2216,3057 2082,3042 1354,3050"/>
                <Baseline points="1363,3088 1405,3088 1447,3089 1489,3089 1531,3090 1573,3090 1615,3090 1658,3091 1700,3091 1742,3091 1784,3092 1826,3092 1868,3093 1910,3093 1953,3094 1995,3095 2037,3096 2079,3097 2121,3098 2163,3101 2206,3102"/>
                <TextEquiv>
                    <Unicode>Oder war es die sehr heikle Schulfrage,</Unicode>
                </TextEquiv>
            </TextLine>
            <TextLine id="r1l97" custom="readingOrder {index:96;}">
                <Coords points="2267,3112 3153,3121 3232,3111 3233,3065 2268,3052"/>
                <Baseline points="2277,3096 2324,3096 2371,3096 2419,3096 2466,3097 2513,3097 2561,3097 2608,3098 2655,3098 2703,3098 2750,3099 2797,3099 2845,3100 2892,3100 2939,3101 2987,3101 3034,3101 3081,3102 3129,3102 3176,3102 3224,3102"/>
                <TextEquiv>
                    <Unicode>Buches werden durch Verdunklungen der Bühne</Unicode>
                </TextEquiv>
            </TextLine>
            <TextLine id="r1l98" custom="readingOrder {index:97;}">
                <Coords points="1259,3144 2223,3150 2223,3111 2174,3104 1460,3091 1341,3119 1260,3089"/>
                <Baseline points="1269,3136 1316,3136 1363,3137 1410,3137 1457,3138 1505,3138 1552,3139 1599,3139 1646,3140 1693,3141 1741,3141 1788,3142 1835,3142 1882,3143 1929,3143 1977,3144 2024,3144 2071,3144 2118,3144 2165,3144 2213,3144"/>
                <TextEquiv>
                    <Unicode>die vielleicht in Wien antichristlichsozial be¬</Unicode>
                </TextEquiv>
            </TextLine>
            <TextLine id="r1l99" custom="readingOrder {index:98;}">
                <Coords points="256,3144 1216,3156 1216,3105 1172,3099 256,3090"/>
                <Baseline points="266,3138 313,3138 360,3137 407,3137 454,3137 501,3137 548,3137 595,3138 642,3138 689,3139 736,3139 783,3140 830,3141 877,3142 924,3143 971,3143 1018,3144 1065,3145 1112,3145 1159,3146 1207,3146"/>
                <TextEquiv>
                    <Unicode>sozialdemokratische Abgeordnete schreiend gegen</Unicode>
                </TextEquiv>
            </TextLine>
            <TextLine id="r1l100" custom="readingOrder {index:99;}">
                <Coords points="2268,3151 3230,3164 3230,3116 3194,3110 2449,3102 2399,3130 2269,3106"/>
                <Baseline points="2277,3146 2324,3146 2371,3146 2418,3146 2465,3146 2513,3147 2560,3147 2607,3148 2654,3148 2701,3149 2749,3149 2796,3150 2843,3150 2890,3151 2937,3151 2985,3152 3032,3152 3079,3152 3126,3152 3173,3152 3221,3152"/>
                <TextEquiv>
                    <Unicode>ersetzt. Die ganze Sache ist kurz gesagt eine</Unicode>
                </TextEquiv>
            </TextLine>
            <TextLine id="r1l101" custom="readingOrder {index:100;}">
                <Coords points="255,3190 1211,3202 1211,3156 1088,3142 255,3144"/>
                <Baseline points="264,3183 310,3185 357,3186 404,3187 451,3187 498,3188 545,3188 591,3189 638,3189 685,3190 732,3190 779,3191 826,3191 873,3191 919,3192 966,3192 1013,3193 1060,3194 1107,3194 1154,3195 1201,3196"/>
                <TextEquiv>
                    <Unicode>dessen Platz, schlugen drohend heftig auf den</Unicode>
                </TextEquiv>
            </TextLine>
            <TextLine id="r1l102" custom="readingOrder {index:101;}">
                <Coords points="1271,3207 2163,3222 2216,3210 2217,3153 1272,3142"/>
                <Baseline points="1280,3185 1326,3186 1372,3186 1419,3187 1465,3187 1512,3188 1558,3188 1604,3189 1651,3189 1697,3190 1744,3191 1790,3191 1836,3192 1883,3193 1929,3193 1976,3193 2022,3194 2068,3194 2115,3194 2161,3195 2208,3195"/>
                <TextEquiv>
                    <Unicode>handelt worden war und nun repariert werden</Unicode>
                </TextEquiv>
            </TextLine>
            <TextLine id="r1l103" custom="readingOrder {index:102;}">
                <Coords points="2271,3201 3216,3215 3198,3156 2271,3152"/>
                <Baseline points="2280,3195 2326,3195 2372,3195 2419,3195 2465,3195 2511,3195 2558,3195 2604,3195 2650,3196 2697,3196 2743,3197 2789,3197 2836,3198 2882,3198 2928,3199 2975,3199 3021,3200 3067,3200 3114,3201 3160,3201 3207,3202"/>
                <TextEquiv>
                    <Unicode>Schweinerei und wurde jetzt in den Kammer¬</Unicode>
                </TextEquiv>
            </TextLine>
            <TextLine id="r1l104" custom="readingOrder {index:103;}">
                <Coords points="1270,3248 1294,3250 1299,3255 1325,3251 1334,3258 1360,3239 1393,3244 1392,3196 1373,3189 1352,3204 1339,3197 1311,3194 1295,3204 1287,3202 1280,3208 1269,3208"/>
                <Baseline points="1279,3237 1305,3236 1331,3234 1357,3234 1384,3236"/>
                <TextEquiv>
                    <Unicode>sollte?</Unicode>
                </TextEquiv>
            </TextLine>
            <TextLine id="r1l105" custom="readingOrder {index:104;}">
                <Coords points="258,3239 1215,3262 1216,3199 258,3188"/>
                <Baseline points="266,3231 313,3232 360,3234 407,3235 454,3236 501,3237 548,3238 595,3238 642,3239 689,3239 736,3240 783,3240 830,3240 877,3241 924,3241 971,3241 1018,3242 1065,3242 1112,3243 1159,3244 1206,3244"/>
                <TextEquiv>
                    <Unicode>Ministertisch; einige Besonnenere stellten sich</Unicode>
                </TextEquiv>
            </TextLine>
            <TextLine id="r1l106" custom="readingOrder {index:105;}">
                <Coords points="2274,3260 3221,3257 3221,3215 3128,3203 2274,3203"/>
                <Baseline points="2283,3245 2329,3244 2375,3245 2422,3245 2468,3245 2515,3245 2561,3246 2608,3246 2654,3246 2701,3247 2747,3248 2793,3248 2840,3249 2886,3249 2933,3250 2979,3250 3026,3250 3072,3251 3119,3251 3165,3251 3212,3251"/>
                <TextEquiv>
                    <Unicode>pielen in Wien aufgeführt, nachdem sich sogar</Unicode>
                </TextEquiv>
            </TextLine>
            <TextLine id="r1l107" custom="readingOrder {index:106;}">
                <Coords points="1356,3296 2187,3312 2212,3251 1756,3236 1667,3268 1497,3228 1452,3253 1357,3241"/>
                <Baseline points="1366,3283 1407,3284 1449,3285 1491,3285 1533,3286 1575,3286 1616,3287 1658,3287 1700,3288 1742,3288 1784,3289 1825,3289 1867,3289 1909,3290 1951,3291 1993,3291 2034,3292 2076,3292 2118,3293 2160,3294 2202,3295"/>
                <TextEquiv>
                    <Unicode>Oder handelte es sich um die wahnsinnige</Unicode>
                </TextEquiv>
            </TextLine>
            <TextLine id="r1l108" custom="readingOrder {index:107;}">
                <Coords points="251,3291 1211,3308 1211,3260 1173,3249 252,3241"/>
                <Baseline points="260,3284 307,3284 354,3284 401,3284 448,3284 495,3285 542,3285 589,3286 636,3286 683,3287 731,3288 778,3289 825,3290 872,3290 919,3291 966,3291 1013,3292 1060,3292 1107,3293 1154,3293 1202,3293"/>
                <TextEquiv>
                    <Unicode>schützend vor denselben. Inzwischen balgten sich</Unicode>
                </TextEquiv>
            </TextLine>
            <TextLine id="r1l109" custom="readingOrder {index:108;}">
                <Coords points="2272,3299 3225,3304 3225,3273 3069,3255 2273,3259"/>
                <Baseline points="2281,3293 2327,3292 2374,3292 2421,3293 2468,3293 2514,3293 2561,3294 2608,3294 2655,3295 2701,3295 2748,3296 2795,3296 2842,3297 2888,3297 2935,3298 2982,3298 3029,3299 3075,3299 3122,3299 3169,3299 3216,3299"/>
                <TextEquiv>
                    <Unicode>unser Bundesminister für soziale Für¬</Unicode>
                </TextEquiv>
            </TextLine>
            <TextLine id="r1l110" custom="readingOrder {index:109;}">
                <Coords points="256,3337 1175,3357 1205,3308 256,3291"/>
                <Baseline points="264,3331 310,3331 357,3332 403,3333 450,3333 497,3334 543,3335 590,3335 636,3336 683,3337 730,3337 776,3338 823,3339 869,3339 916,3340 963,3340 1009,3340 1056,3341 1102,3341 1149,3341 1196,3341"/>
                <TextEquiv>
                    <Unicode>die Roten mit den Schwarzen wüst mitten im</Unicode>
                </TextEquiv>
            </TextLine>
            <TextLine id="r1l111" custom="readingOrder {index:110;}">
                <Coords points="1264,3337 2222,3349 2222,3301 1325,3305 1265,3271"/>
                <Baseline points="1273,3330 1322,3331 1371,3333 1421,3333 1470,3334 1520,3335 1569,3336 1618,3336 1668,3337 1717,3337 1767,3338 1816,3338 1866,3339 1915,3339 1964,3340 2014,3340 2063,3341 2113,3342 2162,3342 2212,3344"/>
                <TextEquiv>
                    <Unicode>Verteuerung der Monopolartikel der</Unicode>
                </TextEquiv>
            </TextLine>
            <TextLine id="r1l112" custom="readingOrder {index:111;}">
                <Coords points="2278,3348 3225,3363 3225,3320 3176,3302 2278,3301"/>
                <Baseline points="2288,3342 2334,3343 2380,3343 2427,3343 2473,3344 2519,3344 2566,3344 2612,3344 2658,3345 2705,3345 2751,3345 2797,3346 2844,3346 2890,3346 2936,3347 2983,3347 3029,3348 3075,3348 3122,3348 3168,3349 3215,3349"/>
                <TextEquiv>
                    <Unicode>orge Resch soweit herabgelassen hatte, die</Unicode>
                </TextEquiv>
            </TextLine>
            <TextLine id="r1l113" custom="readingOrder {index:112;}">
                <Coords points="1261,3394 2127,3413 2209,3395 2210,3355 1261,3335"/>
                <Baseline points="1270,3381 1316,3382 1363,3382 1409,3383 1456,3383 1502,3384 1549,3384 1595,3385 1642,3386 1688,3386 1735,3387 1781,3387 1828,3388 1874,3388 1921,3389 1967,3389 2014,3390 2060,3390 2107,3390 2153,3391 2200,3391"/>
                <TextEquiv>
                    <Unicode>Post, Bahn, des Telephon jund Tele¬</Unicode>
                </TextEquiv>
            </TextLine>
            <TextLine id="r1l114" custom="readingOrder {index:113;}">
                <Coords points="249,3386 560,3380 673,3414 1034,3373 1212,3402 1213,3355 249,3336"/>
                <Baseline points="258,3381 305,3382 352,3383 399,3384 447,3384 494,3385 541,3385 588,3386 636,3386 683,3387 730,3387 777,3387 825,3387 872,3388 919,3388 966,3389 1014,3389 1061,3390 1108,3390 1155,3391 1203,3392"/>
                <TextEquiv>
                    <Unicode>Saale. Der Sozialdemokrat Sever</Unicode>
                </TextEquiv>
            </TextLine>
            <TextLine id="r1l115" custom="readingOrder {index:114;}">
                <Coords points="2268,3398 3213,3405 3213,3365 3144,3347 2268,3349"/>
                <Baseline points="2278,3390 2324,3390 2370,3391 2416,3391 2463,3391 2509,3392 2555,3392 2601,3393 2648,3393 2694,3394 2740,3394 2786,3395 2833,3395 2879,3396 2925,3396 2971,3397 3018,3397 3064,3397 3110,3397 3156,3397 3203,3397"/>
                <TextEquiv>
                    <Unicode>Generalprobe zu wohltätigen Zwecken für sein</Unicode>
                </TextEquiv>
            </TextLine>
            <TextLine id="r1l116" custom="readingOrder {index:115;}">
                <Coords points="1254,3439 2207,3447 2194,3392 1255,3401"/>
                <Baseline points="1264,3434 1310,3433 1357,3432 1403,3432 1450,3432 1497,3432 1543,3432 1590,3433 1637,3434 1683,3434 1730,3435 1777,3436 1823,3436 1870,3437 1917,3438 1963,3439 2010,3439 2057,3440 2103,3440 2150,3440 2197,3440"/>
                <TextEquiv>
                    <Unicode>graphen, weshalb die Schwarzen und die</Unicode>
                </TextEquiv>
            </TextLine>
            <TextLine id="r1l117" custom="readingOrder {index:116;}">
                <Coords points="252,3442 875,3434 1038,3463 1129,3436 1206,3454 1207,3402 1040,3374 675,3413 572,3382 252,3387"/>
                <Baseline points="261,3430 307,3430 354,3430 401,3431 448,3431 494,3432 541,3433 588,3434 635,3435 681,3436 728,3437 775,3438 822,3439 868,3439 915,3440 962,3440 1009,3441 1055,3441 1102,3440 1149,3440 1196,3439"/>
                <TextEquiv>
                    <Unicode>bekam hiebei einen gehörigen Faustschlag ins</Unicode>
                </TextEquiv>
            </TextLine>
            <TextLine id="r1l118" custom="readingOrder {index:117;}">
                <Coords points="2260,3445 3218,3450 3218,3400 2260,3397"/>
                <Baseline points="2269,3440 2316,3440 2363,3441 2410,3441 2457,3442 2504,3442 2551,3442 2598,3443 2645,3443 2692,3444 2739,3444 2786,3444 2833,3445 2880,3445 2927,3445 2974,3445 3021,3446 3068,3446 3115,3446 3162,3446 3209,3446"/>
                <TextEquiv>
                    <Unicode>Wohlfahrtswerk „Das Kind“ auszunützen. Es</Unicode>
                </TextEquiv>
            </TextLine>
            <TextLine id="r1l119" custom="readingOrder {index:118;}">
                <Coords points="1265,3499 1996,3507 2035,3504 2036,3440 1986,3458 1683,3427 1605,3454 1265,3442"/>
                <Baseline points="1274,3480 1311,3480 1349,3481 1386,3481 1424,3482 1462,3482 1499,3483 1537,3483 1574,3483 1612,3484 1650,3484 1687,3484 1725,3484 1762,3485 1800,3485 1838,3485 1875,3486 1913,3486 1950,3487 1988,3487 2026,3488"/>
                <TextEquiv>
                    <Unicode>Roten zum Balgen gekommen waren?</Unicode>
                </TextEquiv>
            </TextLine>
            <TextLine id="r1l120" custom="readingOrder {index:119;}">
                <Coords points="255,3486 1122,3508 1216,3491 1217,3448 255,3440"/>
                <Baseline points="264,3479 311,3480 358,3480 405,3481 452,3481 499,3482 546,3483 594,3483 641,3484 688,3485 735,3486 782,3486 829,3487 876,3487 924,3488 971,3488 1018,3489 1065,3489 1112,3489 1159,3490 1207,3490"/>
                <TextEquiv>
                    <Unicode>Gesicht. Das Handgemenge dauerte mehrere</Unicode>
                </TextEquiv>
            </TextLine>
            <TextLine id="r1l121" custom="readingOrder {index:120;}">
                <Coords points="2263,3495 3225,3512 3209,3450 2264,3442"/>
                <Baseline points="2272,3491 2319,3490 2366,3490 2413,3490 2460,3490 2508,3490 2555,3491 2602,3491 2649,3491 2696,3492 2744,3492 2791,3493 2838,3493 2885,3494 2932,3494 2980,3494 3027,3495 3074,3495 3121,3495 3168,3494 3216,3494"/>
                <TextEquiv>
                    <Unicode>kamen aber bloß 30 Personen. Jetzt aber drängen</Unicode>
                </TextEquiv>
            </TextLine>
            <TextLine id="r1l122" custom="readingOrder {index:121;}">
                <Coords points="259,3535 1217,3553 1217,3491 259,3486"/>
                <Baseline points="268,3529 317,3530 366,3530 416,3530 465,3531 515,3531 564,3532 613,3532 663,3533 712,3533 762,3534 811,3535 861,3535 910,3536 959,3537 1009,3537 1058,3538 1108,3538 1157,3538 1207,3539"/>
                <TextEquiv>
                    <Unicode>Minnten. Präsident des Nationalrates Doktor</Unicode>
                </TextEquiv>
            </TextLine>
            <TextLine id="r1l123" custom="readingOrder {index:122;}">
                <Coords points="2257,3548 3204,3557 3193,3499 2257,3494"/>
                <Baseline points="2267,3538 2313,3538 2359,3538 2406,3539 2452,3539 2498,3539 2545,3540 2591,3540 2637,3540 2684,3541 2730,3541 2776,3541 2823,3542 2869,3542 2915,3542 2962,3543 3008,3543 3054,3544 3101,3544 3147,3544 3194,3545"/>
                <TextEquiv>
                    <Unicode>sich die arierfremden Schieber zu diesem Stücke,</Unicode>
                </TextEquiv>
            </TextLine>
            <TextLine id="r1l124" custom="readingOrder {index:123;}">
                <Coords points="1341,3545 1887,3549 1986,3574 2205,3560 2206,3509 1341,3497"/>
                <Baseline points="1350,3539 1392,3539 1434,3539 1476,3540 1519,3540 1561,3541 1603,3542 1645,3542 1688,3543 1730,3544 1772,3545 1814,3546 1857,3546 1899,3547 1941,3547 1983,3548 2026,3548 2068,3548 2110,3548 2152,3548 2195,3548"/>
                <TextEquiv>
                    <Unicode>Oder verlangten die Christlichsozialen das</Unicode>
                </TextEquiv>
            </TextLine>
            <TextLine id="r1l125" custom="readingOrder {index:124;}">
                <Coords points="252,3581 1214,3588 1183,3544 253,3535"/>
                <Baseline points="261,3578 308,3578 355,3578 402,3579 449,3579 496,3580 543,3581 591,3581 638,3582 685,3583 732,3584 779,3585 826,3585 873,3586 921,3586 968,3587 1015,3587 1062,3587 1109,3586 1156,3586 1204,3585"/>
                <TextEquiv>
                    <Unicode>Weißkirchner sprach sodann sein tiefstes Be¬</Unicode>
                </TextEquiv>
            </TextLine>
            <TextLine id="r1l126" custom="readingOrder {index:125;}">
                <Coords points="2252,3602 3178,3611 3211,3602 3212,3556 2252,3545"/>
                <Baseline points="2261,3586 2308,3587 2355,3588 2402,3588 2449,3589 2496,3589 2543,3589 2590,3590 2637,3590 2684,3590 2732,3590 2779,3590 2826,3590 2873,3591 2920,3591 2967,3591 3014,3592 3061,3592 3108,3593 3155,3593 3203,3594"/>
                <TextEquiv>
                    <Unicode>das ihnen und ihrer Kokotten Sinne so recht</Unicode>
                </TextEquiv>
            </TextLine>
            <TextLine id="r1l127" custom="readingOrder {index:126;}">
                <Coords points="1254,3594 2203,3601 2176,3553 1861,3566 1755,3538 1596,3562 1255,3532"/>
                <Baseline points="1264,3588 1310,3588 1356,3588 1403,3588 1449,3589 1496,3589 1542,3590 1589,3591 1635,3592 1682,3592 1728,3593 1774,3594 1821,3594 1867,3595 1914,3596 1960,3596 2007,3596 2053,3596 2100,3596 2146,3596 2193,3596"/>
                <TextEquiv>
                    <Unicode>Standrecht und den Galgen für alle</Unicode>
                </TextEquiv>
            </TextLine>
            <TextLine id="r1l128" custom="readingOrder {index:127;}">
                <Coords points="247,3632 1171,3656 1201,3646 1202,3592 247,3582"/>
                <Baseline points="256,3624 302,3625 349,3626 396,3627 443,3628 490,3629 536,3630 583,3631 630,3631 677,3632 724,3633 770,3634 817,3634 864,3635 911,3636 958,3636 1004,3636 1051,3637 1098,3637 1145,3637 1192,3637"/>
                <TextEquiv>
                    <Unicode>dauern über diese Vorgänge aus. Der ehemalige</Unicode>
                </TextEquiv>
            </TextLine>
            <TextLine id="r1l129" custom="readingOrder {index:128;}">
                <Coords points="2263,3642 3023,3665 3210,3653 3211,3602 2264,3600"/>
                <Baseline points="2273,3636 2319,3637 2365,3637 2412,3637 2458,3638 2505,3638 2551,3638 2597,3638 2644,3638 2690,3639 2737,3639 2783,3639 2829,3639 2876,3640 2922,3640 2969,3640 3015,3640 3061,3641 3108,3641 3154,3642 3201,3642"/>
                <TextEquiv>
                    <Unicode>entspricht und die auch die Kleinigkeit von</Unicode>
                </TextEquiv>
            </TextLine>
            <TextLine id="r1l130" custom="readingOrder {index:129;}">
                <Coords points="1259,3647 1971,3647 2200,3679 2187,3600 1260,3596"/>
                <Baseline points="1268,3637 1314,3637 1360,3637 1406,3638 1452,3638 1499,3639 1545,3639 1591,3640 1637,3641 1683,3642 1730,3642 1776,3643 1822,3644 1868,3645 1914,3645 1961,3646 2007,3646 2053,3646 2099,3646 2145,3646 2192,3645"/>
                <TextEquiv>
                    <Unicode>Preistreiber, Wucherer und Schieber</Unicode>
                </TextEquiv>
            </TextLine>
            <TextLine id="r1l131" custom="readingOrder {index:130;}">
                <Coords points="248,3677 1121,3701 1204,3694 1205,3646 248,3631"/>
                <Baseline points="257,3674 303,3675 350,3676 397,3677 444,3678 491,3679 538,3679 585,3680 632,3681 679,3681 726,3682 772,3683 819,3683 866,3683 913,3684 960,3684 1007,3685 1054,3685 1101,3685 1148,3685 1195,3686"/>
                <TextEquiv>
                    <Unicode>Volksschullehrer und abgetretene Präsident unserer</Unicode>
                </TextEquiv>
            </TextLine>
            <TextLine id="r1l132" custom="readingOrder {index:131;}">
                <Coords points="2259,3693 3211,3698 3211,3661 3092,3642 3024,3666 2259,3645"/>
                <Baseline points="2267,3685 2313,3686 2360,3686 2407,3686 2453,3687 2500,3687 2547,3687 2593,3687 2640,3688 2687,3688 2734,3688 2780,3688 2827,3688 2874,3689 2920,3689 2967,3689 3014,3690 3060,3690 3107,3690 3154,3691 3201,3692"/>
                <TextEquiv>
                    <Unicode>ein paar Hundert Kronen für einen Sitz zur</Unicode>
                </TextEquiv>
            </TextLine>
            <TextLine id="r1l133" custom="readingOrder {index:132;}">
                <Coords points="1255,3706 1307,3685 1426,3705 1443,3692 1779,3699 1780,3647 1256,3644"/>
                <Baseline points="1264,3685 1289,3685 1314,3686 1339,3686 1365,3686 1390,3686 1415,3687 1441,3687 1466,3687 1491,3688 1517,3688 1542,3689 1567,3689 1592,3689 1618,3690 1643,3690 1668,3691 1694,3691 1719,3691 1744,3691 1770,3691"/>
                <TextEquiv>
                    <Unicode>in Wien und Konkurrenz?</Unicode>
                </TextEquiv>
            </TextLine>
            <TextLine id="r1l134" custom="readingOrder {index:133;}">
                <Coords points="249,3734 1181,3752 1209,3693 249,3681"/>
                <Baseline points="258,3723 305,3724 352,3726 399,3727 446,3728 493,3728 540,3729 587,3730 634,3731 681,3731 728,3732 775,3733 822,3733 869,3733 916,3734 963,3734 1010,3735 1057,3735 1104,3735 1151,3735 1199,3736"/>
                <TextEquiv>
                    <Unicode>jämmerlichen R.publik, der sozialdemokratische</Unicode>
                </TextEquiv>
            </TextLine>
            <TextLine id="r1l135" custom="readingOrder {index:134;}">
                <Coords points="2260,3738 3227,3747 3227,3713 3130,3692 2260,3692"/>
                <Baseline points="2269,3734 2316,3735 2363,3736 2411,3736 2458,3737 2506,3737 2553,3737 2601,3737 2648,3738 2696,3737 2743,3737 2790,3737 2838,3737 2885,3737 2933,3737 2980,3738 3028,3738 3075,3738 3123,3739 3170,3740 3218,3741"/>
                <TextEquiv>
                    <Unicode>Verfügung haben. Jedenfalls wittern sie in diesem</Unicode>
                </TextEquiv>
            </TextLine>
            <TextLine id="r1l136" custom="readingOrder {index:135;}">
                <Coords points="1352,3746 2198,3753 2198,3692 2126,3681 1926,3706 1814,3674 1676,3710 1352,3693"/>
                <Baseline points="1361,3735 1402,3735 1443,3736 1485,3737 1526,3737 1568,3738 1609,3739 1650,3739 1692,3740 1733,3740 1775,3741 1816,3741 1857,3742 1899,3742 1940,3742 1982,3742 2023,3742 2064,3742 2106,3741 2147,3741 2189,3740"/>
                <TextEquiv>
                    <Unicode>Oder hatten die Christlichsozialen die Ab¬</Unicode>
                </TextEquiv>
            </TextLine>
            <TextLine id="r1l137" custom="readingOrder {index:136;}">
                <Coords points="247,3780 1177,3796 1208,3794 1209,3744 247,3736"/>
                <Baseline points="256,3775 303,3775 350,3776 397,3776 444,3777 491,3778 538,3778 586,3779 633,3779 680,3780 727,3781 774,3781 821,3782 868,3782 916,3783 963,3784 1010,3784 1057,3785 1104,3785 1151,3786 1199,3786"/>
                <TextEquiv>
                    <Unicode>Parteiobmann, Abgeordneter Seitz beendete</Unicode>
                </TextEquiv>
            </TextLine>
            <TextLine id="r1l138" custom="readingOrder {index:137;}">
                <Coords points="2256,3795 3205,3807 3185,3749 2256,3738"/>
                <Baseline points="2266,3782 2312,3783 2359,3784 2405,3785 2452,3785 2498,3786 2545,3786 2591,3786 2638,3786 2684,3786 2731,3786 2777,3786 2824,3786 2870,3787 2917,3787 2963,3787 3010,3788 3056,3788 3103,3789 3149,3790 3196,3791"/>
                <TextEquiv>
                    <Unicode>Stücke die Auflösung von Zucht und Ordnung,</Unicode>
                </TextEquiv>
            </TextLine>
            <TextLine id="r1l139" custom="readingOrder {index:138;}">
                <Coords points="1255,3794 1491,3806 1540,3773 1608,3809 1697,3774 1829,3812 2206,3805 2206,3742 1500,3760 1256,3727"/>
                <Baseline points="1264,3786 1310,3786 1357,3786 1403,3787 1450,3787 1497,3788 1543,3788 1590,3788 1637,3789 1683,3789 1730,3790 1777,3790 1823,3790 1870,3791 1917,3791 1963,3791 2010,3791 2057,3791 2103,3791 2150,3790 2197,3790"/>
                <TextEquiv>
                    <Unicode>schaffung der Arbeitslosenunter¬</Unicode>
                </TextEquiv>
            </TextLine>
            <TextLine id="r1l140" custom="readingOrder {index:139;}">
                <Coords points="245,3828 1194,3851 1208,3802 246,3779"/>
                <Baseline points="255,3822 302,3823 349,3824 396,3825 443,3826 490,3826 537,3827 585,3828 632,3828 679,3829 726,3829 773,3830 820,3831 867,3831 915,3831 962,3832 1009,3833 1056,3834 1103,3835 1150,3836 1198,3837"/>
                <TextEquiv>
                    <Unicode>diese „dringliche Anfrage“ mit einer Rede,</Unicode>
                </TextEquiv>
            </TextLine>
            <TextLine id="r1l141" custom="readingOrder {index:140;}">
                <Coords points="2258,3838 3209,3853 3209,3805 3152,3794 2258,3796"/>
                <Baseline points="2268,3831 2314,3832 2361,3833 2407,3834 2454,3834 2501,3835 2547,3835 2594,3835 2640,3835 2687,3835 2734,3835 2780,3835 2827,3835 2873,3835 2920,3835 2967,3836 3013,3836 3060,3836 3106,3836 3153,3837 3200,3838"/>
                <TextEquiv>
                    <Unicode>von der allein sie ja leben und emporkommen</Unicode>
                </TextEquiv>
            </TextLine>
            <TextLine id="r1l142" custom="readingOrder {index:141;}">
                <Coords points="1254,3845 2207,3858 2207,3807 2145,3797 1255,3793"/>
                <Baseline points="1263,3836 1309,3835 1356,3835 1403,3834 1450,3835 1496,3835 1543,3835 1590,3836 1637,3837 1683,3838 1730,3838 1777,3839 1824,3840 1870,3840 1917,3841 1964,3841 2011,3841 2057,3841 2104,3841 2151,3840 2198,3839"/>
                <TextEquiv>
                    <Unicode>stützung in Wien verlangt, weil sich bei den</Unicode>
                </TextEquiv>
            </TextLine>
            <TextLine id="r1l143" custom="readingOrder {index:142;}">
                <Coords points="239,3882 573,3891 638,3866 757,3901 1132,3901 1211,3891 1212,3856 240,3823"/>
                <Baseline points="248,3871 295,3871 343,3872 391,3873 438,3873 486,3874 534,3875 581,3875 629,3876 677,3877 725,3878 772,3879 820,3879 868,3880 915,3881 963,3882 1011,3882 1058,3883 1106,3883 1154,3884 1202,3885"/>
                <TextEquiv>
                    <Unicode>in der er von oben herab Dr. Glanz als einen</Unicode>
                </TextEquiv>
            </TextLine>
            <TextLine id="r1l144" custom="readingOrder {index:143;}">
                <Coords points="2261,3887 3211,3908 3211,3853 3149,3844 2261,3839"/>
                <Baseline points="2270,3881 2316,3881 2363,3882 2409,3883 2456,3883 2503,3883 2549,3884 2596,3884 2642,3884 2689,3884 2736,3884 2782,3884 2829,3884 2875,3885 2922,3885 2969,3885 3015,3885 3062,3886 3108,3886 3155,3887 3202,3888"/>
                <TextEquiv>
                    <Unicode>können. Beweis: Am 11. d. M. starb in Wien,</Unicode>
                </TextEquiv>
            </TextLine>
            <TextLine id="r1l145" custom="readingOrder {index:144;}">
                <Coords points="1260,3888 2198,3893 2198,3856 2112,3843 1261,3842"/>
                <Baseline points="1270,3883 1315,3883 1361,3883 1407,3884 1453,3884 1499,3884 1545,3885 1591,3885 1637,3886 1683,3886 1729,3887 1774,3888 1820,3888 1866,3889 1912,3889 1958,3889 2004,3890 2050,3890 2096,3890 2142,3890 2188,3889"/>
                <TextEquiv>
                    <Unicode>letzten Schneefällen keine Arbeiter zum Schnee¬</Unicode>
                </TextEquiv>
            </TextLine>
            <TextLine id="r1l146" custom="readingOrder {index:145;}">
                <Coords points="242,3924 1207,3943 1186,3890 243,3880"/>
                <Baseline points="252,3921 299,3921 346,3922 394,3923 441,3923 488,3924 536,3925 583,3925 630,3926 678,3927 725,3927 772,3928 820,3929 867,3929 914,3930 962,3930 1009,3931 1056,3931 1104,3932 1151,3932 1199,3932"/>
                <TextEquiv>
                    <Unicode>viekleicht ausgezeichneten Literaturkenner und</Unicode>
                </TextEquiv>
            </TextLine>
            <TextLine id="r1l147" custom="readingOrder {index:146;}">
                <Coords points="2255,3946 3198,3949 3198,3905 3163,3890 2255,3889"/>
                <Baseline points="2264,3931 2310,3932 2356,3932 2402,3932 2449,3932 2495,3932 2541,3932 2587,3932 2634,3932 2680,3932 2726,3932 2772,3932 2819,3932 2865,3932 2911,3933 2957,3933 3004,3933 3050,3934 3096,3934 3142,3935 3189,3936"/>
                <TextEquiv>
                    <Unicode>Landstraße der größte Revolutionsgewinner, ein</Unicode>
                </TextEquiv>
            </TextLine>
            <TextLine id="r1l148" custom="readingOrder {index:147;}">
                <Coords points="1254,3944 1936,3935 2203,3963 2203,3893 1254,3889"/>
                <Baseline points="1264,3932 1310,3932 1357,3933 1403,3933 1450,3934 1496,3934 1543,3935 1589,3935 1636,3936 1682,3936 1729,3936 1775,3937 1822,3937 1868,3938 1915,3938 1961,3938 2008,3939 2054,3939 2101,3939 2147,3939 2194,3939"/>
                <TextEquiv>
                    <Unicode>schaufeln vorfanden und die 1000 Wehrmänner</Unicode>
                </TextEquiv>
            </TextLine>
            <TextLine id="r1l149" custom="readingOrder {index:148;}">
                <Coords points="240,3972 1211,3996 1211,3941 1096,3925 1060,3950 241,3922"/>
                <Baseline points="249,3970 296,3971 344,3971 391,3972 439,3973 487,3974 534,3974 582,3975 629,3976 677,3977 725,3977 772,3978 820,3979 867,3979 915,3980 963,3981 1010,3981 1058,3981 1105,3982 1153,3982 1201,3982"/>
                <TextEquiv>
                    <Unicode>Aestheten, aber als einen unfähigen Innenminister</Unicode>
                </TextEquiv>
            </TextLine>
            <TextLine id="r1l150" custom="readingOrder {index:149;}">
                <Coords points="2253,3991 3207,3992 3207,3951 3158,3938 3016,3962 2878,3937 2253,3945"/>
                <Baseline points="2262,3981 2308,3981 2355,3982 2402,3982 2449,3982 2496,3982 2543,3982 2589,3982 2636,3982 2683,3982 2730,3982 2777,3982 2824,3982 2871,3982 2917,3982 2964,3983 3011,3983 3058,3983 3105,3983 3152,3984 3199,3984"/>
                <TextEquiv>
                    <Unicode>gewisser „Brück“, dessen Vermögen auf vier</Unicode>
                </TextEquiv>
            </TextLine>
            <TextLine id="r1l151" custom="readingOrder {index:150;}">
                <Coords points="1248,4019 1498,3981 1588,4013 1673,3992 1954,4003 1983,3998 1984,3946 1678,3953 1651,3934 1513,3953 1432,3931 1248,3949"/>
                <Baseline points="1257,3984 1292,3984 1328,3983 1364,3983 1400,3983 1436,3983 1472,3983 1508,3984 1544,3984 1580,3985 1616,3985 1651,3986 1687,3987 1723,3987 1759,3988 1795,3988 1831,3988 1867,3988 1903,3988 1939,3987 1975,3986"/>
                <TextEquiv>
                    <Unicode>gleich 80 K extra pro Tag kosteten?</Unicode>
                </TextEquiv>
            </TextLine>
            <TextLine id="r1l152" custom="readingOrder {index:151;}">
                <Coords points="236,4025 1208,4045 1209,3996 236,3978"/>
                <Baseline points="245,4019 292,4020 340,4020 388,4021 435,4022 483,4023 531,4024 578,4025 626,4026 674,4027 722,4027 769,4028 817,4029 865,4030 912,4030 960,4031 1008,4031 1055,4031 1103,4032 1151,4032 1199,4032"/>
                <TextEquiv>
                    <Unicode>bezeichnete, der Regierung drohte, falls sie den</Unicode>
                </TextEquiv>
            </TextLine>
            <TextLine id="r1l153" custom="readingOrder {index:152;}">
                <Coords points="2245,4041 3205,4043 3205,3991 2246,3991"/>
                <Baseline points="2254,4028 2301,4028 2348,4029 2395,4029 2442,4030 2489,4030 2536,4030 2583,4030 2630,4031 2677,4031 2724,4031 2771,4031 2818,4031 2865,4032 2912,4032 2959,4032 3006,4032 3053,4033 3100,4033 3147,4033 3195,4034"/>
                <TextEquiv>
                    <Unicode>Milliarden geschätzt wird, und der die Menschen</Unicode>
                </TextEquiv>
            </TextLine>
            <TextLine id="r1l154" custom="readingOrder {index:153;}">
                <Coords points="1344,4050 2114,4065 2206,4057 2207,3980 2025,3974 1919,4017 1890,3995 1607,4016 1344,3991"/>
                <Baseline points="1352,4041 1394,4041 1436,4041 1478,4042 1521,4042 1563,4043 1605,4043 1647,4044 1690,4045 1732,4045 1774,4046 1816,4046 1859,4047 1901,4047 1943,4047 1985,4048 2028,4048 2070,4048 2112,4048 2154,4048 2197,4048"/>
                <TextEquiv>
                    <Unicode>Oder verlangten die Roten, daß die</Unicode>
                </TextEquiv>
            </TextLine>
            <TextLine id="r1l155" custom="readingOrder {index:154;}">
                <Coords points="246,4074 1200,4098 1201,4044 1119,4032 247,4026"/>
                <Baseline points="255,4068 301,4068 348,4069 395,4070 442,4071 489,4072 536,4073 582,4074 629,4075 676,4076 723,4077 770,4078 817,4079 864,4080 910,4080 957,4081 1004,4081 1051,4081 1098,4082 1145,4082 1192,4082"/>
                <TextEquiv>
                    <Unicode>Widerstand Wiens gegen Verfassungsbrüche etwa</Unicode>
                </TextEquiv>
            </TextLine>
            <TextLine id="r1l156" custom="readingOrder {index:155;}">
                <Coords points="2253,4088 2733,4100 2781,4071 3182,4100 3211,4093 3212,4042 2254,4042"/>
                <Baseline points="2262,4077 2309,4078 2356,4079 2403,4079 2450,4080 2497,4080 2544,4080 2591,4081 2638,4081 2685,4081 2732,4081 2779,4081 2826,4081 2873,4081 2920,4082 2967,4082 3014,4082 3061,4082 3108,4083 3155,4083 3202,4084"/>
                <TextEquiv>
                    <Unicode>auf der Straße durch Tausender für sich</Unicode>
                </TextEquiv>
            </TextLine>
            <TextLine id="r1l157" custom="readingOrder {index:156;}">
                <Coords points="1262,4090 2204,4098 2204,4052 2173,4049 1263,4044"/>
                <Baseline points="1272,4092 1318,4092 1364,4092 1410,4092 1456,4093 1502,4093 1548,4094 1594,4094 1640,4095 1686,4095 1733,4096 1779,4096 1825,4097 1871,4097 1917,4097 1963,4097 2009,4098 2055,4098 2101,4097 2147,4097 2194,4097"/>
                <TextEquiv>
                    <Unicode>chwarzen Minister nicht mehr, so wie</Unicode>
                </TextEquiv>
            </TextLine>
            <TextLine id="r1l158" custom="readingOrder {index:157;}">
                <Coords points="240,4124 1178,4141 1165,4085 241,4078"/>
                <Baseline points="250,4117 298,4119 346,4120 395,4121 443,4122 491,4123 540,4123 588,4124 636,4124 685,4125 733,4125 782,4126 830,4126 878,4127 927,4127 975,4128 1023,4129 1072,4130 1120,4131 1169,4133"/>
                <TextEquiv>
                    <Unicode>mit bewaffneter Gewalt brechen wollte, Gefah</Unicode>
                </TextEquiv>
            </TextLine>
            <TextLine id="r1l159" custom="readingOrder {index:158;}">
                <Coords points="2241,4124 3207,4131 3207,4094 3113,4079 3039,4101 2241,4087"/>
                <Baseline points="2251,4130 2298,4129 2345,4129 2393,4129 2440,4129 2487,4129 2535,4129 2582,4129 2629,4130 2677,4130 2724,4130 2771,4131 2819,4131 2866,4131 2913,4131 2961,4131 3008,4131 3055,4130 3103,4130 3150,4129 3198,4128"/>
                <TextEquiv>
                    <Unicode>gewann und am selben Tage im Lainzer Ver¬</Unicode>
                </TextEquiv>
            </TextLine>
            <TextLine id="r1l160" custom="readingOrder {index:159;}">
                <Coords points="1420,4165 1830,4169 1891,4148 1929,4169 2198,4167 2198,4110 2143,4101 1421,4108"/>
                <Baseline points="1430,4147 1467,4145 1505,4145 1543,4144 1581,4144 1619,4144 1657,4144 1695,4145 1733,4146 1771,4147 1809,4147 1846,4149 1884,4149 1922,4150 1960,4151 1998,4152 2036,4152 2074,4152 2112,4152 2150,4152 2188,4151"/>
                <TextEquiv>
                    <Unicode></Unicode>
                </TextEquiv>
            </TextLine>
            <TextEquiv>
                <Unicode>box 17/6
11. Reigen
St. Bültner
%


114
drune
für das Viertel O. W. W.
Bezugspreise:
Erscheint jeden Nonnerstag Vormittag.
Durch die Post:
Für St. Pölten:
Gegründet im Jahre 1871 als
Inserate sind im vorhinein zu bexablen
Sanzjährlich K 94·—
Ganzjährlich K 96“
Halbjährlich K 47
Halbjährlich K 48•-
und kostet die sechsmal gespaltene Petitzeile das
Vierteljährl. K 23 50 Bierteljährl. K 24“
erstemal K 3·60, jedes folgendemal K3·50.— B
Dl. Hollure Wöhrablalt.

öfteren Einschaltungen gewähren wir Rabatt.
Einzlne Nummern 2 K.
Sysan für die nationalen und Firtschaftlichen Interesser
Manuskripte werden nicht zurückgestellt.
des deveschen Weihes.
Nr. 7. Pashelstentente 1909
Donnerstag den 17. Februar 1921
Telephon=Nr. 59
51. Jahrg.
die hentige Rummer=ist 10 Seiten stark.
nisse der roten Herren Wiens eingegriffen hatten,
schlußfreunde, gelbe unsere deutschen Volksver¬
um uns vor weiterer Verarmung und Verteuerung
räter und Habsburgerknechte anzeigen.
aller Bedürfnisse zu schützen, um die Beseitigung
Nein, nichts von alldem!
österreichs „Reigen“.
des schwindelhaften Valuta= und Börsenhandels,
Es hatte sich um Artur Schnitzlers
die unbedingt notwendige Hebung unserer Kronen¬
„Reigen“ gehandelt!
Am 11. Februar gab es in ucserem Na¬
valuta oder um die Ersüllung des Ententegeboles
Die Zensur hatte diese echt semitische Mache
tionalrate einen großen Skandal. (De Sozial¬
herbeizuführen, Wien vor der Uebervölkerung zu
vor 25 Jahren schon verboten. Sie war übrigens
demokraten taten sehr erbost wegen eines
schützen, wodurch auch unser Difizit verringert
durch unseren Bundesminister für Iceres Doktor
von Schnitzler gar nicht für das Buch noch für
würde, da ja die Regierung im laufenden Budget¬
die Bühne geschrieben worden. Bis zum Um¬
Glanz angeblich herbeigeführten Kverfassungs¬
jahre auf jeden in Deutschösterreich Angemeldeten
sturze wurde ein heftiger Kampf echt markt¬
widrigen Eingriffes der Bundesregerung in die
und mit Lebensmittelkarten Aurayonierten schon
chreierisch für und gegen die Freigabe des
Befugnisse des Landeshauptmannes von Wien,
über 4000 Kronen wegen des schlechten Standes
„Reigen“ geführt. Zuerst erschien das Stück
rekte Bürgermeisters Jakob Reumann. Der sozial¬
unserer Krone am Weltmarkte daraufzahlen muß?
n handschriftlichen Abzügen an literarische
demokratische Abgeordnete Dr. Leuthner be¬
Nein, die Ostjuden bleiben trotz der christlich¬
Freunde von erotischen Kuriosas. Es wurde be¬
schuldigte die Regierung des Verfassungsbruches.
sozialen Versprechungen vor den Wahlen im
der Parteilichkeit, nannte den Minister Dr. Glanz
chlagnahmt. Hermann Bahr machte sich zum
Oktober 1920 im internationalen Wien, es
Anwalte des „Reigen“
einen Bedienten der christlichsozialen Partei mit
können weiter Fremde zu uns einströmen aus
geradezu ekelhaften und lakaienmäßigen Formen,
Das Stück besteht aus zehn Dialogen rund
aller Herren Welt und uns den Flecktyphus
der trotz seiner inneren Unfähigkeit und seiner
um die gesellschaftliche Paarung entarteter Trieb¬
frisch aus der Krim nch Baden und Wien
geringen Leistungen von den Christlichsozialen
menschen und beginnt mit einer Dirne und
bringen. Nein, das regt unsere roten und schwarzen
auf den Minisierposten entsendet wurde.
einem Soldaten und endet mit derselben Dirne
Herren Nationalräte nicht auf.
Nach der Verteidigungsrede des Bundes¬
und einem Grafen. Die Gedankenstriche des
ministers Dr. Glanz stürmten mehrere
Oder war es die sehr heikle Schulfrage,
Buches werden durch Verdunklungen der Bühne
die vielleicht in Wien antichristlichsozial be¬
sozialdemokratische Abgeordnete schreiend gegen
ersetzt. Die ganze Sache ist kurz gesagt eine
dessen Platz, schlugen drohend heftig auf den
handelt worden war und nun repariert werden
Schweinerei und wurde jetzt in den Kammer¬
sollte?
Ministertisch; einige Besonnenere stellten sich
pielen in Wien aufgeführt, nachdem sich sogar
Oder handelte es sich um die wahnsinnige
schützend vor denselben. Inzwischen balgten sich
unser Bundesminister für soziale Für¬
die Roten mit den Schwarzen wüst mitten im
Verteuerung der Monopolartikel der
orge Resch soweit herabgelassen hatte, die
Post, Bahn, des Telephon jund Tele¬
Saale. Der Sozialdemokrat Sever
Generalprobe zu wohltätigen Zwecken für sein
graphen, weshalb die Schwarzen und die
bekam hiebei einen gehörigen Faustschlag ins
Wohlfahrtswerk „Das Kind“ auszunützen. Es
Roten zum Balgen gekommen waren?
Gesicht. Das Handgemenge dauerte mehrere
kamen aber bloß 30 Personen. Jetzt aber drängen
Minnten. Präsident des Nationalrates Doktor
sich die arierfremden Schieber zu diesem Stücke,
Oder verlangten die Christlichsozialen das
Weißkirchner sprach sodann sein tiefstes Be¬
das ihnen und ihrer Kokotten Sinne so recht
Standrecht und den Galgen für alle
dauern über diese Vorgänge aus. Der ehemalige
entspricht und die auch die Kleinigkeit von
Preistreiber, Wucherer und Schieber
Volksschullehrer und abgetretene Präsident unserer
ein paar Hundert Kronen für einen Sitz zur
in Wien und Konkurrenz?
jämmerlichen R.publik, der sozialdemokratische
Verfügung haben. Jedenfalls wittern sie in diesem
Oder hatten die Christlichsozialen die Ab¬
Parteiobmann, Abgeordneter Seitz beendete
Stücke die Auflösung von Zucht und Ordnung,
schaffung der Arbeitslosenunter¬
diese „dringliche Anfrage“ mit einer Rede,
von der allein sie ja leben und emporkommen
stützung in Wien verlangt, weil sich bei den
in der er von oben herab Dr. Glanz als einen
können. Beweis: Am 11. d. M. starb in Wien,
letzten Schneefällen keine Arbeiter zum Schnee¬
viekleicht ausgezeichneten Literaturkenner und
Landstraße der größte Revolutionsgewinner, ein
schaufeln vorfanden und die 1000 Wehrmänner
Aestheten, aber als einen unfähigen Innenminister
gewisser „Brück“, dessen Vermögen auf vier
gleich 80 K extra pro Tag kosteten?
bezeichnete, der Regierung drohte, falls sie den
Milliarden geschätzt wird, und der die Menschen
Oder verlangten die Roten, daß die
Widerstand Wiens gegen Verfassungsbrüche etwa
auf der Straße durch Tausender für sich
chwarzen Minister nicht mehr, so wie
mit bewaffneter Gewalt brechen wollte, Gefah
gewann und am selben Tage im Lainzer Ver¬
</Unicode>
            </TextEquiv>
        </TextRegion>
    </Page>
</PcGts>
