3336 4416
249 187 774 286 11. Reigen
945 187 1373 280 box 17/5
1819 160 3049 246 A Jahungom
1792 248 2712 391 9 Millionen Dollar?
1861 483 2961 589 Der Krneste „Krigen=Staubat.
1812 584 3030 638 Der gestrige Sturm aut die Kammerspiele. — Wo
1807 635 3030 686 war die Polizei? — Dr. Schuter bei der Vor¬
1803 681 3032 740 stellung. — Ein endgültiges polizeiliches Verbot?
1919 741 3030 809 Die gestrigen Szenen vor den Kammerspielen werden ver¬
1806 795 3026 861 mutlich nicht ohne Folgen bleiben. Es ist nicht unwahrscheinlich,
1810 847 3028 911 daß das Polizeipräsidium heute vormittag im eigenen Wirkungs¬
1808 891 3026 951 kreis, unbekümmert um die zwischen Wien=Land und Re¬
1809 946 3027 1004 gierung schwebenden Differenzen, aus sicherheitspolizeilichen
1816 992 3011 1050 Gründen die Fortsetzung der Aufführungen des „Reigen
1809 1030 3033 1102 in den Kammerspielen verbieten und der nun seit einer Woche
1808 1086 3026 1137 dquernden Diskussion in der Oeffentlichkeit ein Ende zu machen
1803 1125 3044 1188 versuchen wird. Es ist ebenso fraglos, daß, wenn eine solche Ver¬
1810 1175 3028 1240 fügung der Polkzei erfließen sollte, diese von jenen Stellen, die
1801 1221 3026 1293 für die Freiheit des Wortes und gegen den Muckerterror der
1810 1270 3025 1326 Straße kämpfen, nicht widerspruchslos hingenomen werden wird.
1803 1317 3033 1383 Der Gründe, die die Sozialdemokraten veranlassen könnten, die
1797 1368 3026 1432 gestrigen Demonstrationen als eine vis major für die Polizei
1811 1417 3029 1475 gelten zu lassen, gibt es genug: es ist schon heute ziemlich ein¬
1808 1465 3027 1526 wandfrei festgestellt, daß diese Skandale von langer Hand vor¬
1809 1503 3031 1583 bereitet wurden, ohne daß sich die Polizei veranlaßt gesehen hätte,
1808 1551 2568 1616 die nötigen Gegenmaßnahmen zu treffen.
1924 1600 3026 1675 In gestrigen Versammlungen, die mit den Skandalmachern
1808 1663 3014 1720 nichts gemein hatten, konnte man schon in den ersten Nachmittag¬
1802 1701 2087 1767 stunden hören,
1846 1746 2998 1817 daß heute beim „Reigen“ etwas los sein werde.
1803 1804 3029 1873 Es ist unwahr, wenn ein offiziöser Bericht versichert, daß
1807 1858 3032 1923 sich unmittelbar vor der Vorstellung vor dem Theater keinerlei
1799 1903 3026 1963 Ansammlungen gebildet hatten und daß der Einbruch von etwa
1797 1955 3017 2023 150 Menschen in den Theatersoal ganz plötzlich und un¬
1798 2004 3032 2080 vermittelt kam. Es ist weiter wahr, daß in einer nachmittags im
1801 2053 3027 2104 alten Rathaus abgehaltenen Versammlung des Antisemiten¬
1791 2093 3025 2162 bundes und der Frontkämpfervereinigung,
1788 2155 3016 2213 zu der die Polizei selbstverständlich Zutritt hatte, ganz
1795 2201 3018 2259 offen von einem festgelegten Plan,
1791 2247 3024 2313 von seinen einzelnen Details gesprochen
1793 2294 3016 2353 wurde, die Abendvorstellung des „Reigen“ zu stören,
1789 2341 3019 2403 ohne Schonung gegen das Gebäude und
1792 2386 3017 2456 das Theaterpublikum vorzugehen und auf
1792 2433 3015 2486 diese Weise gewaltsam den Schluß der „Reigen“=Aufführungen zu er¬
1791 2482 3026 2556 zwingen. Dr. Artur Schnitzler, der gestern abend zum Beginn der
1802 2528 3017 2597 Vorstellung ins Theater kam, wurde, als er das Haus betrat, von
1792 2578 3011 2628 einer Schauspielerin mit der Bemerkung apostrophiert:
1802 2629 2996 2685 „Gerade heute kommen Sie ins Theater?“
1796 2673 3020 2722 Dies in einem Augenblick, in dem von einem Skandal im
1788 2711 3017 2774 Theater noch keine Spur war. Und all das soll die
1789 2764 3011 2832 Polizei nicht gewußt haben, und all dies soll
1799 2811 3011 2872 sie nicht veranlaßt haben, mehr als die obligaten
1788 2858 3011 2915 fünf Mann vor und im Theater postiert zu
1785 2912 2999 2971 haben, um Eindringlingen von der Brutalität,
1789 2961 3010 3028 wie sie gestern bewiesen wurde, entgegenzutreten? Wenn
1781 2996 2990 3060 schon, wie in gewissen Kreisen behauptet wird, die glatte Ab¬
1791 3058 3006 3117 wicklung dieses Skandals von der Polizei geduldet wurde,
1792 3104 3007 3151 um eben hinterher den Vorwand für das Verbot zu haben, ist
1779 3150 3011 3219 da von keiner Seite daran gedacht
1782 3198 3007 3256 worden, daß Leben und Sicherheit der
1775 3242 2994 3310 im Theater anwesenden Besncher durch
1773 3286 2992 3350 Exzesse von derartiger Brutalität,
1785 3345 3010 3411 auf das Ernsteste gefährdet waren. Und glaubt
1783 3383 2993 3450 die Polizei nicht, daß sie unbekümmert um ihre Auffassung über
1777 3429 3000 3486 Moral und Unmoral des „Reigen“ ver¬
1775 3487 3001 3529 pflichtet ist, alles zu unternehmen, um in
1784 3529 2998 3584 solchen Fällen Leben und Gesundheit von
1777 3574 2804 3625 Wiener Staatsbürgern zu schützen?
1890 3620 2999 3694 Es wird also mit dem glatten Verbot der Polizei keines¬
1773 3669 2996 3740 wegs sein Bewenden haben. Wir können es also erleben, daß
1782 3712 2983 3785 der öffentliche Krawall, der nun laut und lang
1776 3764 2996 3826 genug angedauert hat, nan abgeflaut war, ausgerechnet
1781 3820 2986 3879 wegen des „Reigen“ neuerlich an¬
1781 3864 2985 3925 geht. Daß übrigens aller Anlaß besteht, diesen Terror der
1786 3907 2979 3978 Straße in diesem Fall nicht ohne weiters gelten zu lassen,
1777 3950 2994 4043 kann man all denen nachfühlen, die sich dagegen zur Wehre
