3392 4448
318 111 815 212 11. Reigen
1009 101 1416 187 box 17/7
2100 196 2772 264 kind of realistie treatment that put
2106 246 2770 306 Vienna’s version in a decent shade. Herr
2106 288 2776 345 Hugo Brik, Germany's Minister of Fine
2108 329 2781 381 Arts, told me the other night that Berlin
2106 363 2784 415 had found nothing te oriticise—really but
2105 398 2775 452 little even to enloy—in“ Reigen.“' 11
2100 436 2776 492 has always been difficult to impres:
2103 476 2777 534 Prussia with anything less than a dis¬
2107 529 2205 578 aster.
2147 544 2800 605 One friend of Schnitzler’s says that in
2134 589 2784 648 Reigen“ the author seeks to show
2116 620 2788 688 how men debase love. As there are five
2124 657 2790 713 women as well as five men in the list
2117 699 2790 747 of characters, perhaps half of what
2115 736 2800 787 Schnitzler tried to show is how women
2115 766 2795 827 debase love. Acquaintances of Schnitz¬
2118 805 2793 865 ler say that in this play, which was
2123 832 2795 897 written many years ago, the author wa:
2123 886 2798 934 really dramatizing certain social factors
2123 919 2799 976 Brleux later used. Some people whio
2129 947 2808 1013 have never even met Schnitzler but
2133 978 2808 1046 have seen, the play have formed the
2129 1017 2808 1082 idea that“ Reigen“ shows men always
2137 1060 2816 1120 to be weary of what they have Just con¬
2132 1096 2820 1156 quered. There Is no question but what
2133 1127 2817 1200 these theatre-goers can point to many
2137 1168 2822 1230 substantlating lines in the piece to bear
2136 1200 2814 1274 out their otherwise unauthorlzed state¬
2136 1260 2231 1312 ment.
2156 1268 2822 1347 Then there are still others who know
2132 1312 2823 1380 nothing at all about the stage outside of
2143 1351 2829 1411 what they see and hear after they have
2146 1385 2824 1450 bought their tickets and the curtain goes
2145 1424 2807 1487 up. They seen: to think" Reigen
2149 1450 2832 1534 proves that Schnitzler is interested in
2147 1525 2216 1570 sex.
2175 1529 2825 1603 Certainly there would be but little in¬
2142 1570 2824 1634 terest in ten stage-given scenes concern¬
2158 1616 2828 1680 ng ten people no more closely con¬
2151 1633 2838 1710 nected than that each of them had been
2145 1682 2834 1752 introduced to some one who had met
2163 1715 2830 1784 somebody who had met somebody eis¬
2156 1755 2834 1822 at the same kind of card party. In
2158 1788 2844 1861 fact, it 1s Just because none of the ten
2157 1827 2845 1889 characters depicted is ever shown at a
2156 1872 2846 1928 card party that the play exlsts and
2165 1901 2840 1964 draws. Sex is interesting, as birth and
2167 1938 2853 2006 murder are. It seems expecting tco
2171 1972 2853 2042 much of it, though, to ask it, as Mr.
2165 2008 2849 2077 Schnitzler does, to “go it alone“ fora
2165 2068 2361 2114 whole play.
2196 2074 2853 2144 Naturally, Schnitzler not being an
2177 2119 2854 2187 American playwright or manager, no
2171 2158 2867 2225 one thinks he wrote“ Reigen as a
2172 2192 2856 2262 llbretto to the sound of gold tinkling into
2172 2237 2862 2299 the box offlce. He seems to have writ¬
2177 2268 2869 2342 ten it because he was an artist and
2182 2314 2694 2372 perhaps because he was young.
2196 2335 2868 2411 But it is difficult not to think less of
2177 2381 2862 2445 the Christlan-Sociallst Party here when
2176 2421 2864 2490 one reflects that their rlot was one which
2179 2455 2872 2521 was led astray. They had vo fine #
2174 2503 2756 2560 chance for a personal suppréssien.
2215 2534 2872 2598 Within the last week there have been
2181 2576 2872 2628 moments when it looked as though
2196 2602 2862 2664 Reigen might be brought to America.
2190 2639 2872 2702 where it could be used as a staple ex¬
2187 2678 2877 2741 hlbit to show newcomers who were in¬
2190 2714 2864 2778 terested in, but had not yet been thor¬
2197 2744 2880 2826 sughly informed as to, the type of
2191 2800 2875 2855 play that needs personal suppression.
2206 2826 2883 2887 Reigen has been deserlbed as both
2218 2864 2879 2927 serlous“ and“ shocking.“ A foreign
2198 2910 2872 2971 buyer for our Theatre Gulld conse¬
2196 2937 2881 3006 quently looked in on it one night, and a
2202 2972 2886 3047 friend who is keeping his eye open for
2196 3020 2885 3075 something for our Al Woods bought a
2204 3055 2676 3121 ticket for the next evening.
2227 3085 2880 3150 And both turned it down. One seemed
2207 3124 2886 3196 to think Shaw more shocking, and the
2210 3161 2892 3227 other may have realized that the New
2211 3202 2697 3261 York pollce are more serious.
2514 3230 2862 3282 JANET TLANNER.
2236 3279 2589 3339 Vienna, May 14, 1922.
2217 3332 2571 3387 The Actors' Theatre.
2222 3366 2634 3419 Tothe Dramatie Editor:
2244 3374 2897 3452 The Actors' Equity Society is indecd
2215 3429 2892 3492 making a notable, if dangerous, em¬
2217 3465 2894 3531 barkation, in launching out into the
2219 3504 2850 3572 ownership and control of its theatre.
2245 3541 2893 3597 There have been a very few other ex¬
2225 3571 2893 3637 amples of large scale dramatie produc¬
2232 3616 2898 3680 on by the actors in recent years. The
2231 3646 2903 3709 most successful of these has been that
2232 3686 2904 3750 of the Theatre Gulld. And its success
2227 3712 2909 3787 has doubtless been in large part due to
2231 3754 2899 3820 its readiness to take the “ consuming
2225 3795 2914 3857 publie into partnership as much as it
2265 3855 2907 3931 In the strictest sense of the word, we
2235 3896 2917 3969 have no genuine“ co-operative“ theatre
2239 3945 2911 4001 In this country, if we are to use thaf
2238 3981 2914 4039 word as it is used by the most careful
2235 4013 2906 4070 economists to denote“ consumers' co¬
2242 4050 2907 4115 operation.“There are a very few mov¬
2361 4080 2918 4140 Mhuuses ewned and controlled
