3444 4352
224 197 303 287 1
431 195 732 295 Reigen
919 185 1340 276 box 17/6
2024 196 3153 320 Die Rechtslage beim Verbot des „Reigen“.
2355 296 2831 364 Von Dr. Julius Ofner.
1887 310 2081 414 12 2.
2738 315 3114 410 Wien, II. Februar.
2116 352 3151 459 Schnitzlers „Reigen“ sollte in Berun von der Ver¬
2019 433 3161 500 waltug##rde verroten werden, wurde aber vom Ver¬
2013 482 3162 557 waltungsgerichte fleigegeben. In München ist er verboten;
2020 526 3150 616 in Wien wulde er vom Landeshauptmann erlaubt, von
2022 575 2713 645 dem Minister des Innern verboten.
2093 616 3144 701 Diese Verschiedenheit der Meinungen beweist wohl
2009 669 3147 745 daß das Stück sich an der Grenze befindet, und das un¬
2013 722 3148 781 besungene ästhetsche Urteil durfte dem Berliner Ver¬
2010 770 3146 840 waltungsgerichte zustimmen, mit dem sich zweifellos auch
2012 811 3159 886 der Wiener Theaterrat einverstanden erklärt hat, daß der
2018 860 3159 923 Inhalt des Stückes allerdings geeignet sein kann, lüstern
2008 915 3147 980 zu wirken, daß das Stück selbst aber durch die künst¬
2018 963 3157 1025 lerische Behandlung des Stoffes aus dem Gebiete der
2013 1002 3155 1084 Lüsternheit herausgehoben wird. Bei der Aufführung ist
2005 1051 3144 1125 sicherlich die Art der Darstellung von entscheidender Be¬
2019 1098 3143 1168 deutung. Die Entscheidung für oder gegen die Aufführbar¬
2001 1142 3152 1217 keit des „Reigen“ kennzeichnet wohl den Standpuntt, den
2007 1194 3147 1270 Grad der Empfindlichteit oder Prüderie, wie man dies
2004 1255 3141 1339 nun nennen mag, wäre aber vielleicht kein Anlaß zu er¬
1999 1290 2283 1360 hitztem Streit.
2096 1336 3139 1419 Für uns ist aber eine andere Frage, eine Verfassungs¬
2007 1382 3136 1460 frage, an diese Stelle getreten. Der Landeshauptmann
2003 1441 3148 1514 hatte die Aufführung erlaubt, der Minister hat, über
2011 1486 3143 1560 seinen Kopf hinweg, sie verboten, Eine erregte Debatte im
1999 1531 3138 1600 Nationalrat, die fast zu Tätlichkeiten. führte, beweist, wie
2002 1582 3133 1659 sehr der Kompetenzstreit, der dadurch entfacht wurde, die
1994 1637 3144 1700 politischen Kreise bewegt. Nach der Theaterordnung vom
1989 1675 3130 1751 25. November 1850, R. G. Bl. Nu 434, ist zweifellos
2000 1726 3141 1802 (§ 3) der Statthalter, respektive derzeit der Landeshaupt¬
1996 1775 3143 1846 mann befugt, die Genehmigung zu erteilen; und wenn
2002 1820 3130 1890 nach § 5 die erteilte Aufführungsbewilligung aus Beweg¬
1994 1876 3140 1950 gründen der öffentlichen Ordnung jederzeit zurückgenommen
1995 1920 3138 1990 werden kann, so geht schon daraus, daß keine andere
1988 1958 3137 2028 Kompetenz im § 5 bestimmt ist, hervor, daß für die
1988 2007 3132 2087 Zurücknahme die gleiche Behörde maßgebend ist. Das wird
2004 2058 3124 2130 übrigens in der Instruktion vom 25. November 1800,
1990 2100 3128 2182 R. G. Bl. Nr. 454, ausdrücklich gesagt: „Die Zulässigkeit
1997 2153 3120 2218 eines Bühnenwertes ist teilweise von den allgemeinen
1987 2196 3125 2264 Verhältnissen und von der Epoche abhängig, in der die
1993 2239 3119 2320 Aufführung stattfinden soll. In manchen Fällen stellt auch
1990 2290 3135 2369 erst die Darstellung eine früher nicht vorhergesehene
1964 2312 3134 2430 Wirkung auf das Publikum veraus. Es ist deshalb dem
2192 2726 2839 2810 Neue Freie Presse.
1956 2827 3088 2900 Statthalter durch das Gesetz das Recht gewahrt, die
1962 2876 3100 2947 ertellte Aufführungsbewill.gung zu jeder Zeit ganz oder
1952 2938 3091 2996 tilweise zu widerrufen.“ Auf die Theaterordnung kann
1959 2976 2980 3048 daher das Recht des Ministers nicht gestützt werden.
2045 3020 3088 3081 Ein auderer Gedankengang hat hier gewirkt: der in
1945 3067 3091 3130 der Erintierung der höheren Bureaukratie noch lebendige
1952 3118 3092 3184 Gedanke der autokratischen Gewalt. In der autokratischen
1958 3165 3096 3234 Reglerungsweise ist der Wille des Monarchen höchstes
1953 3223 3101 3296 Gesetz. Die Behörden sind seine Organe und haben ihm
1952 3256 3104 3335 zu gehorchen. as sie getan haben, kann er ungeschehen
1967 3300 3110 3376 machen. Diese##iter dem Namen der Kabinettsjustiz be¬
1963 3345 3104 3424 kannte Gewalt ist in der Verwaltung weit länger geblieben
1957 3406 3092 3478 als im ordentlichen Gerichtsverfahren, in Oesterreich bis
1956 3452 3091 3528 zur Verfassung. In der nicht publizierten allerhöchsten
1961 3502 3094 3561 Entschließung vom 12. April 1852 ist der allgemeine
1962 3542 3094 3615 Wirkungskreis der Zentralstellen festgesetzt und dort heißt
1962 3585 3104 3651 es im § 1a, daß in diesem Wirkungstreis gelegen ist die
1965 3641 3092 3705 Vollziehung der allerhöchsten Beschlüsse und Befehle.
1966 3682 3090 3759 Diesen Befehlen hatten sich ebenso wie die Zentralstellen
1966 3740 3099 3804 auch alle untergeordneten Behörden und ebenso die Unter¬
1970 3778 3106 3850 tanen zu unterwerfen. Bei dieser Regierungsweise konnte
1975 3826 3101 3902 also leicht eine erteilte Bewilligung, wenn sie nicht Privat¬
1969 3876 3105 3945 recht schuf und durch die Gerichte geschützt wurde, behoben
1978 3922 3095 3996 werden. Und es war nicht ausgeschlossen, daß die
1980 3980 3106 4050 Zentralstellen dieses abgeleitete Recht auch in der Weise
1973 4020 3102 4095 geltend machten, daß sie von selbst und ohne allerhöchsten
1971 4069 3105 4136 Befehl eine derartige Kabinettsjustiz in der Verwaltung
1975 4113 3098 4189 ausübten. Gesetzlich war ihnen diese Macht nicht gegeben,
