3392 4416
272 229 784 338 11. Reigen
987 218 1398 307 box 17/6
850 1041 1023 1105 Seite 2
794 1146 1858 1207 Fünftel der Bevölkerung vertritt, indem er ihr die
797 1194 1866 1254 Anständigkeit absprach. Die Sozialdemokraten sind
809 1234 1864 1306 dem Frechling die Antwort nicht schuldig geblieben.
804 1302 1868 1351 Es war insbesondere Seitz, der zuerst darauf hin¬
811 1344 1861 1399 wies, daß Deutschösterreich ein viel zu schwacher
810 1398 1872 1453 Staat sei, um einen strebsamen jungen Mann, wie
804 1430 1871 1493 es der Minister sei, den er einen christlichlichsozialen
808 1479 1859 1537 Söldling nannte, ertragen könne. Er zeigte auf,
811 1525 1865 1591 daß die christlichsozialen Größen Seipel, Kunschak,
813 1578 1872 1641 Weiskirchner, sich von der Uebernahme der Regie¬
818 1627 1873 1686 rung schraubten und an ihrer Stelle Leute im
816 1670 1875 1735 Regieren machen lassen, die in ihrem Solde stehen¬
818 1720 1864 1782 oder anders betrachtet, sich Liebkind bei den christlich
814 1779 1863 1836 sozialen Politikern machen wollen, um eine gute
822 1816 1867 1889 berufliche Laufbahn zu haben. Seitz zitierte auch
815 1869 1875 1925 den Fall des Gendarmeriekommandanten Peinlich
809 1909 1873 1974 in Graz, dessen Pensionierung und Entlassung vom
808 1969 1880 2034 Ministerium des Innern ausgesprochen wurde, der
813 2010 1873 2076 aber diese Pensionierung einfach ignoriert, weil er
818 2049 1873 2119 eine Stütze in dem reaktionär=christlichsozialen
815 2110 1864 2170 Landeshauptmann Rintelen hat, der der Zentral¬
812 2153 1879 2215 regierung Trotz bietet. Und dabei ist die Gendarmerie
824 2207 1873 2260 Sache des Bundes, des Gesamtstaates. Rintelen
816 2248 1869 2305 hat also in die Verfügungen des Bundesministers
823 2299 1875 2366 für Inneres gar nichts dareinzureden. Trotzdem
821 2350 1870 2412 macht der Herr Glanz keine Miene, seiner Ver¬
832 2391 1875 2452 ügung den Nachdruck zu verleihen, um auch ihre
825 2447 1885 2501 Durchführung zu erzwingen. Allerdings wurde die
824 2482 1877 2547 Pensionierung ausgesprochen, als noch ein Sozial¬
825 2542 1879 2597 demokrat Minister des Innern war. In einigen
826 2593 1886 2647 Tagen werden die Gendarmen in den Streik treten,
831 2629 1879 2690 wenn der Kommandant nicht entfernt wird. Hier
819 2681 1883 2744 versagte die Energie des Herrn Glanz. Hingegen
823 2731 1883 2786 war er ohneweiters bereit sich auszuwirken, als der
820 2784 1883 2853 Fürsterzbischof von Wien, der Kardinal Piffl, die
828 2821 1858 2894 Stirne über das in Rede stehende Theaterstück —
826 2878 1888 2940 es handelt sich um die Szenenreihe „Reigen“ von
826 2913 1842 2983 dem bekannten heimischen Dichter Arthur Schnitzler-
827 2963 1887 3026 runzelte und die „Reichspost“ es nach den „Grund¬
845 3012 1886 3083 ätzen“ der Muckermoral kritisierte und offen auf¬
846 3060 1887 3131 orderte, den „Reigen“ in Wien, ebenso wie es
823 3115 1882 3178 in München seitens des kerikal=lausbübischen Pöbels
831 3163 1880 3235 geschehen war, auszupfeifen, die Schauspieler zu
825 3205 1883 3277 beschimpfen und mit Stinkbomben und faulem Obst
823 3263 1088 3325 zu bewerfen.
921 3292 1894 3363 Das Verbot wird selbstverständlich nicht be¬
830 3360 1887 3409 achtet werden. Der Bürgermeister als Landes¬
840 3397 1886 3460 hauptmann der Stadt Wien hat verfügt, daß die
837 3460 1900 3505 Durchführung des Erlasses des Glanz einzustellen
840 3492 1883 3552 sei. Das Stück wird weiter aufgeführt werden, da
840 3538 1889 3601 die Zustellung eines Verbotes nur durch die Exekutiv¬
833 3589 1891 3643 organe des Landes bewirkt werden kann. Das
840 3630 1902 3703 Stück — auf dessen sittlichen Gehalt einzugehen
829 3692 1894 3754 wir uns noch vorbehalten — spielt hier selbstver¬
962 3841 1767 3947 Der Sternsteinhof.
982 3930 1768 4022 Eine Dorfgeschichte von L. Anzengruber.
1222 3999 1527 4082 (61. Fortsetzung.)
933 4057 1902 4141 Sali hielt dem Alten vor, wie schad' es um das
834 4126 1899 4186 Anwesen wär' und daß der Toni, wenn gleich recht un¬
837 4169 1900 4237 besinnt, doch sein einziger sei, — und so bettelte und
1278 4214 1800 4288 -l
857 4221 1105 4303 T
2267 1011 2669 1089 „Steyren Tagslatt“
1917 1135 2970 1197 ständlich nur eine nebensächliche Rolle. In Frage
1919 1189 2968 1240 kommt hier einzig die freche Verletzung der Bundes¬
1916 1225 2978 1296 verfassung durch den Minister, die nach berühmt
1916 1269 2977 1337 reaktionärem Muster offenbar einer der Tastversuche
1921 1334 2982 1394 der Reaktion sein soll, die durch die Revolution
1926 1369 2979 1431 errungenen Freiheiten in Frage zu stellen. Die
1922 1413 2981 1476 Erlässe des Glanz als Chef der Herresverwaltung
1924 1476 2983 1540 sind ja bekannt. Nun versucht sich die Reaktion
1920 1514 2982 1581 durch ihr Werkzeug, den Herrn Glanz, auch auf
1928 1557 2979 1636 größerem Gebiete. Und da hat denn Seitz den Herr¬
1935 1610 2986 1669 chaften unzweideutig zu verstehen gegeben, daß ein
1928 1654 2985 1719 Rühren an den errungenen Freiheitsrechten ein¬
1929 1703 2984 1772 fach den Bürgerkrieg bedeute. Gewalt wird
1937 1762 2987 1817 ewalt entgegengesetzt werden, wenn der unfähige
1921 1801 2980 1861 Minister und fähige Beauftragte seiner Herrschaft,
1928 1855 2982 1913 der klerikalen Reaktion und der sie unterstützenden
1919 1897 2978 1962 Deutschnationalen es wagen sollte, irgendwie in
1929 1954 2993 2011 die Rechte des einzigen sozialdemokratischen Landes¬
1922 1992 2984 2062 hauptmannes einzugreifen, also etwas wagen sollte,
1934 2054 2983 2103 was zu wagen etwa gegen die christlichsoziale
1916 2089 2990 2158 Landesregierung in Steiermark er nie unternehmen
1934 2136 2982 2201 würde, weil er da der Ungnade derer gewiß wäre,
1920 2186 2987 2247 die — nach dem Hirtenbrief der Bischöfe — Staats¬
1930 2242 2982 2292 verfassungen nicht zu beachten bereit sind, wenn
1935 2281 2997 2340 sie mit den sogenannten göttlichen Geboten in
1918 2328 2574 2400 Widerspruch zu stehen scheinen.
2021 2361 2996 2436 Die Geschichte des bürgerlichen Staates ist
1925 2420 2994 2493 eine Geschichte der Verfassungsbrüche. Versprochene
1936 2471 2993 2536 oder zugestandene Rechte des Volkes wurden in
1932 2518 3009 2581 den Staub getreten, wenn die Kirche und die
1941 2575 3001 2631 Dynastien ihren Vorteil gekommen wähnten. Das
1935 2622 2988 2679 Wort von dem „Fetzen Papier“, das Bethmann¬
1932 2664 3001 2728 Hollweg im August 1914 auf die Geltung von
1926 2712 3009 2777 Verträgen zwischen den Staaten anwendete, es gilt
1932 2775 2993 2823 in womöglich noch höherem Maße von Verfassungen.
1930 2807 2994 2872 Es war Lasalle, der den Arbeitern verstehen lehrte,
1931 2856 3008 2919 daß das Recht nur Recht bleibt, wenn hinter ihm
1933 2917 3027 2966 die Macht steht. Wir Sozialisten verfallen nicht
1940 2945 2999 3016 mehr dem parlamentarischen Kretinismus, dem die
1932 3000 2992 3061 von Marx unsäglich verhöhnte Frankfurter National¬
1939 3047 3003 3113 versammlung im Jahre 1849 verfallen war, da
1938 3104 2998 3160 sie meinte, mit Resolutionen und papiernen Ver¬
1934 3140 2992 3213 fassungen über die Soldaten der preußischen Reaktion
1939 3197 2999 3251 obsiegen zu können. Wir wissen, daß, wenn die
1940 3243 3008 3301 Wehrmacht heute reaktionär wäre, unser Protest
1946 3288 3002 3344 gegen die Glanz=Leistung vergeblich und leere
1939 3342 2994 3395 Demonstration bliebe. Deshalb: Es gibt kein
1931 3387 2996 3452 Rütteln an der Wehrmacht und deshalb auch nicht
1936 3427 2999 3487 an den Rechten der Arbeiter und der ganzen Be¬
1938 3474 2999 3535 völkerung, die verfassungsmäßig festgelegt sind. Das
1953 3535 2998 3587 hat der Herr Glanz und seine reaktionär=muckerischen
1947 3570 2997 3633 Auftraggeber wie wir meinen mit einer Deutlichkeit
1943 3633 2774 3681 erfahren, die nicht zu mißverstehen war.
