3392 4256
331 109 850 212 11. Reigen
1024 107 1443 196 box 18/1
1550 892 1909 979 Vom Bel zu Babel
2314 891 2390 983 53
1066 975 2391 1049 Donaugrazien umschwebten, zu kurzer Rast, manchmal noch
1076 1038 2383 1099 den Wiener. Der gehört einer Literatenplejade (von, unge¬
1071 1091 2388 1178 fähr, 1890) an, die von der Gunst einer ihr durch mancherlei
1077 1160 2376 1235 Interessensträhnen verbündeten Rezensentenzunft mit Lob
1071 1216 2373 1298 aufgepäppelt und deren übelster Blähung noch bescheinigt
1086 1282 2381 1344 wurde, daß sie nach Ambrosia dufte. Kaum jemals hat drum
1071 1327 2373 1400 dieser Schriftsteller, der in hellen Jugendstunden ein Dichter
1079 1395 2378 1480 schien, gehört, daß zwar seines Wollens Niveau stets an¬
1076 1456 2383 1537 sehnlich blieb, das Gespinnst seines nach Schöpfung lüsternen,
1071 1512 2369 1584 im Zeugervermögen, leider, nicht der Begierde gleichen Geistes
1072 1574 2380 1647 aber von Jahrzehnt zu Jahrzehnt dünner wurde; kaum je
1072 1630 2375 1693 die goethische Warnung, den Turnierpreis außerhalb der
1076 1687 2368 1765 Schranken zu suchen, Warnung, die in seinem Fall deutlich
1074 1744 2375 1833 lauten mußte: Verirre Dich nicht tiefer noch in die Sucht,
1094 1810 2368 1894 Wirkung, die Deine Kunst nicht zu erlangen vermag, aus
1080 1872 2377 1926 entlehntem, künstlich gehitztem Erotenreiz zu erbrüten. Wer
1069 1927 2376 1998 diesen Reiz klug nutzt, kann mit Talentaufwand, von dem
1073 1977 2374 2072 anderer Stoff noch nichtgenießbar würde, einem großen Publi¬
1063 2033 2367 2121 kum den Gaumen kitzeln. „Reigen“ ist ein ganz von dieses
1073 2104 2375 2180 Reizes sumpfig schillernder Gnade lebendes Parergon. Nicht
1071 2163 2373 2247 stark, den Meisterwerken der (uralten) Gattung nicht ein¬
1072 2219 2372 2291 mal von fern zu vergleichen, nur in einer einzigen, dem
1072 2277 2369 2352 Erlebnißzufall nachgeschriebenen Szene (deren Personen=Ur¬
1066 2339 2363 2403 bilder der Kundige mit Händen greifen kann) schwer von
1066 2398 2375 2481 der Wucht des allzu Menschlichen, das bis in den luftigen
1060 2450 2367 2538 Bereich des Humors aufwippt; als Ganzes das nette Neben¬
1077 2520 2359 2576 werk eines Geistreichen, der weder den Muth zu allverachten¬
1069 2578 2366 2648 der Frechheit noch die wilde Grazie, die sonnentrunkene Lyrik
1065 2636 2367 2720 des hoch über Sittlichkeit und Sitte seiner Zeit aufgebäum¬
1067 2697 2358 2766 ten aristophanischen Dichters hat. Daß dieses Ding wurde,
1058 2750 2367 2828 ist kein Unglück; wäre es nie geworden: kein der Pflege
1064 2817 2356 2874 werthes grünes Spitzchen fehlte im Garten unserer Literatur.
1062 2864 2367 2928 Eine jenseits von deutscher Censurmacht hergestellte Ausgabe
1058 2932 2361 2992 („für Liebhaber“, „für Kunstfreunde“ oder wie mans, nach
1056 2981 2364 3044 berüchtigtem Muster, sonst nennen mochte), hätte dem Ver¬
1056 3048 2353 3105 fasser ein hübsches Stück Geld eingebracht. Er hats ver¬
1061 3107 2363 3170 schmäht: offenbar in dem noblen Gefühl, daß so würzig an
1071 3163 2360 3229 vespasianische Münze erinnernde Einkunft ihm nicht zieme.
1057 3209 2363 3317 Nur Freunden, ernsthaft in Kunstbetrachtung Versenkten
