3392 4416
327 268 490 348 11.
539 264 846 361 Reigen
1037 256 1452 350 box 17/6
1686 210 2899 271 ner Richtung ließen erkennen, daß diese Vorführtr.g
1690 270 2885 323 mit dem sittlichen Empfinden weiter
1684 309 2895 366 Kreise der Wiener Bevölkerung im scharfem
1696 368 2891 421 Gegensatz steht. Die Bundesrezierung glaubt sich
1688 411 2884 470 bei dem Verbote mit der öffentlichen Meinung, abge¬
1699 465 2889 521 ehen von einem kleinen für des Wiener Volksempfin¬
1700 509 2881 577 den nicht maßgebenden Zuhörerkreis in voller Ueber¬
1696 562 2263 617 einstimmung zu befinden.
1757 595 2895 666 Abg. Louthner, Sozialdemekrat, und Genossen, über¬
1690 669 2895 719 reichen folgende dringliche Anfrage: Die Bundesregie¬
1695 705 2886 764 runz hat die Aufführung des bekannten Theaterstückes
1689 754 2890 814 Reigen in Wien verboten. Dieses Verbot stellt einen
1687 805 2895 862 verfessungswiörigen Eingriff der Bundesregierung in
1694 856 2892 915 die Rechte des Landes Wien dar. da zur Ausübung der
1696 905 2896 965 Theaterzensur in Wien ausschließlich der Landes¬
1692 954 2892 1015 herrptmann von Wien befugt ist Das Verbot beweist,
1693 1001 2886 1058 deß der Regierunz das Diktat der Klerikalen höher
1696 1053 2891 1117 steht als die Bostimmungen der Verfassung Es wird
1707 1102 2905 1163 die Frage gestellt, ob der Bundesminister für Inneres
1697 1148 2909 1215 den versassungswidrigen Erlaß über das Verbot der
1691 1211 2511 1271 Aufführung sofort zurückziehen wolle.
1766 1255 2901 1314 Abg. Leuthner begründet diese dringliche Anfrage,
1696 1304 2892 1351 die Minister Dr. Glanz sofort beantwortet. Seine Aus¬
1701 1348 2894 1413 führungen werden von den Soztaldemokraten mit
1705 1402 2897 1463 stürmischem Widerspruch unterbrochen, von den Christ¬
1697 1452 2901 1506 lichsozialen mit Beifall und Händeklatschen aufgenom¬
1706 1511 2899 1563 men Am Schlusse wenden sich die Sozialdemokraten in
1700 1547 2896 1610 stümischen Pfuirufen und Abzugsrufen gegen den Mi¬
1705 1605 2904 1667 nister des Janeren. Mehrere sozialdemokratische Abge¬
1700 1663 2896 1708 ordnete dranzen unter stürmischen Beifall=Rufen ge¬
1703 1705 2911 1769 gen den Ministertisch vor, sie werden jedoch von den
1695 1744 2902 1810 Parteigenossen zurückgehalten. Abg. Zalenka schlägt
1707 1796 2902 1853 unter lebhaften Rufen gegen den Minister auf den Mi¬
1702 1845 2901 1901 nistertisch. Es kommt zu überaus heftigen Auseinan¬
1694 1895 2895 1944 dersetzungen zwischen Sozialdemokraten und Christlich¬
1707 1995 2900 2061 sozial, und Seitz, Sozialdemokrat, worauf die Sitzung
1693 2042 2106 2115 geschlossen wurde.
1765 2096 2351 2165 Hiezu einige Bemerkungen:
1763 2139 2899 2224 Schon bevor die Aufführung des „Reigens“ gestattet
1696 2211 2896 2269 wurde, hat das Wiener Polizeipräsidium den Stadtmagi¬
1691 2262 2904 2323 strat als politische Landesbehörde auf die schweren Be¬
1698 2308 2903 2368 denken aufmerksam gemacht, die der Darstellung entgegen¬
1703 2353 2899 2408 stünden. Der Magistrat erteilte jedoch trotzdem mit Bescheid
1706 2401 2905 2455 vom 12. Jänner die Erlaubnis. Die Aufführungen riefen
1709 2450 2911 2515 nicht nur einen Sturm in der Presse hervor, der je nach
1707 2499 2908 2550 der Richtung der Blätter entweder dafür oder dagegen ein¬
1701 2543 2899 2606 setzte (kaum aber ein Blatt, das die schweren Bedenken
1710 2600 2908 2678 ohne weiteres kurzerhand abgetan hätte), sondern auch
1703 2645 2569 2704 Skandalszenen bei der Aufführung selbst.
1772 2696 2911 2753 Nun griff Bundesminister Glanz in die Angelegen¬
1703 2746 2908 2808 heit ein, indem er sich an den Bürgermeister Reumann
1707 2807 2913 2854 wandte und ihm nahelegte, das Stück zu verbieten. Reu¬
1718 2843 2905 2904 mann beharrte aber auf dem Standpunkte, daß es sein
1714 2896 2907 2953 ausschließliches Recht sei, die Aufführung von Theater¬
1723 2935 2907 2997 stücken zu gestatten oder nicht und daß somit der Bundes¬
1709 2988 2908 3056 minister ihm in dieser Angelegenheit nichts einzureden habe.
1711 3040 2666 3090 Die Aufführung blieb also weiterhin gestattet.
1775 3089 2910 3140 Nun aber konnte von Seite der Regierung die Gefahr
1718 3132 2909 3195 nicht mehr übersehen werden, die mit weiteren Auffüh¬
1713 3180 2913 3238 rungen verbunden war, da ernste Ruhestörungen bei den
1723 3223 2907 3287 Aufführungen befürchtet werden mußten. Dies war fast
1714 3284 2911 3338 mit Bestimmtheit vorauszusehen, da die Stimmung gegen
1720 3333 2909 3387 den „Reigen“ sich zusehends verschlimmerte. Verfas¬
1732 3379 2913 3435 ungsgemäß ist das Ministerium des Innern für die
1719 3430 2915 3491 Ruhe und Ordnung im Staate verantwortlich, und deshalb
1725 3481 2910 3536 griff das Bundesministerium schließlich ein, nachdem die
1715 3530 2913 3587 zweite Instanz, der Bürgermeister als Landeshauptmann
1719 3568 2924 3640 von Wien, es für gut befunden hatte, die Aufführung trotz
1716 3619 2918 3673 ihrer möglicherweise sehr turbulenten Folgen passieren zu
1715 3670 2850 3728 lassen. Bundesminister Glanz verbot also den „Reigen“.
1783 3713 2913 3772 Der Bürgermeister aber legte den Bescheid des Mini¬
1726 3761 2919 3828 steriums einfach ad acta, nahm keine Kenntnis davon und
1726 3816 2917 3873 unterließ es auch, die Theaterdirektion von dem Erlasse
1709 3865 2913 3931 des Bundesministeriums amtlich in Kenntnis zu setzen.
