3484 4224
1043 94 1454 177 box 17/2
344 78 853 197 11. Reigen
588 1815 1794 1909 Schnitzlers „Reigen“ auf der Bühne.
628 1884 1763 1945 (Anfführung des Akademisch=dramatischen Vereins in Nünchen.)
632 1944 1789 1996 G. Sch. Unser Münchener Korrespondent schreibt uns über
595 1970 1792 2036 se Aufführung dreier Szenen aus Arthur Schnitzlers „Reigen“:
594 2034 1802 2082 Einer meiner Freunde, der mehrere Jahre an einer größeren
590 2077 1798 2121 Bühne als Spielleiter tätig war, sagte mir einmal, daß das
582 2124 1796 2173 Diktum des ersten Napoleons „Es gibt keine Unmöglichkeit“ auch für
581 2162 1788 2215 den Regisseur gelte. Mein Freund kannte eben Schnitzlers „Reigen“
589 2206 1788 2257 noch nicht. Die Vorgänge, die in dieser Dialogfolge durch Gedanken
579 2246 1798 2294 striche bezeichnet sind, auf der Bühne oder in der Zeitung auch nur
585 2289 1790 2338 versuchsweise anzudeuten, ist einfach unmöglich. Immerhin konnte
583 2329 1802 2384 man gespannt sein, wie sich die Darsteller mit den Gedankenstrichen
584 2366 902 2437 abfinden würden.
574 2448 1791 2497 berufen halte, hatte die Dialoge 4, 5 und 6, „Der junge Herr und
578 2496 1803 2544 die junge Frau“, „Der Ehemann und die junge Frau“ und „Der
589 2541 1800 2591 Ehemann und das süße Mädel“ gewählt, die — wie soll ich doch
588 2582 1796 2632 sagen? — relativ harmlosesten Stückchen des Cyklus. Aber auch in
588 2627 1805 2680 diesen drei Szenen einer Ehekomödie bilden die Gedankenstriche die
576 2667 1790 2720 Voraussetzung und die Handlung. Die Darsteller glitten einfach darüber
581 2709 1783 2761 hinweg und in dem ersten Dialog „Junger Mann und junge Frau
572 2742 1792 2804 wurden überdies die gefährlichsten Zeilen gestrichen. Die geistreichen
588 2793 1793 2848 Sarkasmen, die psychologischen Feinheiten dieser Variationen über ein
587 2831 1801 2884 unnennbares Thema konnten bei demn gelabenen vorwiegend literarischen
589 2872 1800 2922 Auditorium, das jebe Pojsite aufgriff, und dessen Phantasie einer greif¬
957 2912 1802 2973 t beburfte, kaum versagen. Doch auch dieses
790 2957 1820 3028 #rde durch die dreimalige Wiederholung der einen Note
1815 937 3035 1004 müde, und der Beifall nach den letzten Stückchen war knur flau. Der
1820 994 3032 1055 Abend ergab, was die Kenner des Buches schon vorher wußten: daß
1818 1042 3031 1098 keine Notwendigkeit besteht, Schnitzlers „Reigen“ auf die Bühne zu bringen.
1882 1087 3028 1140 Dem „Reigen“ voran ging ein einaktiges Drama „Die Tra¬
1817 1120 3026 1174 gödie des Triumphes“ von Ka'1 Goldmann, wohl
1820 1172 3027 1225 ein Mitglied des Akademisch=dramatischen Vereins. Die alte Geschichte
1819 1199 3036 1262 von dem Künstler, der von allen Fesseln befreit sein muß, soll
1822 1246 3029 1316 er Unsterbliches schaffen. Ein Freund des Künstlers will es
1818 1283 3030 1344 versuchen, diesen von den Fesseln zu befreien. Er vermag
2940 1332 3038 1381 zu
1819 1335 2942 1389 die edeldenkende Geliebte des Künstlers zum Verzichte
1823 1378 3038 1427 bewegen, aber der Onkel ist eine weniger heroisch angelegte
1827 1415 3028 1476 Natur. Der Onkel ergreift den Hammer, um die von seinem Neffen
1826 1459 3030 1513 begonnene Statue, natürlich ein Meisterwerk, zu zertrümmern. Der
1823 1502 3039 1559 Schlag triff. aber nicht den Marmor, sondern den beredten Freund
1823 1539 3033 1597 und Anwalt des Künstlers. Der Freund stirbt, der Künstler ist frei.
1826 1584 3034 1647 Die Tragödie des Triumphes. Der in jugendlich=pathetischer Sprache
1827 1619 3029 1683 geschriebene Einakter wurde höflichst, aber entschieden abgelehnt.
1827 1680 3037 1724 Hoffentlich läßt es Herr Goldmann bei diesem Versuche bewenden.
1838 1708 3030 1765 Der Akademisch=dramatische Verein sollte seine Kräfte nicht an Auf¬
1834 1760 3029 1815 gaben vergeuden, die doch nur für das Kaffeehausliteratentum
1825 1800 2112 1856 Interesse haben.
1883 1815 3039 1892 (Wir möchten diesem Bericht unseres Korrespondenten hinzufügen,
1827 1876 3018 1925 daß die Aufführung einiger der Dialoge aus Schnitzlers „Reigen
1830 1910 3027 1961 auch in literarischer Beziehung ein ganz wertloses Experiment be¬
1838 1945 3043 1999 deutet. Das kleine Werk Schnitzlers, über das die Meinungen geteilt
1838 1986 3029 2035 sein können, das aber in keinem Falle auf die Bühne gehört,
1830 2029 3029 2076 sucht seinen Kunstwert in der Art, wie sich die Dialoge
1834 2063 3030 2111 reigenartig miteinander verschlingen. Einer folgt aus
1838 2108 3043 2148 dem anderen, und der Schluß verbindet sich wieder mit dem An¬
1844 2137 3028 2192 ang. Reißt man aus dieser Kette ein paar Glieder heraus
1849 2176 3030 2226 o ist das, ganz abgesehen von allen anderen Bedenken, eine Barbarei,
1832 2218 3033 2259 deren sich ein Verein mit literarischen Bestrebungen am wenigsten
1841 2256 3041 2299 schuldig machen dürfte. Wir bezweifeln, daß Arthur Schnitzler zur
1838 2286 3035 2341 Aufführung und besonders zu dieser Art der Aufführung seine Zu¬
1829 2325 2424 2391 stimmung gegeben hat. D. Red.)
2300 2360 3028 2443 n  . en an . 6. Wate Sae. MNa MA9.
