3392 4256
425 143 465 211 R
225 141 742 246 11. Bigen
915 144 1335 228 box 18/1
812 395 1834 492 Der Staatsanwalt hat das Wort.
849 474 1846 556 Eine Betrachtung der Freigabe des
994 531 1673 609 Schnitzlerschen „Reigen¬
1239 568 1551 664 Erich Schlattzer.
836 647 1931 717 Die einstweilige Verfügung des Landgerichts, die gegen
764 664 1920 758 die erotischen Dialoge des Herrn Schnitzler Einspruch erhob,
769 734 1923 803 ief in der Presse eine Unklarheit hervor, die den Hinter¬
762 779 1918 846 männern des Unternehmens leider sehr zustatten kam. Im
766 824 1929 888 „Vorwärts“ wurde davon gesprochen, daß die Theaterzensur
762 874 1926 921 „von hinten herum“ wieder eingeführt werden solle, und der
753 903 1923 965 Rezensent des Blattes begriff nicht, worauf der Einspruch be¬
758 952 1925 1024 grundet werden könne, da ja die Theaterzensur aufgehoben
764 997 1917 1059 ei. Die „Deutsche Tageszeitung“ sprach von einem Unter¬
751 1043 1923 1096 nehmen des Staatsanwalts, und die gleiche Begriffs¬
754 1082 1915 1155 verwirrung fand sich leider auch in anderen Blättern. Die
757 1122 1920 1192 Wahrheit ist natürlich, daß der Einspruch weder mit Staats¬
749 1166 1909 1236 anwalt noch mit Zensur auch nur das mindeste zu tun hatte,
758 1220 1920 1285 ondern ein privatre## Unternehmen gegen die Direktion
742 1256 1915 1328 des Kleinen Schauspsshaufes darstellte, die durch ih Ver¬
753 1295 1909 1361 trag verpflichtet war, unsittliche Stücke nicht zu spielen, und
742 1338 1665 1402 diese Verpflichtung in brastischer Weise verletzte.
1763 1359 1883 1410 LhtsSr
820 1385 1905 1461 Die einstweilige Verfügung ist im Konkurrenzkampf der
743 1417 1900 1494 Berliner Direktoren untereinander so oft als Waffe ge¬
750 1473 1904 1542 schwungen worden, daß man sie nachgerade kennen sollte.
745 1518 1904 1593 In Dutzenden von Fällen wurde einem bestimmten Direktor
745 1565 1910 1635 auf Antrag eines Interessenten untersagt, ein bestimmtes
744 1603 1904 1673 Stück zu spielen oder einen bestimmten Schauspieler auftreten
741 1647 1892 1717 zu lassen, und die Presse hat in diesen Konflikten selbst¬
743 1699 1894 1765 verständlich nie etwas anderes gesehen als eben privatrecht¬
733 1738 1885 1806 liche Kollisionen, über die die Beteiligten sich im Wege de¬
738 1778 1888 1852 gerichtlichen Verfahrens zu einigen hätten. Man begreift leicht
731 1820 1887 1886 daß in diesem Falle die Mosse=Ullstein=Presse ein Jammer¬
727 1862 1891 1931 geschrei über die bedrohte Freiheit erhob; denn sie pflegt ihre
737 1919 1900 1981 züchtigen Geschäfte ja im Namen der Freiheit zu führen,
731 1953 1888 2017 die Begenseite hätte ihr aber nicht den Gefallen tun dürfen,
737 1994 1892 2070 darauf hineinzufallen. Was vorliegt, ist die schlichte Tatsache,
735 2037 1887 2108 daß die Direktion des Kleinen Schauspielhauses einen Ver¬
728 2082 1901 2152 trag, den sie unterzeichnet hatte, nun auch halten sollte, und
734 2124 1890 2197 die Entrüstung im „Berliner Tageblatt“ beschränkt sich darauf,
728 2170 1884 2238 daß nicht einmal ein lumpiger Vertragsbruch zulässig sein soll
734 2217 1895 2287 wenn es sich um die so dringend notmendige Schändung des
728 2256 1888 2323 christlichen Weihnachtsfestes handelt. Wir fahren um so
732 2299 1900 2375 besser, je deutlicher wir unseren Lesern diesen klaren Sach¬
721 2339 1239 2407 verhalt vor Augen stellen.
811 2383 1879 2475 Wenn aber der irdene Topf mit dem eisernen zusammen¬
719 2438 1882 2500 stößt, muß er daran glauben, und wenn eine Vertrags¬
724 2484 1882 2553 bestimmung mit den Interessen der Seelenvergifter kollidiert,
725 2524 1889 2595 wird sie gebrochen, denn die Seelenvergifter sind die Träger
723 2569 1883 2642 der eigentlichen Macht im gegenwärtigen Deutschland. Was
723 2613 1896 2684 hinter den Kulissen geschehen ist, wissen wir nicht, aber es
721 2658 1887 2720 hatte jedenfalls den Erfolg, daß der Widerstand unwirksam
727 2708 1881 2775 und der „Reigen“ gespielt wurde. Die einstweilige Verfügung
728 2745 1888 2812 wurde dem Landgericht, das sie erlassen hatte, zerbrochen
728 2795 1885 2866 vor die Füße geworfen. Die Autorität des Rechts wurde zu
727 2834 1883 2907 einem Popanz, zu einer Vogelscheuche, durch die Kinder und
726 2871 1876 2946 Spatzen sich schrecken lassen, niemals aber Schieber und
737 2917 1882 2994 Schieberdirektionen. Zwar ließ man zum Trost der deutschen
721 2956 1862 3035 Menschheit verkünden, daß man nunmehr auf Lösung de¬
713 3000 1879 3072 Vertragsverhältnisses klagen werde, das aber war, mit Ver¬
720 3047 1881 3121 laub, eine klägliche Deckung des Rückzugs. Nachdem man die
728 3085 1884 3172 Aufführung, die zu verhindern man die Macht hatte, indem
724 3138 1872 3201 man ihre frechen Urheber nach allem künstlerischen und
715 3169 1879 3253 juristischen Recht hinter Schloß und Riegel brachte, in trau¬
716 3222 1882 3297 riger Schwäche zuließ, war nicht mehr einzusehen, wie man
718 3255 1874 3343 die Vertragslösung noch wirkungsvoll begründen wollte.
717 3350 1873 3429 Wenn ein Mensch in einem privaten Rechtshandel einen Geg¬
705 3393 1877 3466 ner vor sich hat, der mit eiskalter Skrupellosigkeit arheitet
720 3439 1872 3511 und den Riesenapparat der Berliner Presse zu seinen Gunsten
724 3486 1871 3560 pielen lassen kann, muß er seibstverständlich stählerne Ener¬
707 3527 1862 3596 gie zeigen, wenn er gewinnen will, um so mehr als es sich
712 3571 1865 3634 um die ##urteilung eine künstlerischen Frage handelte, in
707 3605 1834 3679 der die juristischen Richter unsicher sein konnten. Die Be
705 3645 1858 3718 hörde zeigt in diesem Fall keine Energie, sie erschien viel¬
705 3700 1856 3768 mehr in völlig gebrochenem Zustand am Verhandlungstisch
705 3742 1865 3818 und so verlor sie. Der ästhetische Kult des Geschlechtsakts hat
702 3778 1861 3859 in diesem Fall nicht nur über die stille Majestät des Naza¬
702 3825 1857 3903 reners gesiegt, er hat auch die des Rechts mit einem hohn¬
696 3868 1864 3946 lachenden Fußtritt beiseite gestoßen, um sie schließlich unter
704 3909 1856 3989 seinen Willen zu beugen, und bei diesem Sachverhalt müssen
702 3960 1850 4035 wir uns, soweit das Kultusministerium in Frage kommt,
696 3990 1092 4069 nunmehr beruhigen.
781 4042 1849 4131 Soweit das Kultusministerium in Frage
683 4067 1851 4171 kommt: denn im übrigen gedenken wir uns keineswegs in
692 4131 1208 4200 die Dreistiakeit der offenhar
1929 3349 3079 3454 Frauenzimmer tagelang auftreten konnte, ohne daß
1923 3424 3107 3502 dieser krasse Fall von Exhibitionismus an ihr oder ihren
1935 3465 3094 3536 dramatischen Zuhältern geahndet wurde. Was sonst ein
1936 3513 3092 3582 gemeines Sittlichkeitsverbrechen war und mit Gefängnis
1933 3560 3087 3610 bestraft würde, hörte auf, eins zu sein, als es im Theater
1930 3598 3085 3667 unter dem Schutz der bürgerlich=bolschewistischen Presse ge¬
1933 3635 3072 3695 schah. Es besteht also leider die Gefahr, daß der Staats¬
1928 3687 3078 3743 anwalt auch in diesem Fall einen ungewöhnlich gesunden
1935 3723 3072 3794 Schlaf zeigen wird, und darum fordern wir unsere Leser
1922 3763 3079 3838 auf, ihn zu mecken. Wenn euch die blanke
1927 3809 3073 3884 Barbarei, die novellistische Dialoge auf
1917 3849 3073 3908 die Bühne schleppt, nur um in den Weih¬
1916 3906 3069 3972 nachtstagen zu einem unzüchtigen „Reigen“
1919 3949 3079 4007 zusgelangen, nicht alarmieren kann, dann
1916 3993 3079 4036 verdient ihr das Fest, das man euch be¬
1918 4037 3068 4094 reitet hat. Kommt uns zu Hilfe, wenn ihr nicht ver¬
1920 4069 3070 4141 faulen wollt! Wo ihr auch immer zu finden seid, der Ab¬
1915 4119 3063 4172 geordnete eures Kreises darf vor euch keine Ruhe haben.
1930 4153 2292 4197 A
