3392 4352
292 127 425 218 11.
469 123 802 234 Reigen
985 121 1409 229 box 17/2
1323 606 1620 741 108 1
1752 573 1983 767 42
1798 983 2195 1091 Mericee
1253 1127 2480 1245 „Sehr geehrter Herr Staatsanwalt!“
1131 1222 2724 1305 Die Münchener Wochenschrift „Freistatt“ hat das dringende Bedürfnis
1022 1270 2745 1361 gefühlt, uns in ihrer Nummer 23 wegen des neulich veröffentlichten Artikels „Sehr
1013 1334 1959 1417 geehrter Herr Staatsanwalt!"*) anzurempeln.
1139 1355 2731 1456 In den Augen des Schreibers A. D. bedeutet die Aufnahme dieses Aufsatzes
1025 1423 2733 1496 „eine arge Entgleisung der Redaktion der „Neuen Bahnen“ denn mag das Werk
1020 1484 2730 1546 Schnitzlers auch den und jenen lex-Heinze=Enthusiasten ärgern, eine litterarische Zeitung
1020 1523 2743 1602 hat auf alle Fälle keine Veranlassung, den Staatsanwalt auf Litteraturerzeugnisse
1023 1590 1234 1665 zu hetzen“
1129 1601 2148 1690 Hierauf haben wir nur Folgendes zu antworten:
1138 1667 2731 1750 Daß die Veröffentlichung des Artikels von Törnsee keine Entgleisung gewesen
1013 1721 2715 1791 ist, wird jeder wissen, der unser Blatt kennt. Wir waren von jeher gegen „Litteratur"¬
1030 1769 2738 1840 Erzeugnisse von der Art des Schnitzler'schen „Reigen“ und werden es auch — ob
1020 1806 2739 1892 Herr A. D es erlaubt oder nicht: egal — stets sein. Wir haben Schnitzler mehr
1020 1861 2741 1942 als einmal anerkannt, sein letztes Buch gehört jedoch nicht mehr zur Litteratur
1029 1916 2735 1987 und wir halten es für eine Pflicht jedes anständigen Blattes, das es mit der
1021 1956 2737 2037 Litteratur Ernst meint, gegen solch eine, mit Verlaub: Verschweinung des Schrift¬
1026 2009 2738 2087 tums energisch Stellung zu nehmen, selbst auf die Gefahr hin, daß diese Stellung¬
1021 2074 2725 2140 nahme von dieser und jener Seite als „Denunziation“ aufgefaßt wird. Zumal dann,
1017 2110 2736 2184 wenn es sich herausstellt, daß ein Werk, das den erotischen Stoff ernst behandelt,
1026 2174 2744 2241 wegen „Unsittlichkeit“ konfisziert wird, indeß ein Buch, dem die Erotik sichtlich Selbst¬
1019 2205 2740 2287 zweck ist, und das ebendeshalb bedeutenden Schaden stiften kann, ganz ungeschoren
1027 2259 2735 2334 bleibt. Auf diese Inkonsequenz hinzuweisen, war in erster Linie Törnsee's Absicht
1027 2329 2256 2388 und darum verdient sie volle Billigung und Inerkennung.
1140 2371 1985 2443 So und nun wären wir eigentlich fertig.
1143 2391 2742 2481 Erwähnt sei nur noch das wichtige Moment, daß die „Freistatt“ ihrem Namen
1027 2457 2741 2529 alle Ehre macht. Sie ist wirklich eine Freistatt suns pitase. Im Text bricht
1026 2507 2717 2584 Herr A. D. die bekannte „warme Lanze“ für Herrn Arthur Schnitzlers „Reigen“
1028 2551 2740 2627 und im Inseratenteile offeriert Herr J. Gerö und Herr Heinrich Lehmann
1025 2610 2733 2682 „Spezialitäten für den Herrentisch,“ wie z. B.: Der Lastermarkt von Budapest,
1031 2654 2735 2725 Enthüllungen aus dem Nonnenleben, Slavina (mit pikanten Abbildungen), die
1031 2705 2751 2775 berühmten Memoiren des Herrn v. H. und ähnliche (Litteratur=) Erzeugnisse
1032 2771 2737 2840 (nicht wahr Herr A. D.2). Nun wird man die Aurempelung zu würdigen wissen.
1036 2816 1774 2900 Es war eine oratio pro domo!
2189 2843 2695 2938 Die Schriftleitung.
1148 2860 1625 2958 Wien, 10. Juni 1903.
1808 3255 1855 3328 S
1735 3325 1854 3424 N
1151 3412 1692 3510 *) Vgl. Heft 11—12, S. 288.
