3392 4448
317 101 817 198 11. Reigen
1007 87 1423 169 box 17/7
1420 2643 1852 2717 Schnitzler and“ Reigen.“
1439 2700 1844 2756 Tothe Dramatio Edttor
1454 2719 2109 2789 Certalnly one wan-to keep the over¬
1426 2766 2109 2826 sexed young play from being later pub¬
1433 2806 2109 2863 lichy censored by the pollcs is to sup¬
1437 2844 1949 2907 press it privately at first blusli
1459 2871 2107 2945 Considering this as a means, the
1443 2918 2109 2976 burgers’ rlot agalnst Schnitzler’s
1444 2955 2115 3018 Reigen,“ given in Vienna some time
1436 2991 2111 3059 ago, appeared hopeful. Apparently the
1441 3031 2108 3086 riot expressed " publio sentiment“
1433 3076 2058 3126 against the play’s subiect matter.
1441 3113 2103 3165 course a rlot on the streets is hardl;
1444 3148 2103 3198 deally private as a meanr of suppres
1442 3188 2115 3241 sion. Also, the police, who, had they
1436 3221 2109 3278 been allowed to arrive a few week:
1452 3266 2110 3316 ater, might have censored the play
1448 3295 2120 3352 nurried to the scene at thrt moment
1440 3333 1912 3395 only to censor the rioters.
1461 3357 2119 3427 Now it appears the demonstration had
1439 3406 2122 3463 nothing to do with morals, It was not
1445 3444 2119 3498 even critical, being directed against
1449 3484 2122 3535 what the author toas, not against what
1450 3526 2127 3580 he thought. As the custom often is with
1450 3563 2126 3624 genluses, Schnitzler is a Jew. The riot
1458 3598 2122 3657 was antl-Semitic and was led by the
1456 3641 1881 3690 Thristian Socialist Party.
1473 3675 2123 3727 However, the play was stopped for
1445 3709 2126 3772 several months here, though it was run¬
1458 3752 2144 3814 ning at that time in Berlin and with a
2085 55 2768 115 was led astray. They had so fine à
2079 95 2644 145 chance for a personal suppression.
2122 126 2763 180 Vithin the last week there have becn
2079 166 2759 218 moments when it looked as though
2116 199 2760 254 Reigen“ might be brought to America.
2090 246 2762 291 where it could be used as a staple ex¬
2094 275 2759 334 ilbit to show newcomers who were in¬
2092 320 2765 364 terested in, but had not yet been thor¬
2091 351 2771 409 oughly Informed as to, the type of
2098 385 2760 434 Slay that needs personal suppression
2116 420 2768 476 Reigen“ has been deserlbed as botl
2121 459 2776 512 serlous“ and“ shocking.“ A foreign
2090 496 2774 546 buyer for our Theatre Gulld conse¬
2100 535 2770 591 qjuently looked in on it one night, and a
2100 570 2774 620 riend who is keeping his eye open for
2100 602 2785 669 something for our Al Woods bought a
2102 653 2564 707 icket for the next evening.
2117 682 2784 747 And both turned it down. One seemed
2099 718 2782 775 to think Shaw more shocking, and the
2101 752 2782 809 other may have realized that the New
2102 801 2583 863 York police are more serious
2415 820 2756 889 JANET TLANNER.
2129 863 2484 923 Vienna, May 14, 1922.
2108 921 2460 972 The Actors' Theatre.
2111 950 2519 1018 Tothe Dramatto Editor:
2130 977 2790 1051 The Actors’ Equlty Soclety is indeed
2113 1026 2785 1084 making a notable, if dangerous, em¬
2109 1067 2791 1127 barkation, in launching öut into the
2104 1094 2741 1160 ownership and control of ite theatre.
2126 1139 2787 1200 There have been a very few öther ex¬
2103 1173 2788 1232 amples of large scale dramatie produc¬
2116 1210 2785 1266 tion by the actors in recent years. The
2119 1248 2793 1306 nost successiul of these has been that
2117 1290 2790 1335 of the Theatre Gulld. And its success
2116 1322 2796 1375 has doubtless been in large part due to
2117 1359 2786 1412 its readiness to take the “ consuming
2115 1399 2788 1456 public“ into partnership as much as it
2145 1451 2799 1526 In the strictest sense of the word, we
2109 1513 2801 1569 have no genuine“ co-operative“' theatre
2119 1545 2804 1596 In this country, if we are to use that
2110 1581 2796 1628 word as it is used by the most careful
2123 1621 2799 1673 economists to denote“ consumers’ co¬
2123 1649 2795 1712 operation.“ There arc a very few mov¬
2116 1687 2792 1743 ing-picture houses owned and controlled
2127 1726 2790 1783 y the patrons, but nöthing ins the field
2114 1774 2804 1820 of legitimate drama, After all, produe¬
2125 1800 2795 1850 ers’ co-operation, In the theatre as else¬
2121 1841 2807 1896 where in social and economic life, lacks
2128 1879 2804 1930 stability for the simple reason that it
2121 1908 2807 1961 neglects to glve the ultimate consumer
2121 1945 2665 2000 his full share of consideration.
2150 1978 2813 2039 The Theatre Gulld has the greatest
2120 2018 2812 2075 promise of permanence and stabillty just
2125 2056 2812 2116 because it has gone furthest toward
2125 2093 2811 2154 taking the audience inte partnership. It
2131 2131 2802 2193 has not yet goue far enough by any
2126 2178 2812 2222 means. But who would have prophesiec
2130 2202 2806 2257 ten Fears ago that we should have such
2133 2245 2814 2296 excellent companies as those of the
2760 2276 2793 2301 14
2131 2276 2783 2335 Gulld and the Provincetown Players:#
2139 2315 2812 2366 all experiments of this kind, the onelto
2135 2351 2809 2415 live longest and to prosper most will
2139 2403 2814 2445 be the one which dares to take the
2138 2425 2818 2479 audience Into most complete partner¬
2139 2458 2820 2518 ship. And I say this not thinking of
2141 2493 2821 2552 the financial end of the partnership, but
2138 2540 2823 2592 of the spiritual end. The theatre-golng
2130 2576 2812 2633 public will develop high critical facul¬
2133 2613 2814 2659 ties in direct proportion to the amount
2143 2649 2711 2700 of responslbility thrown upon it.
2170 2684 2825 2733 We must by all means welcome the
2142 2720 2813 2778 new Actors' Theatre. Let us also In¬
2140 2767 2821 2815 sist that it take into organie partner¬
2144 2792 2825 2851 ship not only the Judges of plays, the
2145 2832 2824 2885 scenic artists and the business men, büt
2157 2871 2815 2926 he lärger number of men and women
2148 2916 2826 2956 who constitute that first essential to
2140 2946 2826 3000 successful drama—an understanding am¬
2145 2983 2516 3043 appreciative audience.
2506 2991 2801 3064 CEDRIC LONG.
2177 3032 2598 3098 New York, May 26, 1922.
2146 3104 2694 3159 The Origin of Madame Flirt.“
2158 3143 2578 3201 o the Dramatio Editor:
2178 3158 2828 3231 In Tnx Tiaes of Sunday, May 21, I
2145 3218 2831 3267 noticed a Berlin letter headed,“ The
2151 3252 2828 3301 German Stage,“ in which mention is
2158 3288 2824 3338 nade of the production of an operetta
2148 3331 2825 3378 entitled“ Madame Flirt.“ Your corre¬
2145 3359 2833 3420 spondent refers to it as apologlzing for
2162 3401 2827 3461 ts“ humble German origin“ by its
2151 3452 2225 3493 titte.
2182 3473 2831 3531 While I have no comment to make
2161 3522 2833 3562 oncerning the “ humble“ part of it,
2184 3547 2818 3601 wish to rectify the“ German origin.
2182 3582 2827 3637 Madame Flirt“ was composed by #y¬
2162 3618 2829 3679 self and the book is taken from.“ Di¬
2155 3662 2688 3722 vorçons“ by Victorien Sardou.
2458 3693 2819 3749 ANSELM GOETZL
2190 3730 2626 3800 New Tork, May 21, 1922.
