3532 4224
1122 160 1521 247 box 18/3
417 165 932 252 11. Reigen
693 1231 1249 1283 In deinem Namen ist entzwei
704 1272 1187 1328 Die Menschenwelt gerissen:
703 1304 1383 1387 Die — wollen den Ellenbogen frei,
698 1361 1267 1429 Und die — ein frei Gewissen.
691 1427 1554 1516 Wie? Was? Ein dies soll ich sein? Na, hört,
708 1497 1251 1554 „Ich sag es auch unverhohlen,
707 1541 1245 1604 Daß mir das Alles da gehört
696 1588 1219 1636 Und daß ihr mir's gestohlen.
700 1635 1293 1681 Zweitausend Kronen Wochenlohn
706 1671 1355 1730 Reichen die für das lumpige Leben?
703 1722 1341 1780 Ich bin des Volkes enterbter Sohn,
693 1769 1254 1817 Und kurz: Ich brauch' es eben,
708 1805 1442 1855 Ich enteign' es und nehme mir 's wieder
701 1851 1432 1911 Hand weg, sonst schlag' ich euch nieder!“
702 1926 1364 1986 Den Militarismus schlugt ihr nieder
700 1980 1491 2054 Im Namen der Freiheit und Menschenliebe,
696 2032 1349 2080 Den Militarismus weckt ihr wieder,
702 2065 1486 2138 Um nicht alle zu werden Räuber und Diebe
700 2152 1286 2219 Ehrlicher Haß und ehrliche Hiebe
697 2197 1414 2266 Sind edel und schön und Menschenliebe,
697 2250 1411 2300 Sie lehren, sich decken und sich besinnen,
705 2295 1447 2348 Sich klüger bedenken und reiner beginnen;
693 2338 1156 2392 Aber ein höses Teufelsei
691 2375 1194 2445 Ist häßliche Liebesheuchelei.
847 2463 1573 2558 Münchener Theaterbrief.
1053 2539 1360 2610 (Eigenbericht.)
772 2596 1717 2651 Schon lange vor dem Ausbruch des Krieges hat sich
697 2644 1712 2695 unser sogenanntes dent##es Theater, soweit es künst¬
679 2678 1711 2757 lerisches Streben vormimte, in eine Dornenhecke ein¬
1789 1246 2812 1316 gesponnen, an der die Jahre spurlos vorüberrauschten; ja
1796 1302 2805 1360 selbst die Revolutionsstücke, die es als Tribut an die
1798 1335 2819 1404 „neue“ Zeit spielte, machten alle einen höchst unwirklichen
1787 1379 2807 1445 spukhaften Eindruck, als wenn eine alte, ekelhafte Hexe
1781 1423 2804 1483 mit einer roten Fahne aus dem Gestrüpp heraus gewinkt
1782 1464 1880 1528 hätte.
1867 1511 2804 1580 Auch die Münchener Theater verharren in diesem
1789 1558 2802 1621 Scheinleben, und der Herr Geheimrat Zeiß hat sich wahr¬
1782 1601 2812 1668 lich nicht als der Prinz gezeigt, der imstande wäre, das
1785 1646 2813 1707 Dornröschen an der Isar wachzuküssen! Wie herzlich
1777 1694 2803 1752 wenig Fühlung er mit dem deutschen Volkstum hat,
1790 1735 2807 1798 zeigte er am besten in der Woche der zahlreichen
1781 1778 2809 1838 schönen Reichsgründungsfeiern in München. Just in
1776 1822 2810 1874 dieser Woche stopfte er den Spielplan des National¬
1778 1864 2819 1923 theaters voll mit lauter welschen Opern,
1772 1907 2817 1961 und gerade am 28. v. M. führte er im Residenztheater
1780 1953 2804 2009 auf Sternheims „Marquise von Arcis“! Wenn das keine
1773 1995 2736 2057 Absicht war, so war es doch hanebüchener Unverstand.
1856 2040 2804 2110 Nach fast halbjähriger Tätigkeit leistete Geheimrat
1778 2079 2803 2142 Zeiß als erste Abschlagszahlung auf sein Versprechen
1784 2130 2801 2196 einer liebevollen Pflege der Klassiker eine Neuinszenierung
1774 2170 2803 2240 und Neueinstudierung der „Maria Stuart“ im Prinz¬
1773 2216 2798 2288 Regententheater. Sehen wir von der bedeutenden Leistung
1775 2264 2801 2326 der Hilde Herterich als unglückliche Schottenkönigin und
1780 2302 2801 2367 Franz Jacobis als Graf Shrewsbury ab, kassen wir dis
1780 2349 2803 2400 königin Elisabeth der Magda Lena noch hingehen, so ist
1766 2390 2805 2454 der Rest — Schweigen. Auch die Ausstattung strömten einen
1766 2430 2804 2496 Armeleute-Geruch aus, besonders die blau kostümierte
1775 2474 2798 2536 Palastwache mit ihren knallroten Schärpen hätte eher zu
1758 2515 2799 2578 der Hofhaltung Kurt Eisners als an den glanz= und
1764 2566 2805 2634 prunkvollen Hof der „jungfräulichen“ Königin gepaßi, die
1771 2606 2793 2667 in Wirklichkeit wie Chatterton Hill in seinem Buche
1773 2659 2792 2713 „Moloch England“ mit Recht sagt, eine der ärgsten
1764 2699 2786 2773 Dirnen war, die je einen Thron zierten, aticnn
