3336 4416
328 250 437 327 11
529 254 845 347 Reigen
1045 234 1453 327 box 17/6
1798 209 2803 255 griff der Bundesregierung in die Rechte des
1794 247 2801 300 Landes Wien dar, da zur Ausübung der
1799 284 2805 346 Theaterzenfur in Wien ausschließlich der Landes¬
1794 327 2803 395 hauptmann von Wien befugt ist. Das Verbot beweist,
1792 369 2799 430 daß der Regierung das Diktat der Klerikalen höher
1795 413 2801 480 steht als die Bestimmungen der Verfassung. Es wird
1788 459 2800 520 die Frage gestellt, ob der Bundesminister für Inne¬
1793 507 2805 563 res den verfassungswidrigen Erlaß über das Verbot
1793 537 2803 605 der Aufführung des „Reigen“ sofort zurückziehen
1792 579 1920 647 wolle.“
1846 643 2805 707 Leuthnen führte dazu aus: Die Vorgänge in den
1795 692 2802 757 Ländern beweisen, daß die Regierung dort gar nicht
1795 735 2806 797 wagt, sich in irgendwelche Verfügungen der Landes¬
1789 777 2798 833 hauptleute einzumengen. Wenn Herr Dr. Seipel es
1798 828 2801 881 vorzöge, statt hier aus den Wandelhallen heraus zu
1788 861 2801 936 regieren, sich an die Spitze des Staates zu stellen,
1792 906 2800 973 dann würde er mit der Autorität seiner Partei und
1793 949 2805 1022 des Parteiführers imstande sein, die Ausschreitungen
1788 993 2802 1059 der Landeshauptleute einzudämmen. Wenn aber an
1793 1035 2798 1089 der Spitze der Regierung die Beauftragten, die Be¬
1792 1076 2803 1146 dienten, die Lakaien einer Partei stehen, die erzittern
1790 1120 2799 1181 müssen, nicht nur vor den Seipel und Kunschak, son¬
1790 1165 2797 1234 dern vor jedem Landeshauptmann, dann hört jedes
1785 1204 2792 1274 Regieren auf, dann verwandelt sich das Regieren in
1786 1262 2803 1317 ein bloßes System von Gefälligkeiten gegenüber der
1791 1290 2244 1357 christlichsozialen Partei
2322 1309 2797 1361 und Brutalitäten und
1781 1334 2803 1420 Ueberschreitungen gegenüber dem einzigen Lande,
1786 1381 2565 1460 das nicht christlichsozial verwaltet wird.
1819 1431 2799 1504 Glanz betele wieder den alten, aus der „Reichs¬
1782 1481 2799 1545 post“ wohlbekannten Vers von dem sittlichen Empfin¬
1782 1525 2795 1577 den der Wiener Bevölkerung, das durch die Auffüh¬
1793 1572 2786 1632 rung des „Reigen“ schwer verletzt werde, wodurch er
1784 1608 2791 1660 bei den Sozialdemokraten lebhaften Widerspruch her¬
1785 1655 2797 1702 vorrust. Er erklärte, daß nach den gellenden Kom¬
1783 1698 2799 1766 petenzbestimmungen, welche die Theaterangelegen¬
1778 1744 2792 1802 heiten dem Ressort des Bundesministeriums des
1781 1782 2784 1844 Innern zuweise, es sein Recht und seine Pflicht sei,
1778 1825 2798 1892 die weitere Aufführung zu untersagen. Bei den Wor¬
1788 1869 2797 1930 ten: „Ich glaube, das Urteil über mein
1780 1910 2788 1968 Wirken getrost jedem anständig den¬
1776 1953 2793 2015 kenden Menschen zu überlassen“, geht ein
1781 1998 2792 2067 großer Tumult los, der in eine Rauferei aus¬
1779 2047 2788 2108 artet. Die Sozialdemokraten drängen zur Minister¬
1777 2081 2793 2137 bank. Severerhält einen Schlag ins Ge¬
1767 2125 2787 2182 sicht! Man muß ihn mit Gewalt davor zurück¬
1776 2171 2786 2236 halten, sich auf den Abgeordneten Pe¬
1773 2210 2795 2271 schitz zu stürzen. Dann hält Volker eine
1770 2254 2791 2316 lange Rede über die gefährdete Sittlichkeit, von der
1774 2297 2781 2363 das meiste in dem Lärm verloren geht. Zum Schluß
1777 2352 2786 2403 ergreift Seitz das Wort. Er macht den Christlich¬
1773 2379 2793 2443 sozialen den Vorwurf, den er ihnen schon öfters ge¬
1776 2438 2786 2499 macht hat, daß ihnen die Kraft und der Mut ge¬
1782 2480 2775 2524 ehlt hat, selbst die Regierung zu über¬
1777 2521 2784 2583 nehmen und zugleich das Kompliment: daß sie,
1776 2565 2790 2624 wenn sie es getan hätten, gewiß das notwendige
1766 2599 2785 2668 Verständnis und den Takt besessen
1780 2643 2785 2698 hätten, der in der Entscheidung dieser Frage not¬
1774 2695 2783 2752 wendig ist.“ Er verspricht den Christlichsozialen, daß
1781 2731 2794 2795 ie, wenn sie es wagen werden, „die in der Ver¬
1785 2781 2774 2841 assung gewährleisteten Rechte auch nur im gering¬
1772 2817 2787 2881 sten zu #angieren, einem Widerstand begegnen wer¬
1777 2866 2787 2930 den, der „eisern“ ist, daß sie, wenn sie etwa hoffen
1768 2901 2788 2976 sollten, den Widerstand Wiens gegen Verfassungs¬
1772 2947 2786 3019 brüche mit Gewalt zu brechen, Gefahr laufen, daß
1779 2987 2772 3062 der Gewalt mit Gewalt begegnet wird. Gegen
1750 3035 2788 3097 Dr. Glanz wendet er ein, daß er vielleicht von Li¬
2247 3190 2832 3285 Die Rete Fahne. Wiss
1925 3500 2308 3584 12. Februgr 1921
2563 3524 2735 3592 Seite
1762 3602 2770 3693 teratur und Aesthetik etwas versteht (durch sein Vor¬
1761 3662 2773 3727 gehen gegen den „Reigen“ hat er ja den Beweis ge¬
1765 3699 2768 3772 liefert!), aber als Minister des Innern unmöglich
1765 3737 2767 3811 sei und bedauert, daß zu allem Unglück, das wir##
1765 3781 2769 3859 Oesterreich hohen, auch noch das eine kommte daß
1764 3831 2772 3915 man die Bevölkerung mit unfähigen Beamten plagt.
