3392 4256
301 136 444 209 11.
493 154 806 243 igen
177 1757 552 1850 Errerott.
184 1905 452 1992 ttheater.
177 1981 716 2047 Arthur Schnitler.
172 2065 816 2113 un nur ein selbstlos=aufrichtiger
191 2099 817 2148 die Dinge zu sehen, wie sie sind,
197 2139 816 2206 mit einem persönlichen Interesse
177 2200 819 2269 zosen Flaubert hätte sich der Vor¬
171 2256 819 2307 endienstes, Pächter der Sittlichkeit
172 2376 817 2427 dieser gepachteten Moral oder des
168 2415 817 2480 selbst ein Gegenstand des Lächelns
182 2468 829 2545 letzten Endes Beobachtung mit den
177 2531 816 2576 es Schnitzler, der nicht ober¬
156 2557 816 2624 Bluse und übrige Gewänder den
157 2605 825 2659 derner Moral“ feststellt, sondern
157 2645 825 2694 ktheit“ vornimmt. Und das ist eine
156 2683 816 2730 älnisse der Gesellschaft, der unteren
152 2718 823 2774 Dialogen rücksichtslos aufdeckt. Es
157 2758 816 2805 Augen dazu, um in die Tiefe zu
195 2797 811 2860 zugekniffene oder im Feixen ge¬
141 2839 819 2891 rstehen. Die ist Schnitzlers Reigen.
144 2875 815 2923 lbst, den offenen Vorwurf der Wür¬
166 2921 828 2960 ist die Verständnislosigkeit der An¬
168 2955 817 3008 irischen Temperament, das letzter.
158 2996 823 3059 Billen zum Guten in sich birgt.
151 3040 810 3097 offnung auf Kitzel die gestrige Auf¬
167 3079 813 3130 uf seine Rechnung gekommen sein.
178 3127 819 3188 ie Direktor Zieglers, der
156 3158 810 3210 uptes, eigentlich nur zur Lektüre be¬
148 3195 814 3259 hungen und durch Fallen des alles
171 3244 825 3294 herabminderte, wo der Autor rest¬
194 3283 819 3336 der Gesellschaft vom ängstlich ge¬
176 3316 647 3368 ist euer eigenstes Gesicht!“
148 3336 812 3408 ttern schafft man keine Klarheiten,
142 3391 816 3448 ditätenschnüffler ängstlich Hamlets
147 3431 809 3487 n oder nicht Schwein, das ist hier
155 3476 823 3533 iden zu können, empfehlen wir allen
161 3511 575 3577 sten Reigenvorstellung
1008 138 1411 229 box 18/3
939 1679 2009 1721 Dramatisch gewertet muß Schnitzlers Werk zusam¬
869 1720 2001 1775 menfallen. Es bleibt eine Episode, ein Neigen in zehn Touren,
867 1759 1997 1806 vom Schiebertanz der Dirne und des Soldaten bis zum Tagz
862 1786 2010 1842 des Grafen und der Schauspielerin und letzten Rausschmeißer
866 1837 2011 1883 des Grafen und der Dirne. Dazwischen die Schnitzlerche
864 1877 2001 1921 „Sehnsucht nach Tugend". Mancher wird sagen „Viel Deka¬
868 1919 1998 1966 dence“ wenn dieses Wort nicht eine Eselsbrücke für das sitt¬
870 1956 2011 2004 liche Weltbild der Gegenwart wäre. Es waren doch nicht alle
869 1994 2003 2045 Zeiten dekadent, nicht wahr? Zeitbilder nur, aber kypisch,
873 2032 2003 2083 wiederkehrend vom augustischen Reiche über Flagelanten,
866 2073 2005 2121 August den Starken, französisches und deutsches Rokolo bis
864 2109 1372 2165 zum Heute. Dekadent? ...
1392 2113 1977 2160 Und dabei schritten wir weiter. —
941 2149 2007 2210 Wir jubeln diesem Reigen nicht zu. Aber wir wenden
861 2188 2003 2235 uns gegen die von gewisser Seite angestrebte Sittlichkeits¬
875 2235 2008 2285 ensur, die das Sexualproblem, das ans Licht gehört, zur
863 2275 1999 2326 Kellerpflanze mit dem Mantel eingebildeter Sittlichkeit zu er¬
872 2305 1075 2369 ticken sucht.
936 2334 2003 2393 Der Dank, dem die Stirn geboten zu haben, gebührt dem
861 2372 1998 2439 Leiter des gestrigen Abends, Rolf Ziegler. Man sühlte,
867 2426 2011 2468 es war gearbeitet worden in Szene und Spiel. Die Bühnen¬
862 2463 1998 2518 bilder truget die Intimität der Schnitzlerschen Gespräche, Ba¬
864 2509 2001 2559 nales fein gedämpft, Pikanterien im Ausmaß vom Gazevor¬
866 2540 2010 2589 hang abgeschnitten. Es gibt also auch Geschmack mit einsachen
867 2578 1012 2642 Mitteln.
941 2613 2010 2667 In diesem Rahmen standen die Spieler gut. Anne¬
874 2660 2006 2725 narie Zeyß als Dirne des ersten und letzten Bildes, die
880 2699 1902 2754 honigsüße Dirne“ von der schon Jesus Sirach erzählt.
1956 2707 2002 2754 *
865 2725 1716 2788 Schnitzlersche Probleme der grauen Vorzeit!
1820 2742 2009 2793 Hans
863 2773 2008 2820 Rathmann als Soldat, wie vorgezeichnet, der etwas
869 2819 1998 2865 plumpe Kavalier, dann wieder abstoßend und robust. Seine
871 2851 2003 2912 Breitschultrigkeit hebt sein Spiel, wenn er mit kurzer Schulter¬
865 2891 1998 2951 bewegung sein: „Laß dir noch ein Bier geben!“ herausknurrt,
862 2930 1995 2986 Annemarie Eggert nimmt das mit Verblüfftheit der
858 2966 1994 3025 Unerfahrenen und Verratenen hin. Die ihr sonst anhaftende
867 3010 1995 3061 Unbeweglichkeit kam ihr in der Eckigkeit des Stubenmädchens
867 3053 2007 3097 gut zu statten, wenn sie dem jungen Herrn des Otto Ma¬
860 3093 1994 3147 thies zu Willen sein muß. Er war nicht, wie einer aus dem
863 3127 2001 3178 Publikum bemerkte, zu waschlappig, sondern gab gerade damit
859 3167 2002 3222 der Entnerotheit des jungen Herrn guten Ausdruck. Bewun¬
856 3203 1983 3260 dern muß man das junge Frauchen der Harriet Domker
865 3243 2003 3293 solcher männlichen Entnerotheit zu verfallen. Sie war nun
871 3288 1993 3336 ben das kleine Dummchen, dann wieder das versteckte
867 3321 1994 3377 Schlängelchen, wenn sie mit Sehnsuchtsaugen dem Worte ihres
871 3361 1995 3428 Ehegespenstes, von Bruno Rings fein verkörpert, folgte:
860 3410 2001 3450 „Nur wenige erinnern sich noch nach fünf Jahren an ihr
859 3441 2000 3493 Venedig.“ Rings Stimme klingt tief und angenehm. Auch im
870 3480 1995 3536 Thambre separee zur Seite des süßen Mädels. Wirklich ein
864 3519 2007 3593 ünee Mädel, die Lilly Rapp. Lachen, waschechter Weaner
2053 1674 3192 1726 Oigiekt. Witz Bewegung: Eine Prachtleistung von Beobach¬
2050 1705 3204 1765 tung. Kein Wunder, wenn Rolf Ziegler als Dichter mit
2052 1754 3183 1805 staunenden Augen als Herr Biebitz vor ihr stand, wenn er sich
2053 1793 3195 1839 der etwas grehen Auffassung der Schauspielerin Elsa Gat¬
2054 1830 3190 1882 tigs unterlegen fühlte. Er stach gut von der Darstellung sei¬
2045 1882 3189 1925 ner Partnerin ab. die mit ihrem Wechsel in den Stimm¬
2050 1912 3192 1963 registern meinem Ohr geradezu wehe tat. Ne. ne, so spielt
2047 1958 3192 2003 man keine Satire, auch wenn man auf der Bühne schauspielern
2048 1992 3185 2036 mus. Der Graf des Richard Henke vom Deutschen Volks¬
2048 2028 3187 2074 theater in Wien stapfte schneidig, aber weanerisch leicht in
2041 2064 3186 2125 Boudoir und Dirnenhaus herum. Eine feinabgewogene Lei¬
2031 2107 3100 2175 tung. Ein Neczuicekreichnung, Lebemann und Philosoph.
2115 2141 3194 2199 Daß man in Publikumskreisen ruhig blieb. führe ich nicht
2043 2185 3197 2242 auf en s#arie Palleekaufgelt. sondern auf den künst¬
2051 2235 3152 2296 lern Erfolg des Theaters zurück. M. H.
