3436 4384
401 208 793 299 Reigen
974 204 1379 276 box 18/3
2271 261 2884 353 HItOE IRTTRESSSII
2331 410 2908 481 SEESIT PTREITANET
2273 550 2964 622 Organization of Fasci as
2348 625 2913 704 Protective Movement
2455 704 2807 781 Is Discussed.
2280 840 2968 925 FEAR GERMAN ACTION
2287 987 2977 1086 Campaign Against Teu¬
2312 1071 2956 1154 tonic Nationals and Com¬
2412 1143 2871 1227 munists Impends.
2296 1286 2995 1387 REDs ATTACK MINISTER
2297 1436 2994 1519 Flood of Printed Propaganda
2379 1507 2947 1594 Urges Natives to Resist
2454 1579 2848 1665 Foreign Efforts.
2310 1702 3003 1790 Special Correspondence to Tun Naw Toix
2597 1772 2715 1816 Hxaaup.
2354 1790 3010 1867 Pnadue, Dec. 30.—A flood of printed
2320 1832 3013 1919 circulars urging Nationalists to rise
2325 1883 3013 1964 and join the Fascista organization has
2323 1928 3010 2003 brought the intense feeling between
2323 1973 3009 2059 Czechs on one hand and the German
2332 2032 3012 2098 Nationals and Communists, on the
2325 2070 3007 2157 other to a fever heat. Although the
2328 2121 3006 2203 predicted break falled to cogie during
2335 2162 3017 2238 the hollday week, bitterness has been
2336 2210 3022 2290 aroused to such a stage that even the
2339 2254 3016 2329 Parliament is the setting for stormy
2331 2327 2465 2375 scenes.
2370 2316 3019 2400 Communists recently hurled a heavy
2345 2372 3017 2445 bundle of printed matter at Dr. Rasin,
2337 2411 3025 2476 #nance Minister, during a discussion
2346 2441 3019 2513 on an unimportant domestic affair,
2349 2484 3032 2548 missing him but hitting Minister of
2337 2535 2650 2602 Justice Dolansky.
2381 2542 3025 2620 Added to the Communist disturbances
2342 2589 3026 2656 in Parliament arethe frequent outbreaks
2350 2621 3032 2692 of German sympathizers. Deputy Bae¬
2350 2654 3029 2724 ran, German leader charged with espion¬
2346 2688 3024 2753 age, recently defied the Czech Govern¬
2350 2724 3029 2790 ment, declaring that he was willing to
2342 2752 3036 2816 commit treason at any time to achleve
2352 2792 3025 2851 the nims of his party. Capt. Jan Wirm
2358 2818 3030 2883 Capt. Gustav Wolf and Lieut. George
2359 2858 3029 2916 Novakowski, all sald to be of Germar
2362 2887 3038 2952 leanings, have been convicted in a mili¬
2356 2916 3034 2977 targ court of selling army information
2358 2949 3047 3015 10 Hungary. The trial was the signal.
2359 2984 3041 3057 for a new outbreak of nationalist ac¬
2361 3033 2485 3089 tivities.
2390 3027 3043 3106 Circulars recently scattered read:
2371 3082 3046 3134 Dur ihree hundred years’ struggle for
2358 3112 3044 3170 the establishment of a free nation is
2370 3146 3045 3204 n danger of coming to naught. The
2362 3183 3050 3243 çause for which thousands of our best
2364 3212 3052 3273 sons feil on battlefields and places of
2372 3248 3046 3304 execution is being attacked on every
2366 3279 3044 3339 hand by enemles within and without the
2372 3311 3049 3368 country. The audacity of these enemles
2374 3345 3054 3402 has reached a elimax. We shall meet
2372 3381 3046 3433 them with their own weapons, and there¬
2371 3409 3055 3464 fore urge all good Czecho-Slovaklans
2382 3449 3061 3501 o form organizations to preserve the
2376 3494 2479 3536 State.
2409 3503 3054 3570 Socialist papers denounced the circu¬
2379 3540 3058 3595 lur as the work of persons who seek to
2366 3577 3056 3639 bring about violence, as was done In Po¬
2373 3624 2448 3661 land
2405 3626 3058 3688 In tho meantime there are indica¬
2373 3670 3046 3717 tons everywhere of the growing enmit)
2385 3710 3058 3753 between Nationalists and ofher factions.
2386 3738 3066 3786 n Troppau recently a performance of
2788 3764 3064 3814 was interrupted
2382 3774 2771 3825 Schnitzler’s Reigen'
2386 3798 3056 3851 by P’an-German students who threw
2377 3832 3059 3883 ill smelling bombs unon the stage where
2348 3861 3065 3923 the Nationalistic piece was being per¬
2390 3896 3060 3945 ormed. Afew days Prevlously demon¬
2391 3932 3058 3976 strators forced Schnitzler to leave a
2390 3964 3058 4018 hall where he was giving a public
2389 3990 2761 4045 reading of his works.
2413 4021 3069 4068 The authorities of Reichenberg and
2385 4060 3064 4101 Gablenz have forbidden the German
2390 4085 3066 4135 General Liman von Sanders to speak,
2395 4120 3064 4164 declaring that he means to foster the
2389 4144 3069 4195 estension of Germang's secret National¬
