3532 4224
448 144 577 230 11
1159 147 1576 248 box 18/2
637 161 970 242 Reigen
750 708 986 786 Nr. 320
1785 643 2980 825 Berliner Tageblatt
540 761 1200 830 Freitag, den 11. November 1921
556 903 2972 1049 Die Sachverständigen im „Reigen“=Drozeß.
1773 1068 2965 1123 nur benutzt, um in dieser Form eine antisemitische Aktion
617 1044 1684 1164 Fortsetzung der Beweisaufnahme.
1740 1115 2971 1173 I ins Werl zu setzen. Der Zeuge erklärt hierzu: Bei dem Skandal
1768 1148 2930 1207 am 22. Februar seien Rufe laut geworden, wie „Saujud¬
605 1169 1744 1221 Im „Reigen"=Prozeß, zu dem sich nach wie vor ein großer
2065 1182 2278 1249 Gesindel
2351 1186 2779 1240 „Judendirektor
1771 1188 2080 1240 „Bande“, „
2807 1171 2974 1248 „Die
545 1200 1746 1254 Andrang des Publikums geltend macht, wurde gestern zutächst die
1783 1208 2969 1279 Juden müßte man rausschmeißen“ usw usw. Nach
557 1250 1746 1313 Vernehmung der Zeugin Frau Gertrud Gerken=Leitgabel
1771 1253 2975 1315 dem 22. Februar sei Direktor Sladek mit anonymen Schmähbriefen,
557 1293 739 1356 fortgesetzt.
1768 1304 2972 1349 Pamphleten des bekannten Knüppel=Kunze usw. überschüttet wor¬
610 1320 1745 1383 Auf die Frage des Vorsitzenden, welchen Vereinigungen die
1772 1336 2976 1387 den, die sämtlich antisemitischen Inhalt hatten. Nirgends in diesen
555 1364 1744 1415 Zeugin angehöre, erklärt diese, daß sie Mitglied des „Volks¬
1769 1376 2976 1427 Schmähschriften und offenen Postkarten sei von Gefährdung der
557 1409 1746 1456 bundes zur Wahrung von Anstand und guter Sitte“,
1779 1404 2824 1476 Jugend oder dergl. die Rede, sondern nur von Indenhaß.
552 1449 1741 1490 des „Berliner Vereins für Sittlichkeit“ und anderen
1926 1466 2820 1545 Aussage eines Ehescheidungsrichters.
543 1474 1750 1527 Vereinen sei. Rechtsanwalt Wolfgang Heine: Haben Sie irgend
556 1526 1739 1580 ein junges Mädchen gesprochen, das erklärt habe, daß es durch das
1828 1534 2961 1597 Zeuge Landgerichtsrat Jenne vom Landgericht I hat einer Auf¬
551 1556 1737 1606 Stück sittlich gefährdet sei? — Zeugin: Jewohl. Ein junges
1775 1566 2961 1630 führung des „Reigen“ am 21. Februar beigewohnt und den Eindruck
557 1585 1743 1645 Mädchen hat mir gesagt, daßdas Stück eine ganz andere Auffassung
1786 1618 2963 1670 gehabt, daß die gesamte Aufmachung des Stückes eine grob unzüchtige
548 1624 1737 1678 über Liebe, Ehe und das, was erlaubt oder verboten sei, erzeugen
1786 1646 2972 1705 sei. Er sei Ehescheidungsrichter in Berlin, und die Gefahr
557 1672 1752 1714 könne. Auf weitere Fragen des Rechtsanwalts Heine erklärt die
1773 1689 2974 1746 liege sehr nahe, daß die Flutder Ehescheidungen, die schon
555 1706 1739 1757 Zeugin, daß sie sich der Protestbewegung gegen das Stück
1773 1721 2971 1781 sehr groß in Berlin ist, durch Aufführung deravtiger Stücke immer
550 1732 1739 1795 angeschlossen habe und vielen geraten habe es sich anzusehen und sich
1774 1769 2126 1823 mehr zunimmt.
556 1783 1742 1828 dann dem Protest anzuschließen. Sie selbst habe das Stück erst am
1824 1799 2965 1859 Instizrat Dr. Rosenberger: Kann denn der Zeuge angeben,
549 1821 1738 1865 Sonntag zum ersten Male gesehen. Es sei ihr bekannt,
1779 1829 2956 1914 daß die Ehescheidungsstatistik seit der Aufführung des „Reigen“
549 1858 1738 1900 daß Professor Brunne; hinter der ganzen Bewegung stehe.
1772 1881 2092 1944 zugenommen hat?
553 1894 1739 1942 Dagegen weiß die Zeugin nicht, daß Gelder aus dem #onds des
1826 1908 2498 1971 Zeuge: Das kann ich nicht bekunden.
552 1934 1747 1994 Wohlfartsministeriums zur Anschaffung der Billets für
550 1963 1216 2029 den Reigen Vercbendet worden seien.
1825 1955 2961 2019 Auf zahlreiche Fragen der Verteidiger bekundet der Zeuge:
603 1996 1753 2056 Der Sachverständige Dr. Alfred Kerr richtet an die Zeugin mit
1773 1993 2959 2061 Er wohne mit Professor Brunner in Lichterfelde nicht
1773 2043 2956 2098 weit von einander und arbeite mit ihm zusammen auf allen mög¬
564 2031 1738 2092 Bezug auf ihre Angabe, daß durch das Stück eine tiefere Lebensauf¬
567 2079 1747 2130 fassung gepredigt werde die Frage, ob sie meine, daß ein Dichter,
1766 2082 2967 2137 lichen Gebicten. Professor Brunner habe nicht den Versuch gemacht,
553 2121 1740 2165 der in einem Stück die Dinge so schilbert, wie sie tatsächlich im Leben
1781 2122 2961 2170 ihn zu einer Agitation gegen das Stück zu gewinnen.
1768 2146 2966 2207 In einem Gesprüch mit Prösessor Brunner sei auch die
555 2154 1736 2199 liegen, damit auch predigen will, so solle es gemacht werden. —
549 2193 1741 2250 Teugin: So eine Banause bin ich nicht Ich weiß genau, daß
1780 2191 2966 2244 Rede auf den „Reigen“ gekommen und man wollke gemeinsam in die
567 2220 1583 2292 der Dichter keinesfulls damit sagen will: „Tuk'es auch so.“
1768 2233 2957 2280 Vorstellung gehen. Professor Brunner sei aber verhindert gewesen
622 2258 1739 2320 Sachverständighr Dr. Osborn: Frau Zeugin, ist Ihnen nicht
1780 2274 2957 2323 und so habe er sich mit einem anderen Herrn ins Theater begeben,
552 2300 1744 2357 aufgefallen, daß sämtliche Szenen mit einer gewissen Ernüchterung
1771 2306 2963 2360 und zwar auf die ihnen zur Verfügung gestellten Dienstplätze
1664 2347 1721 2394 Er
566 2348 1678 2399 und Enttäuschung enden. — Zeugin: Ich habe das Gefühl der
1776 2351 2965 2390 Professor Brunners vom Polizeipräsidium. Außer der Dar¬
558 2376 1747 2427 nüchterung in dem Stü#k stets nur auf seiten des Mannes feststellen
1774 2384 2957 2439 stellung hätten sie auch die Musik mit ihrer=süßlichen Melodie und
558 2425 1667 2470 können. Ein junger Mensch muß dabei zu der Ansicht kommen.
1667 2423 1742 2465 daß
1778 2425 2958 2467 ausgeprägter Sinnlichkeit als ein raffiniertes Mittel empfunden.
565 2459 1673 2507 es üblich ist. der Mann genießt und gibt dann derfenigen, die
1683 2460 1760 2508 sich
1780 2462 2954 2509 Von besonderen Schritten, die Professor Brunner gegen den „Reigen“
557 2489 1675 2546 ihm hingegeben hat einen Fußtrikt. Er muß den. Eindruck
1779 2494 2875 2555 eingeleitet habe, wisse er nichts. Professor Brunner habe ihn
2880 2506 2959 2547 nür
555 2524 1750 2589 kommen, daß es erlaubt sei, sich jeder Frau, auch der verheirateten,
1774 2537 2859 2585 gelegentlich auf eine Protestversammlung aufmerksam gemacht.
2877 2539 2952 2584 Auf
1771 2568 2951 2622 Befragen der Verteidiger erklärt der Zeuge: er gehöre dem Deutsch¬
547 2568 778 2641 zu nähern.
1781 2595 2958 2660 völkischen Schutz= und Trutzbund an und sei Kandidat der
949 2608 1338 2684 Ludwig Fmda:
1764 2644 2956 2692 Deutschnationalen Partei für den Reichstag gewesen. Der Zeuge,
603 2664 1750 2727 Sis haben gesagt, daß gezeigt wird daß der Minn die Frau,
1778 2676 2952 2728 Amtsgerichtsrat Ganze, erklärt nach einigen Fragen des Dr. Alfred
558 2710 1741 2762 nachdem er sich ihr genähert hat fortstößt. Muß da nicht gerade
1765 2710 2955 2777 Ke#r, daß er die schädliche Auswirkung des „Reigen“ hauptsächlich
559 2761 1739 2800 auch ein junges Mädchen erkennen, daß ein Mann, der nur aus sian¬
1765 2752 2960 2807 darin erblicke, daß das Stück gerade in der heutigen Zeit des sitt¬
558 2791 1741 2842 licher Lust ein Mädchen begehrt, nachdem er sein Ziel erreicht hat,
1768 2784 2757 2853 lichen Verfalls gegeben worden sei. Hierauf wird
564 2826 1744 2883 sich von ihr aswendet Ein junges Mädchen kann das doch nicht
549 2863 1595 2919 für anreizend halten, sondern must es für widerlich halten.
2086 2853 2648 2931 Professor Dr. Beunner
608 2890 1746 2953 Zeugin: Dai ist richtig. Es ist aber ein großer Unterschied.
1771 2915 2957 2979 als Zeuge vernommen. Er bekundet, daß er an der Organi¬
560 2929 1749 2983 Wenn ein Jungfrauenverein mit sittlich gefestigtem
1778 2964 2962 3026 sation des Theaterskandals am 32. Februar in keiner
554 2982 1737 3021 Charasser das Stück sehen würde, so würde das Stück auf diese
1769 3003 2961 3056 Weise beteiligt gewesen sei. Ebenso sei es nicht richlig,
551 3005 1743 3058 jungen Mädchen dieselbe Wirkung ausüben, die es auf mich gemacht
1777 3043 2960 3098 daß er die Vorstellung am Sonntag vorzeitig verlassen habe, da er
568 3049 1751 3097 hat. Wenn dagegen Großstadtmädchen, die durch mangelnde
1777 3078 2940 3132 sich etwas derartiges“ nicht mit ansehen könne. Er habe den Ein
566 3092 1738 3134 Erziehung und schlechten Umgang ein gewisses schwankendes Seelen¬
1772 3108 2968 3175 druck daß gegen ihn noch vor der Abgabe seines Gutachtens ein
558 3125 1741 3171 leben haben und sich durch Verführungen leicht beeinflussen lassen,
1767 3153 2893 3201 Kesseltreiben veranstaltet werde, um ihn zu Falle
563 3151 1747 3210 ctwas derartiges sehen, so glaube ich nicht, daß eine abschreckende
2889 3163 2965 3207 zu.
1767 3189 2887 3250 bringen. Es sei völlig unrichtig, wenn die Verteidigung hier
2883 3197 2957 3243 be¬
551 3198 1179 3260 Wirkung in die Erscheinung tritt.
1772 3229 2953 3283 haupts, daß er der Organisator des ganzen Kampfes gegen den
605 3215 1756 3281 Ludwig Fulda: Die Zeugin hat meine Frage nicht beantwortet.
1768 3264 2951 3311 „Reigen“ sei. Im Gegenteil:er halte sich fern von jeg¬
564 3261 1744 3320 Sie sagt nämlich, daß auf der einen Seite das weibliche Geschlecht
1779 3305 2953 3350 lichen tätlichen Vorgehen in den Theaiern und
551 3305 1746 3371 „angemidert und abgestoßen und auf der anderen Seite aber augsreiit
1766 3339 2964 3399 #inos und hubt es sogar seinem 32 jährihen Sohhe verdvien, sü
558 3353 1329 3401 würde. Das ist ein zu starker Widersprüch.
1764 3376 2965 3430 an irgendwelchem Vorgehen gegen das Theater selbst zu beteiligen..
621 3366 1739 3434 Sachverständiger Felix Holländer: Frau Zeugin. Sie wissen.
1771 3405 2957 3463 Bezüglich der Frage der Verwendung von öffentlichen Geldern für
558 3405 1747 3466 daß die größten Meister der Malerei die Nacktheit des menschlichen
1769 3449 2964 3500 die Billetts zum „Reigen“, könne er nur sagen, daß davon keine Rede
558 3452 1744 3505 Körpers dargestellt haben. Wie denken Sie diesbezüglich über die
1774 3485 2960 3531 sei. Der Zeuge erklärt weiter, daß er mit der Lebinsschen Ver¬
552 3488 1066 3559 Einwirkung auf die Jugend?
1769 3510 2961 3575 sammlung absolut nichts zu tun habe. (Als das Publikum bei
611 3526 1741 3586 Zeugin: Als ich noch Lehrerin war, bin ich mit meinen Schüle¬
1770 3563 2663 3613 einzelnen Ausführungen Professor Brunners
2697 3564 2957 3614 itonische
552 3565 1741 3616 rinnen der ersten Klasse in die Museen gegangen, um ihnen die
1766 3600 2962 3667 Zwischenrufe macht, droht Landgerichtsdireklor Berenhausen
558 3600 1735 3654 Schönheiten der reinen künstlerischen Nacktheit klar¬
1769 3632 2842 3689 im Wiederholungsfalle die Räumung des Zuhörerraumes an.)
555 3648 737 3708 zumachen.
613 3667 1739 3737 Holländer: Sie wissen auch, daß große Künstler den
1821 3678 2963 3738 Rechtsanwalt Wolfgang Hetne erklärt hierzu daß er auch gegen
551 3710 1734 3769 geschlechtlichen Akt dargesteilt haben. Glauben Sie, daß in der
1770 3707 2950 3769 eine derartige Milbeteiligung der Zuhörer sei, daß aber derartige
1768 3744 2954 3803 Zurufe begreiflich seien, wenn sich Professor Brunner hier als Ver¬
560 3761 1746 3814 Jugend, wenn sie solche Dinge sieht, solche Empfindungen geweckt
555 3797 1275 3856 werden könnten, wie durch den „Reigen“.
1763 3780 2958 3849 treter der öffentlichen freien Meinung bezeichne. Auf eine Frage
615 3823 1712 3888 Der Zeuge Friedländer beantwortete dann verschiedene Frage
1768 3832 2955 3889 des Rechtsanwalts Heino, ob er als Beamter des Polizeipräsidiums
556 3853 1670 3912 des Justizrats Dr. Rosenberger. Der Verteidiger betont:
1773 3869 2953 3920 sich nicht für verpflichtet gehalten habe, seiner Behörde dienstliche
1679 3895 1741 3949 den
549 3902 1672 3947 handle sich in Wirklichkeit gar nicht um einen Kampf geden
1768 3907 2960 3954 Anzeige zu erstatten, als er von seinem Sohne hörte daß im
561 3934 1735 3996 „Reigen“, sondern gegen die Juden. Man habe den „Reigen“
1765 3946 2966 3999 Theater Skandalszenen provoziert werden sollten, er¬
1768 4055 2958 4121 Frauen seine frühere Bedeutung so gut wie gang eingebüßt. — Ebeni¬
718 4051 1563 4152 waAL ur-N Rolundkoft
1775 4097 2289 4151 hat die Einschynrung
2371 4094 2777 4164 Oberkörbers und
3329 774 3460 844 Druck
2992 885 3444 949 klärt Zeuge in höchster
2994 925 3448 993 artigen Denunzitation auf
2987 970 3483 1025 Familie niemals hergegeber
2997 1004 3484 1067 rein persönliche Angriffe ge
3036 1055 3487 1111 R.=A. Heine. Die Ang
3000 1078 3484 1162 Ich werde mich noch an an
3000 1126 3454 1189 Professor Brunner
2996 1168 3457 1228 Fragen des R.=A. Heine e
2990 1210 3436 1270 Organisation des.
3001 1237 3426 1299 böllig fernstehe.
2987 1278 3469 1351 sei der Schriftsteller Sch
3276 1338 3501 1410 Direktoel
2991 1388 3487 1463 vom Deutschen Theater be
2988 1438 3472 1507 derem: Das Stück „Reig
2997 1477 3478 1543 sein Schamgefühl verleht.
2996 1521 3468 1575 nommen. Die Vorstellur
2998 1560 3471 1614 keiner Weise verlohend,
2996 1584 3468 1659 Der „Reigen“ seiauch
2985 1635 3472 1695 angenommen gewesen
3292 1668 3471 1719 dem Ko
3056 1673 3257 1732 zwischen
2990 1674 3073 1718 der
3240 1707 3479 1763 Schauspiell
2988 1709 3254 1769 dem. Kleinen
2998 1742 3413 1799 schaft dem letzteren
2993 1766 3459 1838 ist absolut ein sehr großes
2983 1816 3473 1883 erkennen werde. Die Darste
3052 1859 3461 1924 Sachverständiger Ludw
2981 1902 3474 1957 verständiger für dramatisch
2993 1941 3456 1997 gerichten ist, war von Frau
2983 1978 3476 2034 prods zu besuchen, da gege
2996 2008 3456 2068 erhoben wurden. Er habe
2993 2054 3474 2102 Eindruck gehabt, wie diese
2989 2096 3467 2144 auf der Bühne verkörpe
2993 2119 3477 2176 detiken sittlicher Art durch
2992 2166 3473 2220 entstehen Er habe in kein
2996 2191 3474 2251 Aergernis genommen. Rie
2985 2244 3458 2304 werden durch etwas, was
2982 2275 3331 2340 großer Teil
2982 2301 3469 2372 werke und Werke
2980 2355 3461 2412 für unzüchtig erklä
2990 2381 3454 2445 nie daran gedacht, daß
2986 2419 3470 2493 auf die Bühne gelangen so
2991 2472 3305 2524 türe geschrieben.
3293 2469 3422 2526 " Der
3004 2500 3446 2553 „Reigen=Aufführü
3005 2545 3134 2590 ardt
3159 2531 3440 2589 der Dr. Schnif
2985 2568 3445 2628 Ihres Werkes künstlerisch
2983 2615 3447 2666 aus wünschenswert.“ Erst
2990 2646 3463 2715 Schnitzler das Aufführungs
2990 2687 3429 2744 Bieles, was auf Berliner
2988 2716 3460 2787 fänglicher und frivolet son
2990 2769 3444 2826 die Darstellung, als wes
3382 2805 3457 2854 des
2987 2807 3379 2860 an die Andeutungen
3356 2839 3408 2889 in
2992 2838 3339 2895 „Romeo und Julia“
2976 2866 3427 2924 Das Buch der „Walküre
2991 2918 3421 2975 und dieser schrieb hinter
2994 2952 3409 3009 schnell“ die Bemerkung:
2990 2986 3426 3049 Künst habe nicht nur
2987 3023 3445 3092 auch die Schattenseiten des
3104 3067 3457 3116 nächste Sachye
2972 3096 3456 3161 hat sich in seiner Eigensch
2980 3143 3446 3195 Bühnenvereins mit
2989 3174 3452 3228 Nach seiner Ueberzeugung
2987 3211 3459 3274 Reigan“ die künstlersschen
2990 3248 3454 3310 Kassenerfolge gedacht. Sein
2982 3295 3458 3341 litz bei den wiederholt vor
3078 3322 3419 3385 as Gefühl des
3035 3355 3415 3424 Der Sachverständige
2993 3403 3405 3456 und anstößig empfunden,
3388 3415 3459 3456 9
2980 3449 3455 3506 deren angebliche Beobachtn
3353 3500 3452 3575 Dr
3042 3554 3416 3618 Der Sachverständige,
2993 3603 3420 3665 Staaisanwalt die Frage,
2990 3636 3444 3699 Geiger und Flöt.isten, die
2984 3687 3447 3735 lichen Handlung mitgewir
2987 3719 3447 3772 seien. Der Staatsanwalt
2984 3750 3447 3815 geordnetet Natur gewesen
2988 3789 3412 3840 anwaltschaft gelangt sei.
2987 3832 3447 3883 zunächst über die Stimmun
2982 3871 3445 3913 entstanden sei, das er in
2984 3894 3447 3963 Viertelfahrhunderts bereit
2987 3939 3405 4005 zuführen, daß das Stück
2978 3989 3205 4115 S
