3444 4320
278 170 400 253 11
454 181 778 267 Reigen
959 168 1383 260 box 17/5
2093 200 2907 305 Kohnnationales Reigenspiel.
2023 282 3060 357 Der nichliche Skhndal, daß man es gewagt hat,
1938 339 3055 401 die bisher verpönt gewesene Vorführung der dramatisierten,
1942 389 3056 442 unter dem Namen „Reigen“ an die Oessentlichkeit gebrachten
1942 427 3066 481 Bordellprologe des Juden Schnitzler durch Anlehnung an
1934 466 3062 525 eine allgemeine Fürsorgeaktion für die darbenden Kinder zu
1933 512 2164 571 ermöglichen
2163 521 3055 582 — die „Vorsicht“ wäre, wie sich nachträglich
1934 558 3056 611 herausstellte, nicht einmal nötig gewesen, denn das Haupt¬
1933 607 3052 658 organ der Sozialdemokratie und der in dieser Sache zu¬
1942 647 2962 688 ständigen autonomen Regierung von „Wien=Land“
1939 691 2973 742 seinen Beifall und die Bereitwilligkeit der Partei,
2997 698 3056 744 be¬
1942 733 3059 795 ziehungsweise ihrer Wiener Regierung, gegebenenfalls durch
1935 781 3052 826 Beistellung einer Terrorgarde für einen ungestörten Ver¬
1932 817 3062 887 lauf der abendlichen Lebeweltunterhaltung zu sorgen, laut
1938 866 3047 931 genug bekundet — war von einem Reigen nicht ganz wert¬
1941 914 2940 964 loser Selbstentlarvungen und Entbüllungen begleitet.
2016 944 3058 1017 Es sei hier nicht weiter die Pede von dem tyvischen
1938 980 3056 1055 jüdischen Schiebereinfall, sogar mit der Wohltätigkeit un¬
1939 1041 3059 1088 saubere Geschäfte zu versuchen und hungernden Kindern
1926 1082 3061 1143 Brosamen vom Tische der Geilheit zu offerieren, um dadurch
1940 1130 3051 1179 dasto eher die Duldung für die Vorführung zu erlangen,
1928 1169 3049 1222 welche das Theater zu einer toleriertenAnstalt herabwürdigt;
1932 1222 3041 1277 nicht weiter die Rede von der Aufdeckung des Verhältnisses
1930 1258 3046 1315 der Sozialdemokratie zur Schmutzliteratur und zu den
1933 1303 3053 1355 „Kunstbedürfnissen“ der Lebewelt durch die eifernden und
1928 1342 3049 1398 geifernden Ergüsse des Amtsorganes der Wiener Marxisten¬
1933 1386 3051 1438 regierung; endlich nicht weiter die Rede von den Selbst¬
1932 1428 3045 1478 entlarvungen der jüdischen Presse, die mit ganz vereinzelten
1930 1470 3044 1522 Ausnahmen ein frohes Grunzen und Wiehern anhub, ja
1927 1518 3055 1583 vielfach bedauerte, daß die Dramatisierung und Inszenierung
1924 1558 3045 1614 der Schnitzlerschen Zoten „leider“ nicht alle Erwartungen,
1928 1598 3044 1657 die füglich von der realistischen Bühnendaustellung solchen
1932 1642 3043 1702 Stoffes gehegt werden durften, befriedigen konnte, oder gar
1928 1682 3048 1735 dem Publikum, das sich gesträubt hat, einer derartigen
1931 1732 2839 1792 „Wohltätigkeitsvorstellung“ beizuwohnen, noch
2903 1733 3046 1788 Moral¬
1931 1780 3052 1833 predigten ob ihrer Hartherzigkeit hielt (wie zum Beispiel die
1923 1820 3048 1876 „S.= u. Mztg.“). Nein, von alldem sei nicht weiter die Rede,
1922 1862 3041 1914 denn wer, um jüdischen Geschöftsgeist, Judenkunst und
1918 1898 3044 1966 Judenpresse zu durchschauen, erst auf die allerdings unmög¬
1917 1945 3037 1990 lich mißzuverstehenden Offenbarungen dieser „Reigen“.
1916 1988 3040 2047 Tage hat warten müssen, der wird wohl auch weiterhin un¬
1925 2031 3046 2084 belehrt bleiben. Eine Ausnahme i nur hinsichtlich der
1920 2083 3053 2139 zionistischen „Morgenzeitung“ gen die für ihre Kritik
1913 2126 3052 2172 an dem Stammesgenossen Schnitzler — dessen Dialogen
1914 2167 3052 2219 zwar die Möglichkeit szenischer Vorführung abgesprochen,
1917 2211 3049 2261 aber als Lesestücken Bewunderung gezollt wird! — folgende
1919 2247 2429 2313 Beweggründe angibt:
2082 2278 3057 2344 Die Inszenierung des „Reigen“ ist eine ernste und
1985 2339 2606 2405 traurige Angelegenheit. Bitterernst
2607 2338 3049 2395 — denn sie för¬
2001 2379 3032 2423 dert die Reaktion mehr, als die vergnügten Zu
1997 2415 3034 2458 schauer mit den heraustretenden gestielten Augäpfeln, d
1997 2455 3038 2512 in ihrer Erregung heiser lachenden Dämchen mit den#u#te
1988 2485 3022 2543 der Schminke erglühenden Wangen auch nur ahnen köntte
1997 2528 3024 2571 Wenn das die Frucht der Umwälzung ist daß der Kuliisen
1996 2559 2819 2622 zauber zehnfach vorgeführter Angeschlicksbrunst
1997 2607 2806 2658 tat wird, dann (so dürften die Lausrnden
1997 2646 2802 2689 diese Freiheit ein Verhrechen
1981 2680 2722 2732 einstige Gebundenheit ein
1983 2717 2868 2791 wesen. Jede Revrise des „Reigen“ legt dem
1982 2756 2449 2816 ein Steinchen ins Brett.
1999 2805 3050 2868 Nicht etwa ein Anflug von Moral, sondern nur die
1917 2847 3053 2910 Angst vor der noch nicht ganz niedergetrampelten Moral des
1925 2894 3041 2947 Volkes beingt hier ein Kopfschütteln hervor: Das voreilige
1915 2939 3051 2995 Wagnis könnte der „Neaktion“ förderlich sein! Das ist der
1922 2988 3041 3041 ganze Grund der „ethischen“ Bedenken. Diese Striche aus
1915 3029 3044 3081 dem Zionismus vervollständigen freilich nur das Bild, das
1914 3078 3045 3142 man sich vom jüdischen Verhältnis zu den abendländischen
1916 3108 2767 3172 Moralanschauungen schon immer gemacht hat.
1996 3139 3042 3214 Wichtiger erscheint eine andere Enthüllung und sie
1897 3201 3037 3259 stammt von niemand anderem, als von — Schnitzler selber.
1919 3242 3039 3292 Im „N. W. Journal“ (Nr. 9782) verteidigt er sich gegen
1915 3283 3032 3342 die Vorwürse, die ihm u. a. der Berliner Berufs= und
1913 3329 3050 3377 Stammesgenosse Harden wegen der Inszenierung der
1923 3369 3033 3423 „Reigen“=Dialoge unter Berufung auf die Autorität eines
1918 3415 3032 3473 dritten Stammesgenossen, des Barnum=Regisseurs Max
1917 3455 3031 3523 Reinhardt (aus Preßburg), gemacht hat, und stellt fest,
1914 3499 3041 3560 daß ihm eben dieser Reinhardt auf eine Anfrage schon am
1904 3547 3029 3604 19. April 1919 geschrieben habe, er halte „die Aufführung
1906 3585 3037 3657 des „Reigen' nicht nur für opportun, sondern
1919 3630 3029 3687 für unbedingt wünschenswert“ zugleich ie n die
1910 3677 3028 3724 Erfüllung „unser beider Wünsche nach mei er
1915 3715 3038 3775 (Reinhardts) Regie“ in Aussicht stellend; daraufhin   lbe
1917 3760 3035 3808 er (Schnitzler) mit Reinhardt einen Vertrag geschlossen.
1913 3804 3027 3861 nach welchem der „Reigen“ bis spätestens 31. Jänner 1920
1908 3849 3028 3900 an einer der Berliner Reinhardt=Bühnen hätte zur Auf¬
1917 3875 2266 3962 führung komn
2358 3883 2658 3963 * Reinhardts
2725 3891 3022 3964 schfolger. Jolir
2708 4098 2999 4176 Jatt, Wien
2282 4111 2665 4188 # Neues Monta
