3336 4448
282 41 788 152 11. Reigen
990 47 1385 128 box 18/1
1252 292 2016 399 Die „Reigen“-Premiere.
1218 362 2031 452 Berlins nächstees großes Theaterereignis.
1210 415 1800 486 Die Erstaufführung verschoben.
1914 436 2086 503 Die un¬
1449 470 1854 543 lustigen Schauspieler.
1302 508 2088 612 Direktor Holländers Plan, Schnih¬
1207 568 2087 651 leu#brigen“ in den Kammerspielen
1204 608 2084 700 des Deutschen Theaters zur Aufsüh¬
1209 667 2083 745 rung zu bringen, begegnet vorderhand aller¬
1204 711 2075 793 lei Schwierigkeiten. Holländer hatte die
1210 762 2074 850 Absicht, für diese Aufführungen ein Ensemble
2151 819 2191 869 717
1200 809 2081 893 wienerischer Schauspieler oder zu¬
1208 851 2080 939 nindest solche, die jahrelang in Wien gewirkt
1193 910 2073 991 und sich den lokalen Ton angeeignet haben, zu¬
2134 918 2193 997 9
1190 945 2071 1030 sammenzustellen. Von Wiener Künstlern, die in
1202 1000 2062 1077 Berlin weilen, stehen ihm Hedwig Keller nb
1196 1044 2066 1130 Anton Edthofer, beide früher am Deutschen
1188 1089 2069 1179 Volkstheater, jetzt am Staatstheater in Berlin,
1190 1147 2063 1226 zur Verfügung, ferner hatte Hollönder Philine
1183 1192 2054 1258 Wengert von der Neuen Wiener Bühne und
1182 1233 2066 1320 Herrn Karl Ettlinger aus Wien geholt.
1180 1290 2053 1365 Hingegen hat, wie unsere Leser schon wissen,
1184 1331 2059 1405 Herr Aslan die Einladung zu dieser Premiere
1175 1389 2048 1460 abgelehnt und die mit Aslan besetzte Rolle
1178 1429 2060 1511 wurde auch von Herrn Gerasch, dem fräheren
1178 1472 2057 1542 Burgtheaterhelben und =Liebhaber, zurückge¬
1171 1523 2057 1604 wiesen. Dagegen hat Lilli Marberg die Be¬
1176 1569 2046 1646 rufung zu diesem Gastspiel angenommen und
1170 1614 1854 1699 ist auch bereits nach Berlin abgereist.
1269 1662 1858 1743 Die „Reigen“=Premiere dür
1921 1675 2046 1749 jedoch
1168 1699 1839 1773 eine Verschiebung erfahren.
1167 1756 2050 1842 sprüngliche Termin wurde jedenfolls nicht ein¬
1161 1809 2038 1899 gehalten. Hollänber sucht weiter nach Schau¬
1163 1859 2054 1949 spielern „mit Wiener Note“. BNRR
1472 1976 2274 2060 In Wien haben sich seinerzeit sowohl
1385 2026 2264 2091 Direktor Bernau als Josef Jarno und
1393 2070 2267 2138 Dr. Geyer bemüht, von Schnitzler das
1392 2124 2261 2198 Recht zur Aufführung des „Reigen“
1392 2178 2257 2247 zu erlangen. Schnitzler hat sich jedoch nicht
1383 2228 2260 2292 entschließen können, gleich nach dem
1388 2268 2257 2348 Sturze der Zensur burch die November¬
1379 2313 2257 2391 revolution als fixer Ausnützer der
1378 2357 2260 2436 Konjunktur zu erscheinen. Zweifel¬
1380 2417 2246 2488 los wären jedoch die Wiener Aufführungen stil¬
1380 2466 2255 2533 echt und von großem theatralischen Interesse ge¬
1379 2506 2255 2585 wesen. Der „Reigen“ bietet übrigens große
1378 2565 2256 2640 technische und Regieschwierigkeiten, ja es kann
1377 2605 2254 2689 das Fortschreiten der Handlung auf der Bühne
1376 2663 2242 2734 überhaupt nur mittelst des oder jenen tech¬
1377 2701 2239 2784 nischen Tricks ermöglicht werden. Bei den be¬
1379 2763 2252 2823 rets stattgefundenen Aufführungen in russischen
1374 2805 2241 2870 Städten hat man die bekannten heikeln, ja un¬
1375 2846 2241 2920 darstellbaren Momente der Handlung derart
1385 2903 2246 2959 gebracht, daß die betreffenden Dialogstellen
1375 2945 2252 3020 hinter einem plötzlich fallenden Vorhang, auf
1374 2993 2242 3054 den die Dekoration einer geschlossenen Zimmer¬
1360 3048 2243 3128 tür gemolt war, gesprochen wurden. Wiener
1656 3136 2002 3303 OHN
1205 3303 2084 3380 ration weitere bedeutende Quantitäten von
1218 3362 2086 3433 Farbmaterialien, chemischen Produkten, phar¬
1213 3416 2089 3472 mazeutischen Artikeln und Holz, seiner ver¬
1214 3455 2079 3528 schiedener anderer Fabrikate anzunehmen, so¬
1213 3509 2085 3575 fern Deutschland in der Lage sein sollte. ent¬
1216 3556 2075 3622 sprechende Mengen abzugeben. Zum Zwecke
1212 3604 2073 3675 der Abrechnung der erhaltenen Waren als
1214 3652 2070 3718 Entschädigungssumme wird eine italicnische
1209 3701 2072 3768 Kommission unter dem Vorsitz des Schatz¬
1205 3758 2064 3811 ministers errichtet, der es obliegt, festzustellen
1204 3800 2065 3854 welche Waren und welche Mengen jeweilig
1187 3841 2072 3916 henöligt werden. Die Kommission hat auch
1742 3891 2086 3969 ###nut der Maren
