3484 4256
378 167 904 266 11. Reigen
1084 167 1501 245 box 18/3
644 613 1215 731 Klose & Seidel
699 725 1221 796 enn für Zeitungsausschnitte
599 785 1255 858 Sn #O. 4. Oeorgenkirchplatz ##
801 916 1314 1008 NEzeiger.
568 952 775 1026 Zeitung:
567 1017 683 1083 Ort:
837 1051 1287 1159 Dresut
563 1092 755 1160 Datum:
919 1173 1304 1317 □W
551 1379 1450 1454 Hegen Schnitzlers Reieen fand am Sonn¬
708 1437 1447 1492 Hannover####ne gewaltige Kundgehung von etwa
631 1441 1445 1523 59Besuchern statt. Pastor Hustedt hielt eine flam¬
659 1493 1445 1549 Ansprache und verlas am Schluß eine Ent¬
584 1499 1455 1584 Fießung, in der es unter anderem heißt: „Die durch
567 1556 1429 1611 A#ende ehrliebender Münner und Frauen aller Ständ
570 1596 1448 1645 verkretene anständige Bürgerschaft der Stadt Hannover
588 1624 1450 1679 ihlt sich durch die fortgesetzte Aufführung von Schnitzlers
563 1646 1438 1708 Reigen im Residenztheater von schamlosen Theater¬
566 1686 1436 1740 spekulanten in der schwersten Weise beleidigt und heraus¬
567 1723 1453 1773 gefordert. Sie ist nicht gewillt, dem unverantwortlichen
568 1738 1436 1806 Treiben der Rotter=Dixektion länger zuzusehen und fordert,
567 1782 1435 1837 daß die Polizeibehörde unverzüglich von ihrem Rechte Ge¬
567 1813 1443 1869 brauch macht, im Interesse der öffentlichen Ruhe und
562 1847 1443 1914 Sicherheit die Aufführung unter allen Umständen zu ver¬
567 1875 672 1936 bieter.“
1859 1224 2517 1367 Klose & Seide
1910 1319 2487 1412 Bureau für Zeitungsausschnitte
1873 1384 2541 1471 Berlin NO. 43, Georgenkirchplatz 21
1989 1432 2543 1574 Len esseitung
1857 1572 2052 1643 Zeitung:
2568 1512 2689 1635 92
1860 1639 1967 1714 Ort:
1864 1669 2564 1779 Datum: g.00L 19A
2983 1878 3019 1924 6
1820 1891 3005 1981 „Reigen=Standal und „Verrotterung
2526 1960 2979 2039 Audiatur et altera pars.
2410 2005 2456 2065 I.
1900 2050 3022 2108 Rla, länger kann sich die Schriftle ung der „Hannoverschen
1871 2081 3012 2154 Landszeitung“ den von den verschiedenjten Seiten an sie ergehenden
1870 2133 3009 2187 Auffoldgrungen entziehen, zu den neuesten recht unerquicklichen Vor¬
1871 2171 3015 2232 gängen im Theaterleben Hannovers, die allerdings in bedenklicher
1871 2207 3010 2277 Weise in das allgemeine öffentliche Leben hinüberspielen, indem sie
1860 2241 3009 2317 öffentliches Aergernis erwecken, Stellung zu nehmen. Wenn ich nun
1864 2285 3014 2347 heute zu diesen Ereignissen im allgemeinen und zu den Reigen¬
1857 2324 3012 2382 Aufführungen im besonderen das Wort ergreife, so fürchte ich aller¬
1858 2363 3015 2438 dings, damit manchem eine kleine Enttäuschung zu bereiten. Nicht
1853 2416 3000 2460 etwa, daß ich das Bedürfnis empfände, als Verteidiger der „Reigen
1858 2444 3012 2514 Aufführungen in die Schranken zu treten. Diese Aufführungen sind
1859 2485 3014 2552 auf das allerschärfste zu verurteilen, vom religiösen und sittlichen
1860 2522 3012 2593 Standpunkte aus so gut wie vom kritischtiterarischen. Es bleibt ganz
1852 2568 3007 2627 unverständlich, wie ein Mann von solchen literarischen Meriten wie
1857 2601 3007 2667 Professor Alfred Klaar, der uns vor drei bis vier Jahrzehnten ein
1856 2642 3002 2710 so prächtiges, so viel gesundes Urteil bekundendes Buch über das
1850 2697 3009 2735 „moderne Drama“ gegeben hat, den wir hier in Hannover als be¬
1849 2730 3002 2778 geisterten Goethe=Verehrer kennen lernten, dessen Gattin, Paula
1848 2766 3002 2818 Eberty, selbst Schauspielerin ist, also doch sehr wohl in die Lage
1845 2801 2996 2870 kommen konnte oder kann, eine der weiblichen Rollen des „Reigen“
1855 2839 3011 2899 spielen zu müssen, wie ein solcher Mann dazu kommen kann, eine
1858 2886 3007 2939 Lanze für ein Stück wie „Reigen“ zu brechen, das ein jeder, der nur
1858 2921 3013 2972 etwas literarisches Urteil hat, für völlig wertlos erklären muß. Es ist
1849 2963 2997 3021 geradezu unbegreiflich, wie ein Schriftsteller wie Schnitzler, der doch
1859 3002 2999 3059 eit der „Liebelei“ so manches von entschiedenem dramatischen
1849 3040 2999 3101 Empfinden zeugende Stück geschrieben hat, so von allen guten
1844 3076 3000 3133 Geistern verlassen werden konnte, ein solches Machwerk hinzusudeln.
1836 3113 3002 3184 Das Bedürfnis, nach Brot zu gehen und dieses durch Kitzeln der
1847 3154 3006 3212 Sensationslüsternheit der großen Menge zu erlangen, kann unmög¬
1853 3193 3000 3253 ich als Entschuldigungsgrund angeführt werden, denn Schnitzler
1836 3232 3002 3293 bezieht als beliebter Schriftsteller und vielgesuchter Arzt gleich hohe
1843 3279 3004 3334 Honorare, Auch daß man uns hat einreden wollen, in diesem Stücke
1844 3319 3000 3361 nehme der Arzt das Wort, der der Menschheit ernstlich in das Ge¬
3077 1872 3396 1926 wissen reden wolle
3076 1911 3381 1965 „Gespenstern“ tut,
3084 1955 3400 2008 treten uns im „R
3076 1992 3371 2045 Lachen entgegen
3080 2031 3407 2086 dazu heraus, sich ih
3070 2066 3398 2126 stretenden Personen
3074 2107 3391 2178 ihr ganz kannibali
3076 2153 3374 2204 Aufführung eines
3071 2186 3406 2244 lich; aber gerade u
3073 2231 3374 2284 wirkt dieses Stück
3068 2270 3373 2324 als so manches al
3069 2307 3373 2362 besonders die seh
3076 2349 3368 2398 Muse rechne, die
3076 2387 3376 2442 ahnungslosen Zu
3082 2430 3356 2481 ein weit gefährli
3069 2467 3397 2528 borgenheit unter sd
3073 2508 3391 2559 vor der Zensur un
3073 2549 3400 2598 übrigens unter alle
3072 2586 3384 2644 Erreichung selbst d
3104 2630 3381 2688 Das wirksamste
3067 2676 3365 2737 nach meiner Mei
3092 2709 3320 2765 olidarisch
3073 2752 3311 2802 Aufführung ei
3078 2793 3291 2839 sandten „Wa
3070 2833 3310 2884 führung selbst
3067 2874 3294 2925 zeugung aus
3070 2909 3310 2960 zeigers“ Dr.
3075 2947 3314 3001 Besprechung de
3067 2987 3325 3040 half leider nich
3074 3022 3328 3082 Tatsache ist, da
3066 3068 3311 3118 Reklame gema
3068 3105 3342 3156 obszönen Inhalt
3068 3143 3342 3198 Feines, Pikante
3072 3183 3358 3238 große Menge, die
3071 3225 3342 3276 haben würde, un
3071 3261 3331 3314 nicht etwa erst
3068 3301 3342 3353 schuldigt aber in
3065 3337 3341 3392 Direktion des R
3069 3378 3327 3431 recht in den An
3070 3421 3329 3483 wußte, wie die
3105 3465 3331 3527 Aber leider i
3072 3518 3299 3565 rums all
3061 3554 3294 3606 theaters
3066 3589 3306 3652 Publikum.
3101 3634 3355 3690 Es muß der D
3058 3676 3322 3727 der des Reside
3053 3715 3345 3779 sie künstlerische
