<?xml version="1.0" encoding="UTF-8" standalone="yes"?>
<PcGts xmlns="http://schema.primaresearch.org/PAGE/gts/pagecontent/2013-07-15" xmlns:xsi="http://www.w3.org/2001/XMLSchema-instance" xsi:schemaLocation="http://schema.primaresearch.org/PAGE/gts/pagecontent/2013-07-15 http://schema.primaresearch.org/PAGE/gts/pagecontent/2013-07-15/pagecontent.xsd">
    <Metadata>
        <Creator>prov=University of Rostock/Institute of Mathematics/CITlab/Gundram Leifert/gundram.leifert@uni-rostock.de:name=ONB_Newseye_GT_M1+(htr_id=10810)::::v=2.4.3
prov=University of Rostock/Institute of Mathematics/CITlab/Tobias Gruening/tobias.gruening@uni-rostock.de:name=de.uros.citlab.module.baseline2polygon.B2PSeamMultiOriented:v=2.4.3
prov=University of Rostock/Institute of Mathematics/CITlab/Tobias Gruening/tobias.gruening@uni-rostock.de:name=/net_tf/LA73_249_0mod360.pb:de.uros.citlab.segmentation.CITlab_LA_ML:v=2.4.3
Transkribus</Creator>
        <Created>2019-10-07T11:37:39.049+02:00</Created>
        <LastChange>2019-12-04T13:50:38.751+01:00</LastChange>
        <TranskribusMetadata docId="223982" pageId="9502338" pageNr="181" tsid="20376623" status="IN_PROGRESS" userId="40391" imgUrl="https://files.transkribus.eu/Get?id=FUIRTMEBKCYVYUYXWEEVMTPA&amp;fileType=view" xmlUrl="https://files.transkribus.eu/Get?id=VMVPUBRJEQKISBFJVBDABZUN" imageId="6192556"/>
    </Metadata>
    <Page imageFilename="223982_0181.jpeg" imageWidth="3392" imageHeight="4352">
        <ReadingOrder>
            <OrderedGroup id="ro_1711448297528" caption="Regions reading order">
                <RegionRefIndexed index="0" regionRef="r1"/>
                <RegionRefIndexed index="1" regionRef="r2"/>
                <RegionRefIndexed index="2" regionRef="r3"/>
            </OrderedGroup>
        </ReadingOrder>
        <TextRegion orientation="0.0" id="r1" custom="readingOrder {index:0;}">
            <Coords points="288,62 288,217 343,217 343,62"/>
            <TextLine id="r1l1" custom="readingOrder {index:0;}">
                <Coords points="281,168 298,169 331,191 336,186 349,185 351,106 339,107 337,104 324,111 308,111 304,108 297,113 283,115"/>
                <Baseline points="288,166 315,162 343,167"/>
                <TextEquiv>
                    <Unicode>1</Unicode>
                </TextEquiv>
            </TextLine>
            <TextEquiv>
                <Unicode>1</Unicode>
            </TextEquiv>
        </TextRegion>
        <TextRegion orientation="0.0" id="r2" custom="readingOrder {index:1;}">
            <Coords points="472,132 472,3221 1553,3221 1553,132"/>
            <TextLine id="r2l1" custom="readingOrder {index:0;}">
                <Coords points="990,171 1033,159 1103,179 1174,148 1202,168 1398,172 1398,111 1351,91 1307,111 1232,94 1170,121 1028,118 990,101"/>
                <Baseline points="997,158 1023,158 1049,158 1075,159 1102,159 1128,159 1154,159 1180,159 1207,159 1233,159 1259,159 1285,159 1312,159 1338,158 1364,158 1391,157"/>
                <TextEquiv>
                    <Unicode>box 17/3</Unicode>
                </TextEquiv>
            </TextLine>
            <TextLine id="r2l2" custom="readingOrder {index:1;}">
                <Coords points="465,184 536,195 607,185 676,201 791,183 791,122 684,109 639,122 612,104 583,117 527,118 507,106 465,119"/>
                <Baseline points="472,177 498,179 524,179 550,180 576,180 602,179 628,179 654,178 680,178 706,178 732,178 758,178 784,179"/>
                <TextEquiv>
                    <Unicode>Reigen</Unicode>
                </TextEquiv>
            </TextLine>
            <TextLine id="r2l3" custom="readingOrder {index:2;}">
                <Coords points="1203,1094 1281,1079 1353,1095 1397,1080 1423,1093 1472,1075 1501,1086 1550,1071 1549,1028 1493,1005 1394,1026 1367,1005 1333,1006 1304,1026 1249,1006 1202,1027"/>
                <Baseline points="1210,1058 1235,1059 1261,1060 1286,1060 1312,1059 1338,1059 1363,1058 1389,1057 1414,1056 1440,1055 1466,1054 1491,1054 1517,1054 1543,1055"/>
                <TextEquiv>
                    <Unicode>Telephon 12801.</Unicode>
                </TextEquiv>
            </TextLine>
            <TextLine id="r2l4" custom="readingOrder {index:3;}">
                <Coords points="1314,1157 1329,1157 1334,1160 1342,1155 1345,1158 1352,1154 1359,1160 1376,1150 1386,1149 1382,1105 1371,1110 1343,1105 1337,1110 1331,1106 1330,1108 1323,1101 1310,1102"/>
                <Baseline points="1320,1154 1349,1150 1378,1150"/>
                <TextEquiv>
                    <Unicode>99</Unicode>
                </TextEquiv>
            </TextLine>
            <TextLine id="r2l5" custom="readingOrder {index:4;}">
                <Coords points="687,1233 1225,1212 1220,1092 1182,1115 1110,1103 1088,1122 816,1103 683,1125"/>
                <Baseline points="693,1218 719,1215 745,1213 771,1211 797,1209 824,1208 850,1206 876,1206 902,1205 928,1204 955,1203 981,1202 1007,1202 1033,1201 1059,1201 1086,1200 1112,1200 1138,1198 1164,1198 1190,1197 1217,1196"/>
                <TextEquiv>
                    <Unicode>„OBSERVE</Unicode>
                </TextEquiv>
            </TextLine>
            <TextLine id="r2l6" custom="readingOrder {index:5;}">
                <Coords points="504,1283 1553,1253 1516,1196 503,1226"/>
                <Baseline points="511,1275 562,1273 614,1270 666,1268 717,1266 769,1264 821,1263 872,1262 924,1261 976,1260 1028,1259 1079,1258 1131,1257 1183,1256 1234,1256 1286,1254 1338,1253 1389,1252 1441,1250 1493,1248 1545,1245"/>
                <TextEquiv>
                    <Unicode>I. österr. behördl. konz. Unternehmen für Zeitungs-Aussohnitte</Unicode>
                </TextEquiv>
            </TextLine>
            <TextLine id="r2l7" custom="readingOrder {index:6;}">
                <Coords points="685,1345 1391,1324 1390,1276 1356,1268 684,1288"/>
                <Baseline points="692,1330 726,1330 761,1329 795,1328 830,1328 865,1327 899,1327 934,1326 968,1325 1003,1325 1038,1323 1072,1323 1107,1322 1141,1321 1176,1320 1211,1320 1245,1319 1280,1318 1314,1317 1349,1316 1384,1316"/>
                <TextEquiv>
                    <Unicode>Wien, I., Concordiaplatz 4.</Unicode>
                </TextEquiv>
            </TextLine>
            <TextLine id="r2l8" custom="readingOrder {index:7;}">
                <Coords points="912,1395 974,1388 1007,1399 1032,1386 1061,1396 1078,1387 1088,1397 1117,1388 1143,1396 1164,1383 1181,1391 1180,1350 1159,1355 1109,1334 1064,1353 988,1330 975,1342 942,1329 931,1340 911,1336"/>
                <Baseline points="919,1383 944,1382 970,1381 995,1381 1021,1381 1046,1381 1072,1380 1097,1380 1123,1380 1148,1379 1174,1378"/>
                <TextEquiv>
                    <Unicode>Vertretungen</Unicode>
                </TextEquiv>
            </TextLine>
            <TextLine id="r2l9" custom="readingOrder {index:8;}">
                <Coords points="514,1448 1559,1428 1557,1368 513,1401"/>
                <Baseline points="521,1441 572,1440 624,1438 675,1437 727,1435 778,1434 830,1432 881,1431 933,1430 984,1429 1036,1428 1087,1427 1139,1425 1190,1424 1242,1423 1293,1422 1345,1421 1396,1419 1448,1418 1499,1417 1551,1415"/>
                <TextEquiv>
                    <Unicode>in Berlin, Budapest, Chicago, Christiania, Genf, Kopenhagen,</Unicode>
                </TextEquiv>
            </TextLine>
            <TextLine id="r2l10" custom="readingOrder {index:9;}">
                <Coords points="502,1488 1561,1471 1560,1429 1517,1421 501,1447"/>
                <Baseline points="509,1483 561,1481 613,1478 665,1476 717,1474 770,1472 822,1471 874,1469 926,1468 978,1467 1031,1465 1083,1465 1135,1463 1187,1462 1239,1461 1292,1460 1344,1459 1396,1458 1448,1458 1500,1456 1553,1455"/>
                <TextEquiv>
                    <Unicode>London, Madrid, Mailand, Minneapolis, New-Vork, Paris, Rom,</Unicode>
                </TextEquiv>
            </TextLine>
            <TextLine id="r2l11" custom="readingOrder {index:10;}">
                <Coords points="666,1514 744,1545 939,1508 1404,1511 1403,1474 1322,1461 665,1482"/>
                <Baseline points="673,1513 709,1513 745,1512 781,1511 817,1510 854,1509 890,1508 926,1507 962,1506 998,1505 1035,1505 1071,1504 1107,1503 1143,1502 1179,1501 1216,1500 1252,1499 1288,1499 1324,1498 1360,1498 1397,1498"/>
                <TextEquiv>
                    <Unicode>San Francisco, Stockholm, St. Petersburg.</Unicode>
                </TextEquiv>
            </TextLine>
            <TextLine id="r2l12" custom="readingOrder {index:11;}">
                <Coords points="858,1560 881,1568 940,1552 979,1568 1027,1548 1065,1559 1087,1545 1160,1556 1175,1546 1194,1563 1236,1551 1235,1510 857,1522"/>
                <Baseline points="865,1547 891,1547 917,1546 943,1546 969,1545 995,1544 1021,1543 1047,1542 1073,1542 1099,1541 1125,1540 1151,1540 1177,1539 1203,1539 1229,1539"/>
                <TextEquiv>
                    <Unicode>(Quellenangabe ohne Gewähr.)</Unicode>
                </TextEquiv>
            </TextLine>
            <TextLine id="r2l13" custom="readingOrder {index:12;}">
                <Coords points="514,1645 580,1654 676,1639 799,1652 828,1634 902,1638 901,1598 860,1586 801,1601 732,1581 702,1602 673,1585 651,1599 513,1585"/>
                <Baseline points="521,1639 547,1637 574,1637 601,1636 627,1635 654,1634 681,1634 708,1633 734,1632 761,1632 788,1631 814,1630 841,1630 868,1630 895,1629"/>
                <TextEquiv>
                    <Unicode>Ausschnitt aus:</Unicode>
                </TextEquiv>
            </TextLine>
            <TextLine id="r2l14" custom="readingOrder {index:13;}">
                <Coords points="858,1731 1197,1704 1293,1735 1519,1701 1516,1631 1438,1619 1249,1653 1190,1629 1128,1659 1036,1635 976,1659 855,1643"/>
                <Baseline points="864,1711 896,1712 928,1713 961,1713 993,1713 1025,1712 1058,1711 1090,1710 1122,1708 1155,1706 1187,1705 1219,1703 1252,1702 1284,1699 1316,1698 1349,1697 1381,1695 1413,1695 1446,1694 1478,1694 1511,1694"/>
                <TextEquiv>
                    <Unicode>Frager Tagblatt</Unicode>
                </TextEquiv>
            </TextLine>
            <TextLine id="r2l15" custom="readingOrder {index:14;}">
                <Coords points="522,1749 700,1738 715,1725 737,1736 773,1715 808,1728 807,1661 751,1673 681,1722 623,1685 597,1686 577,1704 547,1697 520,1705"/>
                <Baseline points="529,1740 556,1741 583,1741 611,1741 638,1740 666,1739 693,1738 720,1736 748,1734 775,1731 803,1726"/>
                <TextEquiv>
                    <Unicode>vom: 06</Unicode>
                </TextEquiv>
            </TextLine>
            <TextLine id="r2l16" custom="readingOrder {index:15;}">
                <Coords points="714,1926 1024,1962 1198,1933 1503,1950 1502,1885 1479,1881 1424,1906 946,1910 828,1867 713,1878"/>
                <Baseline points="721,1941 759,1941 798,1941 837,1941 875,1941 914,1940 953,1940 991,1940 1030,1939 1069,1939 1108,1938 1146,1937 1185,1937 1224,1936 1262,1935 1301,1935 1340,1934 1378,1933 1417,1932 1456,1931 1495,1930"/>
                <TextEquiv>
                    <Unicode>Schnitzlers“„Reigen“ wurde Donners¬</Unicode>
                </TextEquiv>
            </TextLine>
            <TextLine id="r2l17" custom="readingOrder {index:16;}">
                <Coords points="546,2006 1487,1986 1486,1933 1183,1963 856,1928 546,1955"/>
                <Baseline points="554,1988 600,1987 646,1987 692,1986 739,1986 785,1986 831,1986 877,1985 924,1985 970,1985 1016,1985 1062,1985 1109,1985 1155,1985 1201,1985 1247,1985 1294,1984 1340,1984 1386,1983 1432,1982 1479,1981"/>
                <TextEquiv>
                    <Unicode>tag im Kreishdes Mkliner Vereins „Stille Bühne“</Unicode>
                </TextEquiv>
            </TextLine>
            <TextLine id="r2l18" custom="readingOrder {index:17;}">
                <Coords points="553,2043 1387,2052 1494,2034 1494,2000 552,2003"/>
                <Baseline points="560,2036 606,2036 652,2035 699,2035 745,2035 791,2035 838,2035 884,2035 930,2035 977,2035 1023,2035 1069,2035 1116,2035 1162,2035 1208,2034 1255,2034 1301,2034 1347,2033 1394,2032 1440,2031 1487,2029"/>
                <TextEquiv>
                    <Unicode>von Josef Giampietro zum Vortrag gebracht. Da¬</Unicode>
                </TextEquiv>
            </TextLine>
            <TextLine id="r2l19" custom="readingOrder {index:18;}">
                <Coords points="547,2096 1471,2096 1493,2033 547,2056"/>
                <Baseline points="555,2084 601,2084 648,2084 694,2084 741,2085 788,2084 834,2084 881,2084 927,2084 974,2084 1021,2083 1067,2083 1114,2083 1160,2083 1207,2082 1254,2082 1300,2082 1347,2082 1393,2082 1440,2082 1487,2083"/>
                <TextEquiv>
                    <Unicode>zu bemerkt das „Berl. Tagbl.“: Bei aller Bewunderung,</Unicode>
                </TextEquiv>
            </TextLine>
            <TextLine id="r2l20" custom="readingOrder {index:19;}">
                <Coords points="554,2138 1451,2150 1499,2135 1499,2096 554,2099"/>
                <Baseline points="562,2132 608,2133 655,2133 701,2133 748,2133 794,2133 841,2133 887,2133 934,2133 980,2133 1027,2133 1073,2133 1120,2132 1166,2132 1213,2132 1259,2132 1306,2131 1352,2131 1399,2131 1445,2130 1492,2130"/>
                <TextEquiv>
                    <Unicode>die man für Schnitzlers graziöse Erzählungskunst, für</Unicode>
                </TextEquiv>
            </TextLine>
            <TextLine id="r2l21" custom="readingOrder {index:20;}">
                <Coords points="558,2194 1497,2183 1497,2149 1388,2137 558,2140"/>
                <Baseline points="565,2182 611,2182 657,2182 703,2182 750,2182 796,2182 842,2182 888,2182 935,2182 981,2182 1027,2182 1073,2182 1120,2181 1166,2181 1212,2181 1258,2180 1305,2180 1351,2179 1397,2178 1443,2177 1490,2176"/>
                <TextEquiv>
                    <Unicode>seinen ferühenden Geist zu hegen vermag, muß man</Unicode>
                </TextEquiv>
            </TextLine>
            <TextLine id="r2l22" custom="readingOrder {index:21;}">
                <Coords points="550,2243 1420,2247 1478,2233 1478,2189 550,2193"/>
                <Baseline points="557,2230 602,2230 648,2230 694,2231 739,2231 785,2231 831,2231 876,2231 922,2231 968,2230 1014,2230 1059,2230 1105,2230 1151,2230 1196,2229 1242,2229 1288,2229 1333,2228 1379,2228 1425,2228 1471,2227"/>
                <TextEquiv>
                    <Unicode>sich doch fragen, ob es richtig war, gerabe den „Reigen</Unicode>
                </TextEquiv>
            </TextLine>
            <TextLine id="r2l23" custom="readingOrder {index:22;}">
                <Coords points="552,2292 1420,2299 1491,2278 1491,2242 552,2250"/>
                <Baseline points="559,2279 605,2279 651,2280 697,2280 744,2280 790,2280 836,2280 882,2280 929,2279 975,2279 1021,2279 1067,2279 1114,2279 1160,2278 1206,2278 1252,2277 1299,2277 1345,2276 1391,2275 1437,2274 1484,2274"/>
                <TextEquiv>
                    <Unicode>vor einem zahlreichen und offensichtlich nicht nach lite¬</Unicode>
                </TextEquiv>
            </TextLine>
            <TextLine id="r2l24" custom="readingOrder {index:23;}">
                <Coords points="559,2339 1463,2341 1501,2329 1501,2291 559,2298"/>
                <Baseline points="567,2329 613,2329 659,2329 706,2328 752,2328 798,2328 845,2328 891,2328 937,2327 984,2327 1030,2327 1076,2327 1123,2327 1169,2326 1215,2326 1262,2326 1308,2325 1354,2325 1401,2324 1447,2323 1494,2323"/>
                <TextEquiv>
                    <Unicode>rarischen Gesichtspunkten durchgesiebten Publikum, das</Unicode>
                </TextEquiv>
            </TextLine>
            <TextLine id="r2l25" custom="readingOrder {index:24;}">
                <Coords points="556,2391 1464,2390 1498,2382 1498,2335 556,2340"/>
                <Baseline points="563,2377 609,2376 655,2376 702,2376 748,2376 795,2376 841,2376 887,2376 934,2376 980,2377 1027,2377 1073,2377 1119,2377 1166,2377 1212,2376 1259,2376 1305,2376 1351,2375 1398,2374 1444,2373 1491,2372"/>
                <TextEquiv>
                    <Unicode>in Frack und Ballkleidern erschienen war, verlesen zu</Unicode>
                </TextEquiv>
            </TextLine>
            <TextLine id="r2l26" custom="readingOrder {index:25;}">
                <Coords points="561,2436 1506,2429 1506,2392 1448,2374 561,2388"/>
                <Baseline points="569,2427 615,2426 662,2426 708,2426 755,2426 801,2426 848,2426 894,2426 941,2426 987,2426 1034,2426 1080,2426 1127,2426 1173,2426 1220,2425 1266,2425 1313,2424 1359,2423 1406,2422 1452,2420 1499,2419"/>
                <TextEquiv>
                    <Unicode>lassen. Diese zehn Dialoge behandeln mit einer über</Unicode>
                </TextEquiv>
            </TextLine>
            <TextLine id="r2l27" custom="readingOrder {index:26;}">
                <Coords points="560,2484 821,2473 968,2504 1492,2478 1492,2440 1443,2427 560,2437"/>
                <Baseline points="567,2473 612,2474 658,2474 704,2475 750,2475 796,2475 842,2475 888,2475 934,2475 980,2475 1026,2475 1071,2475 1117,2474 1163,2474 1209,2473 1255,2473 1301,2473 1347,2472 1393,2472 1439,2472 1485,2471"/>
                <TextEquiv>
                    <Unicode>viele Grenzen hinausgehenden Deutlichkeit' und ohne</Unicode>
                </TextEquiv>
            </TextLine>
            <TextLine id="r2l28" custom="readingOrder {index:27;}">
                <Coords points="567,2530 1504,2533 1504,2489 566,2494"/>
                <Baseline points="574,2525 620,2525 666,2524 712,2524 758,2524 804,2524 850,2523 897,2523 943,2523 989,2523 1035,2522 1081,2522 1127,2522 1173,2522 1220,2522 1266,2522 1312,2521 1358,2521 1404,2521 1450,2521 1497,2521"/>
                <TextEquiv>
                    <Unicode>den geringsten Versuch einer Verhüllung ein Thema,</Unicode>
                </TextEquiv>
            </TextLine>
            <TextLine id="r2l29" custom="readingOrder {index:28;}">
                <Coords points="569,2579 1253,2595 1492,2580 1506,2533 568,2538"/>
                <Baseline points="576,2572 622,2571 668,2571 714,2571 760,2571 806,2571 852,2571 899,2571 945,2571 991,2571 1037,2571 1083,2571 1129,2571 1175,2571 1222,2571 1268,2570 1314,2570 1360,2569 1406,2569 1452,2568 1499,2567"/>
                <TextEquiv>
                    <Unicode>über das wohl in keiner Klasse der menschlichen Gesell¬</Unicode>
                </TextEquiv>
            </TextLine>
            <TextLine id="r2l30" custom="readingOrder {index:29;}">
                <Coords points="562,2635 1450,2633 1503,2626 1503,2579 562,2581"/>
                <Baseline points="569,2622 615,2622 661,2622 708,2622 754,2621 800,2621 847,2621 893,2621 939,2621 986,2621 1032,2621 1078,2621 1125,2621 1171,2620 1217,2620 1264,2620 1310,2620 1356,2619 1403,2619 1449,2618 1496,2618"/>
                <TextEquiv>
                    <Unicode>schaft laut gesprochen wird, wenn Männer und Frauen</Unicode>
                </TextEquiv>
            </TextLine>
            <TextLine id="r2l31" custom="readingOrder {index:30;}">
                <Coords points="564,2682 1498,2681 1498,2638 1465,2626 564,2635"/>
                <Baseline points="571,2671 617,2671 663,2670 709,2670 755,2670 801,2670 847,2670 893,2669 939,2669 985,2669 1031,2669 1077,2669 1123,2669 1169,2669 1215,2669 1261,2669 1307,2668 1353,2668 1399,2668 1445,2667 1491,2667"/>
                <TextEquiv>
                    <Unicode>in größerer Anzahl beieinander weilen. Wozu verleitete</Unicode>
                </TextEquiv>
            </TextLine>
            <TextLine id="r2l32" custom="readingOrder {index:31;}">
                <Coords points="563,2726 1497,2735 1497,2693 1433,2679 563,2682"/>
                <Baseline points="569,2719 615,2719 661,2718 707,2718 753,2718 799,2718 845,2718 891,2718 937,2718 983,2718 1029,2718 1075,2718 1121,2718 1167,2718 1213,2718 1259,2718 1305,2718 1351,2718 1397,2718 1443,2718 1490,2717"/>
                <TextEquiv>
                    <Unicode>der Verein „Stille Bühne“ an hundert Menschen dazu,</Unicode>
                </TextEquiv>
            </TextLine>
            <TextLine id="r2l33" custom="readingOrder {index:32;}">
                <Coords points="558,2777 1508,2776 1508,2733 1419,2724 558,2731"/>
                <Baseline points="565,2769 611,2769 658,2768 705,2768 752,2768 799,2768 845,2768 892,2768 939,2768 986,2768 1033,2768 1079,2768 1126,2768 1173,2768 1220,2768 1267,2768 1313,2768 1360,2768 1407,2768 1454,2767 1501,2767"/>
                <TextEquiv>
                    <Unicode>Dinge anzuhören, die man im Festsaale nicht hören</Unicode>
                </TextEquiv>
            </TextLine>
            <TextLine id="r2l34" custom="readingOrder {index:33;}">
                <Coords points="565,2830 821,2838 898,2806 1038,2835 1495,2833 1509,2775 565,2788"/>
                <Baseline points="572,2818 618,2817 665,2817 711,2817 758,2817 804,2818 851,2818 897,2818 944,2818 990,2818 1037,2818 1084,2818 1130,2818 1177,2817 1223,2817 1270,2817 1316,2817 1363,2817 1409,2816 1456,2816 1503,2815"/>
                <TextEquiv>
                    <Unicode>will, wozu stellte er diese hundert Menschen drei</Unicode>
                </TextEquiv>
            </TextLine>
            <TextLine id="r2l35" custom="readingOrder {index:34;}">
                <Coords points="565,2872 1511,2875 1511,2831 1379,2823 565,2830"/>
                <Baseline points="572,2865 618,2866 665,2866 711,2866 758,2866 805,2866 851,2866 898,2866 944,2866 991,2866 1038,2866 1084,2866 1131,2866 1177,2866 1224,2866 1271,2866 1317,2866 1364,2866 1410,2866 1457,2866 1504,2866"/>
                <TextEquiv>
                    <Unicode>Stunden lang unter einen Druck, der die Augen zu</Unicode>
                </TextEquiv>
            </TextLine>
            <TextLine id="r2l36" custom="readingOrder {index:35;}">
                <Coords points="560,2925 1392,2938 1505,2915 1505,2874 560,2880"/>
                <Baseline points="567,2917 613,2916 660,2916 706,2915 753,2915 799,2915 846,2915 892,2915 939,2915 985,2915 1032,2915 1079,2915 1125,2915 1172,2915 1218,2915 1265,2915 1311,2915 1358,2915 1404,2915 1451,2914 1498,2914"/>
                <TextEquiv>
                    <Unicode>Boden zwang und lähmend auf jede Bewegung wirkte?</Unicode>
                </TextEquiv>
            </TextLine>
            <TextLine id="r2l37" custom="readingOrder {index:36;}">
                <Coords points="552,2987 1050,2959 1142,2988 1500,2977 1500,2923 552,2924"/>
                <Baseline points="559,2967 605,2965 652,2965 699,2964 745,2963 792,2963 839,2963 885,2963 932,2963 979,2964 1026,2964 1072,2964 1119,2965 1166,2965 1212,2965 1259,2965 1306,2965 1352,2965 1399,2965 1446,2964 1493,2964"/>
                <TextEquiv>
                    <Unicode>Mußte der Verein mit dem keuschen Namen durchaus</Unicode>
                </TextEquiv>
            </TextLine>
            <TextLine id="r2l38" custom="readingOrder {index:37;}">
                <Coords points="559,3052 876,3013 926,3036 992,3019 1029,3031 1029,2985 1001,2976 982,2988 921,2969 868,2986 559,2974"/>
                <Baseline points="566,3013 591,3014 616,3014 642,3014 667,3014 692,3014 718,3013 743,3013 768,3013 794,3012 819,3012 844,3012 870,3012 895,3012 920,3012 946,3013 971,3013 996,3014 1022,3015"/>
                <TextEquiv>
                    <Unicode>ein Sensatiönchen haben?</Unicode>
                </TextEquiv>
            </TextLine>
            <TextLine id="r2l39" custom="readingOrder {index:38;}">
                <Coords points="755,3056 912,3084 946,3065 1504,3082 1495,3010 1154,3034 1059,2989 968,3034 755,3033"/>
                <Baseline points="761,3062 797,3062 834,3062 871,3062 908,3062 944,3062 981,3063 1018,3063 1055,3063 1091,3064 1128,3064 1165,3064 1202,3065 1238,3065 1275,3065 1312,3064 1349,3064 1385,3064 1422,3063 1459,3063 1496,3062"/>
                <TextEquiv>
                    <Unicode>Kammermusiker Hugo Rüdel,</Unicode>
                </TextEquiv>
            </TextLine>
            <TextLine id="r2l40" custom="readingOrder {index:39;}">
                <Coords points="557,3122 1503,3121 1467,3072 557,3066"/>
                <Baseline points="563,3112 609,3112 656,3111 702,3111 749,3111 796,3111 842,3111 889,3111 936,3112 982,3112 1029,3112 1076,3112 1122,3112 1169,3112 1216,3113 1262,3113 1309,3113 1356,3112 1402,3112 1449,3112 1496,3111"/>
                <TextEquiv>
                    <Unicode>Chordirigent an der Berliner Hofoper, hat den ehren¬</Unicode>
                </TextEquiv>
            </TextLine>
            <TextLine id="r2l41" custom="readingOrder {index:40;}">
                <Coords points="564,3166 1394,3186 1506,3164 1506,3123 564,3126"/>
                <Baseline points="571,3161 617,3161 663,3161 710,3160 756,3160 802,3160 849,3160 895,3160 941,3161 988,3161 1034,3161 1080,3161 1127,3161 1173,3161 1219,3161 1266,3161 1312,3161 1358,3161 1405,3161 1451,3160 1498,3160"/>
                <TextEquiv>
                    <Unicode>vollen Antrag angenommen, künftig dei den Festspielen</Unicode>
                </TextEquiv>
            </TextLine>
            <TextLine id="r2l42" custom="readingOrder {index:41;}">
                <Coords points="574,3225 1505,3214 1505,3178 1457,3168 574,3177"/>
                <Baseline points="582,3210 627,3209 673,3209 719,3209 765,3209 811,3209 856,3209 902,3209 948,3209 994,3209 1040,3209 1085,3209 1131,3209 1177,3210 1223,3210 1269,3210 1314,3210 1360,3210 1406,3209 1452,3209 1498,3209"/>
                <TextEquiv>
                    <Unicode>in Bayreuth die Eiystudierung und Leitung der Chöre</Unicode>
                </TextEquiv>
            </TextLine>
            <TextEquiv>
                <Unicode>box 17/3
Reigen
Telephon 12801.
99
„OBSERVE
I. österr. behördl. konz. Unternehmen für Zeitungs-Aussohnitte
Wien, I., Concordiaplatz 4.
Vertretungen
in Berlin, Budapest, Chicago, Christiania, Genf, Kopenhagen,
London, Madrid, Mailand, Minneapolis, New-Vork, Paris, Rom,
San Francisco, Stockholm, St. Petersburg.
(Quellenangabe ohne Gewähr.)
Ausschnitt aus:
Frager Tagblatt
vom: 06
Schnitzlers“„Reigen“ wurde Donners¬
tag im Kreishdes Mkliner Vereins „Stille Bühne“
von Josef Giampietro zum Vortrag gebracht. Da¬
zu bemerkt das „Berl. Tagbl.“: Bei aller Bewunderung,
die man für Schnitzlers graziöse Erzählungskunst, für
seinen ferühenden Geist zu hegen vermag, muß man
sich doch fragen, ob es richtig war, gerabe den „Reigen
vor einem zahlreichen und offensichtlich nicht nach lite¬
rarischen Gesichtspunkten durchgesiebten Publikum, das
in Frack und Ballkleidern erschienen war, verlesen zu
lassen. Diese zehn Dialoge behandeln mit einer über
viele Grenzen hinausgehenden Deutlichkeit' und ohne
den geringsten Versuch einer Verhüllung ein Thema,
über das wohl in keiner Klasse der menschlichen Gesell¬
schaft laut gesprochen wird, wenn Männer und Frauen
in größerer Anzahl beieinander weilen. Wozu verleitete
der Verein „Stille Bühne“ an hundert Menschen dazu,
Dinge anzuhören, die man im Festsaale nicht hören
will, wozu stellte er diese hundert Menschen drei
Stunden lang unter einen Druck, der die Augen zu
Boden zwang und lähmend auf jede Bewegung wirkte?
Mußte der Verein mit dem keuschen Namen durchaus
ein Sensatiönchen haben?
Kammermusiker Hugo Rüdel,
Chordirigent an der Berliner Hofoper, hat den ehren¬
vollen Antrag angenommen, künftig dei den Festspielen
in Bayreuth die Eiystudierung und Leitung der Chöre</Unicode>
            </TextEquiv>
        </TextRegion>
        <TextRegion orientation="0.0" id="r3" custom="readingOrder {index:2;}">
            <Coords points="1878,421 1878,3399 3120,3399 3120,421"/>
            <TextLine id="r3l1" custom="readingOrder {index:0;}">
                <Coords points="2672,469 2828,477 2850,491 2962,478 3011,489 3013,436 2976,415 2899,409 2844,423 2725,400 2674,413"/>
                <Baseline points="2680,446 2705,449 2730,451 2755,453 2780,453 2805,454 2830,455 2855,455 2880,456 2905,456 2930,457 2955,458 2980,459 3006,461"/>
                <TextEquiv>
                    <Unicode>Telephon 12801.</Unicode>
                </TextEquiv>
            </TextLine>
            <TextLine id="r3l2" custom="readingOrder {index:1;}">
                <Coords points="2742,576 2752,575 2774,550 2814,560 2846,554 2839,501 2829,500 2814,507 2796,500 2780,507 2769,501 2762,503 2748,492 2731,495"/>
                <Baseline points="2746,556 2776,549 2807,545 2838,544"/>
                <TextEquiv>
                    <Unicode>D5</Unicode>
                </TextEquiv>
            </TextLine>
            <TextLine id="r3l3" custom="readingOrder {index:2;}">
                <Coords points="2130,596 2411,581 2450,601 2559,590 2695,610 2708,502 2239,472 2174,518 2131,519"/>
                <Baseline points="2137,580 2165,579 2193,578 2221,577 2249,577 2277,577 2305,577 2333,577 2361,578 2389,578 2418,579 2446,580 2474,581 2502,582 2530,582 2558,583 2586,584 2614,584 2642,584 2670,584 2699,584"/>
                <TextEquiv>
                    <Unicode>„OBSERVE</Unicode>
                </TextEquiv>
            </TextLine>
            <TextLine id="r3l4" custom="readingOrder {index:3;}">
                <Coords points="1956,633 2888,673 3013,661 3014,624 2196,580 1956,601"/>
                <Baseline points="1963,630 2015,630 2067,630 2119,630 2171,630 2223,631 2275,632 2328,634 2380,635 2432,636 2484,638 2536,640 2588,642 2640,644 2693,645 2745,647 2797,648 2849,650 2901,651 2953,652 3006,653"/>
                <TextEquiv>
                    <Unicode>I. österr. behördt. konz. Unternehmen für Zeitungs-Ausschnitte</Unicode>
                </TextEquiv>
            </TextLine>
            <TextLine id="r3l5" custom="readingOrder {index:4;}">
                <Coords points="2136,700 2813,725 2851,718 2852,670 2660,659 2631,678 2574,650 2464,670 2419,649 2296,671 2137,649"/>
                <Baseline points="2143,694 2178,694 2213,695 2248,695 2283,696 2318,697 2353,698 2388,699 2423,700 2458,701 2493,702 2528,703 2563,704 2598,706 2633,707 2668,708 2703,709 2738,710 2773,711 2808,712 2844,712"/>
                <TextEquiv>
                    <Unicode>Wien, I., Concordiaplatz 4.</Unicode>
                </TextEquiv>
            </TextLine>
            <TextLine id="r3l6" custom="readingOrder {index:5;}">
                <Coords points="2357,767 2412,765 2450,777 2473,768 2630,777 2632,737 2572,712 2539,725 2522,713 2490,712 2449,724 2359,723"/>
                <Baseline points="2364,755 2390,756 2416,756 2442,758 2468,759 2494,760 2520,761 2546,763 2572,764 2598,764 2624,764"/>
                <TextEquiv>
                    <Unicode>Vertretungen</Unicode>
                </TextEquiv>
            </TextLine>
            <TextLine id="r3l7" custom="readingOrder {index:6;}">
                <Coords points="1957,805 3013,838 3014,807 2913,780 1959,752"/>
                <Baseline points="1965,799 2017,799 2069,799 2121,799 2173,800 2225,801 2277,802 2329,803 2381,804 2433,806 2485,807 2537,809 2589,811 2641,813 2693,814 2745,816 2797,818 2849,820 2901,822 2953,823 3006,825"/>
                <TextEquiv>
                    <Unicode>in Berlin, Budapest, Chicago, Christiania, Genf, Kopenhagen,</Unicode>
                </TextEquiv>
            </TextLine>
            <TextLine id="r3l8" custom="readingOrder {index:7;}">
                <Coords points="1959,850 2700,850 2899,882 3011,870 3012,839 1960,803"/>
                <Baseline points="1966,838 2017,838 2069,838 2121,838 2173,838 2225,839 2277,840 2329,841 2381,842 2433,844 2485,845 2536,847 2588,849 2640,851 2692,852 2744,855 2796,857 2848,858 2900,860 2952,862 3004,863"/>
                <TextEquiv>
                    <Unicode>London, Madrid, Mailand, Minneapolis, New-Vork, Paris, Rom,</Unicode>
                </TextEquiv>
            </TextLine>
            <TextLine id="r3l9" custom="readingOrder {index:8;}">
                <Coords points="2107,877 2613,892 2683,917 2863,905 2864,881 2831,860 2108,843"/>
                <Baseline points="2114,875 2151,876 2188,876 2225,877 2262,878 2299,878 2336,879 2373,880 2410,881 2447,882 2485,883 2522,885 2559,886 2596,888 2633,889 2670,890 2707,891 2744,893 2781,894 2818,895 2856,896"/>
                <TextEquiv>
                    <Unicode>San Francisco, Stockfiolm, St. Petersburg.</Unicode>
                </TextEquiv>
            </TextLine>
            <TextLine id="r3l10" custom="readingOrder {index:9;}">
                <Coords points="2297,925 2465,944 2485,926 2598,954 2637,932 2683,944 2684,901 2672,899 2491,905 2456,892 2298,890"/>
                <Baseline points="2304,919 2330,919 2357,920 2383,920 2410,921 2436,921 2463,922 2490,923 2516,924 2543,925 2569,925 2596,927 2622,927 2649,928 2676,930"/>
                <TextEquiv>
                    <Unicode>(Quellenangabe ohne Gewähr.)</Unicode>
                </TextEquiv>
            </TextLine>
            <TextLine id="r3l11" custom="readingOrder {index:10;}">
                <Coords points="1956,1013 2026,1000 2187,1013 2217,1001 2251,1027 2347,1001 2348,963 2337,960 2273,966 2190,945 2139,958 2121,946 2075,959 2054,948 1958,951"/>
                <Baseline points="1963,994 1988,993 2013,993 2038,993 2063,993 2088,993 2113,994 2138,994 2164,995 2189,996 2214,997 2239,999 2264,1000 2289,1002 2314,1003 2340,1006"/>
                <TextEquiv>
                    <Unicode>Ausschnitt aus:</Unicode>
                </TextEquiv>
            </TextLine>
            <TextLine id="r3l12" custom="readingOrder {index:11;}">
                <Coords points="2386,1027 2464,1054 2697,1057 2800,1101 2865,1079 2900,1101 2990,1088 3071,1118 3085,1032 2393,957"/>
                <Baseline points="2393,1027 2426,1029 2460,1032 2494,1035 2528,1038 2562,1041 2596,1043 2630,1047 2664,1049 2698,1053 2732,1056 2765,1059 2799,1062 2833,1067 2867,1070 2901,1074 2935,1078 2969,1081 3003,1085 3037,1090 3071,1094"/>
                <TextEquiv>
                    <Unicode>Algemeine Zeitung, Mögchen</Unicode>
                </TextEquiv>
            </TextLine>
            <TextLine id="r3l13" custom="readingOrder {index:12;}">
                <Coords points="1959,1103 1981,1105 1990,1101 1998,1106 2010,1103 2064,1107 2086,1104 2088,1067 2072,1066 2060,1054 2041,1061 2027,1056 2017,1065 2012,1062 1997,1066 1982,1057 1961,1060"/>
                <Baseline points="1966,1097 1994,1099 2023,1101 2051,1102 2080,1101"/>
                <TextEquiv>
                    <Unicode>vom:</Unicode>
                </TextEquiv>
            </TextLine>
            <TextLine id="r3l14" custom="readingOrder {index:13;}">
                <Coords points="2226,1107 2245,1105 2254,1112 2310,1118 2327,1138 2352,1147 2368,1145 2376,1045 2337,1038 2318,1048 2290,1038 2283,1042 2271,1032 2232,1035"/>
                <Baseline points="2233,1102 2259,1104 2285,1107 2311,1109 2337,1111 2363,1112"/>
                <TextEquiv>
                    <Unicode>20.10</Unicode>
                </TextEquiv>
            </TextLine>
            <TextLine id="r3l15" custom="readingOrder {index:14;}">
                <Coords points="2442,1140 2632,1138 2657,1123 2684,1136 2710,1133 2709,1060 2648,1052 2631,1060 2618,1051 2585,1075 2538,1083 2519,1100 2441,1089"/>
                <Baseline points="2449,1126 2474,1127 2500,1127 2525,1126 2551,1126 2576,1125 2602,1123 2627,1123 2653,1122 2678,1121 2704,1121"/>
                <TextEquiv>
                    <Unicode> 905</Unicode>
                </TextEquiv>
            </TextLine>
            <TextLine id="r3l16" custom="readingOrder {index:15;}">
                <Coords points="2229,1138 2247,1137 2262,1144 2271,1140 2280,1144 2287,1141 2312,1141 2314,1112 2303,1112 2296,1108 2284,1114 2280,1111 2256,1112 2245,1106 2231,1107"/>
                <Baseline points="2236,1127 2271,1129 2306,1131"/>
                <TextEquiv>
                    <Unicode>K</Unicode>
                </TextEquiv>
            </TextLine>
            <TextLine id="r3l17" custom="readingOrder {index:16;}">
                <Coords points="1980,1166 2866,1187 2991,1181 3020,1125 2816,1097 2624,1149 1980,1143"/>
                <Baseline points="1987,1167 2038,1168 2089,1169 2140,1170 2192,1171 2243,1171 2294,1171 2346,1172 2397,1172 2448,1172 2500,1172 2551,1171 2602,1171 2653,1171 2705,1171 2756,1171 2807,1171 2859,1171 2910,1171 2961,1172 3013,1173"/>
                <TextEquiv>
                    <Unicode>* Eine Vorlesung von Schnitzlers „Reigen“. Im Ver¬</Unicode>
                </TextEquiv>
            </TextLine>
            <TextLine id="r3l18" custom="readingOrder {index:17;}">
                <Coords points="1871,1236 2274,1200 2313,1231 3016,1226 2999,1175 1871,1162"/>
                <Baseline points="1878,1220 1934,1219 1991,1218 2047,1216 2104,1216 2161,1215 2217,1215 2274,1214 2330,1214 2387,1214 2444,1214 2500,1214 2557,1214 2613,1214 2670,1214 2727,1214 2783,1214 2840,1215 2896,1215 2953,1214 3010,1214"/>
                <TextEquiv>
                    <Unicode>ein „Stille Bühne“ in Be#oseph Giampietro</Unicode>
                </TextEquiv>
            </TextLine>
            <TextLine id="r3l19" custom="readingOrder {index:18;}">
                <Coords points="1889,1269 3022,1275 3022,1224 1889,1232"/>
                <Baseline points="1895,1261 1953,1261 2012,1260 2071,1259 2130,1258 2189,1258 2248,1257 2307,1257 2366,1257 2425,1257 2483,1257 2542,1257 2601,1257 2660,1257 2719,1257 2778,1257 2837,1258 2896,1258 2955,1259 3014,1259"/>
                <TextEquiv>
                    <Unicode>Scnitzlers für die Oeffentlichkeit verbotene Dichtung</Unicode>
                </TextEquiv>
            </TextLine>
            <TextLine id="r3l20" custom="readingOrder {index:19;}">
                <Coords points="1910,1310 3030,1312 3030,1263 1910,1270"/>
                <Baseline points="1917,1303 1972,1302 2027,1302 2082,1301 2138,1300 2193,1300 2248,1300 2304,1299 2359,1299 2414,1299 2470,1299 2525,1299 2580,1299 2635,1299 2691,1299 2746,1299 2801,1300 2857,1300 2912,1300 2967,1300 3023,1301"/>
                <TextEquiv>
                    <Unicode>Reigen“ vor. Obwohl das geladene Publikum auf die</Unicode>
                </TextEquiv>
            </TextLine>
            <TextLine id="r3l21" custom="readingOrder {index:20;}">
                <Coords points="1892,1360 2861,1362 3018,1347 3018,1308 1892,1313"/>
                <Baseline points="1899,1347 1954,1345 2010,1344 2065,1343 2121,1343 2177,1342 2232,1342 2288,1341 2343,1341 2399,1341 2455,1341 2510,1341 2566,1342 2621,1342 2677,1342 2733,1342 2788,1342 2844,1342 2899,1342 2955,1342 3011,1341"/>
                <TextEquiv>
                    <Unicode>stärkste Kost vorbereitet war, machte die Vorlesung, da Giam¬</Unicode>
                </TextEquiv>
            </TextLine>
            <TextLine id="r3l22" custom="readingOrder {index:21;}">
                <Coords points="1898,1397 2617,1376 2831,1407 3015,1391 3015,1353 1897,1359"/>
                <Baseline points="1905,1387 1960,1387 2015,1387 2070,1386 2125,1386 2180,1386 2235,1386 2291,1385 2346,1385 2401,1385 2456,1384 2511,1384 2566,1384 2621,1384 2677,1384 2732,1384 2787,1384 2842,1385 2897,1385 2952,1386 3008,1387"/>
                <TextEquiv>
                    <Unicode>pietro sich befleißigte, die heikelsten Stellen mit großem</Unicode>
                </TextEquiv>
            </TextLine>
            <TextLine id="r3l23" custom="readingOrder {index:22;}">
                <Coords points="1896,1438 3012,1436 3012,1390 1896,1398"/>
                <Baseline points="1903,1430 1958,1430 2013,1429 2068,1429 2123,1428 2178,1428 2233,1428 2288,1427 2343,1427 2398,1426 2454,1426 2509,1425 2564,1425 2619,1425 2674,1425 2729,1425 2784,1426 2839,1426 2894,1427 2949,1428 3005,1429"/>
                <TextEquiv>
                    <Unicode>Raffinement zu unterstreichen, derart peinlichen Eindruck,</Unicode>
                </TextEquiv>
            </TextLine>
            <TextLine id="r3l24" custom="readingOrder {index:23;}">
                <Coords points="1903,1483 3006,1481 3006,1436 1903,1444"/>
                <Baseline points="1910,1474 1964,1473 2018,1472 2073,1471 2127,1471 2182,1470 2236,1469 2291,1469 2345,1469 2400,1468 2454,1468 2508,1468 2563,1467 2617,1467 2672,1467 2726,1467 2781,1467 2835,1467 2890,1468 2944,1468 2999,1468"/>
                <TextEquiv>
                    <Unicode>daß ein großer Teil des gewiß nicht prüden Auditoriums</Unicode>
                </TextEquiv>
            </TextLine>
            <TextLine id="r3l25" custom="readingOrder {index:24;}">
                <Coords points="1888,1523 3019,1520 3019,1480 2975,1473 1888,1477"/>
                <Baseline points="1895,1516 1950,1515 2006,1514 2062,1514 2118,1513 2174,1512 2230,1512 2285,1511 2341,1511 2397,1511 2453,1511 2509,1510 2565,1510 2621,1510 2676,1510 2732,1510 2788,1511 2844,1511 2900,1511 2956,1511 3012,1512"/>
                <TextEquiv>
                    <Unicode>beiderlei Geschlechtes mitten in der Vorlesung schamhaft den</Unicode>
                </TextEquiv>
            </TextLine>
            <TextLine id="r3l26" custom="readingOrder {index:25;}">
                <Coords points="2138,1560 2649,1570 2796,1542 2853,1576 3021,1554 3021,1520 2137,1533"/>
                <Baseline points="2144,1559 2187,1557 2231,1556 2274,1555 2318,1554 2361,1553 2405,1553 2448,1553 2492,1553 2535,1553 2579,1553 2622,1553 2666,1554 2709,1554 2753,1554 2796,1554 2840,1554 2883,1554 2927,1553 2970,1553 3014,1552"/>
                <TextEquiv>
                    <Unicode>— In München ist der „Reigen“ sogar auf¬</Unicode>
                </TextEquiv>
            </TextLine>
            <TextLine id="r3l27" custom="readingOrder {index:26;}">
                <Coords points="1891,1568 1908,1572 1997,1556 2065,1571 2081,1561 2103,1570 2136,1561 2135,1532 2111,1518 2095,1524 2063,1513 2023,1527 1999,1516 1961,1527 1949,1520 1890,1522"/>
                <Baseline points="1898,1560 1923,1559 1949,1557 1974,1557 2000,1556 2025,1555 2051,1555 2076,1555 2102,1555 2128,1556"/>
                <TextEquiv>
                    <Unicode>Saal verließ.</Unicode>
                </TextEquiv>
            </TextLine>
            <TextLine id="r3l28" custom="readingOrder {index:27;}">
                <Coords points="1888,1628 3013,1634 3012,1566 2964,1557 1888,1566"/>
                <Baseline points="1895,1605 1950,1604 2006,1603 2061,1602 2117,1601 2172,1600 2228,1599 2283,1599 2339,1598 2394,1598 2450,1597 2506,1597 2561,1597 2617,1597 2672,1597 2728,1597 2783,1597 2839,1597 2894,1597 2950,1597 3006,1598"/>
                <TextEquiv>
                    <Unicode>geführt worden. Die allerdings nicht öffentliche Auffüh¬</Unicode>
                </TextEquiv>
            </TextLine>
            <TextLine id="r3l29" custom="readingOrder {index:28;}">
                <Coords points="1921,1684 3043,1669 3042,1630 2961,1621 1920,1624"/>
                <Baseline points="1928,1676 1983,1676 2038,1676 2094,1676 2149,1675 2205,1675 2260,1674 2315,1673 2371,1672 2426,1671 2482,1670 2537,1669 2592,1669 2648,1668 2703,1667 2759,1667 2814,1667 2869,1667 2925,1667 2980,1668 3036,1668"/>
                <TextEquiv>
                    <Unicode>rung dieses skandalösen Stückes hat bekanntlich zur Auf¬</Unicode>
                </TextEquiv>
            </TextLine>
            <TextLine id="r3l30" custom="readingOrder {index:29;}">
                <Coords points="1915,1730 2733,1712 2901,1738 2900,1689 2850,1668 1914,1682"/>
                <Baseline points="1922,1720 1970,1721 2019,1721 2067,1721 2116,1721 2164,1720 2213,1719 2261,1719 2310,1718 2358,1716 2407,1716 2456,1715 2504,1714 2553,1713 2601,1712 2650,1711 2698,1711 2747,1711 2795,1711 2844,1712 2893,1713"/>
                <TextEquiv>
                    <Unicode>lösung des (Akademisch=dramatischen Vereins geführt.</Unicode>
                </TextEquiv>
            </TextLine>
            <TextLine id="r3l31" custom="readingOrder {index:30;}">
                <Coords points="2715,2341 2860,2349 2940,2338 3032,2349 3044,2344 3044,2271 3000,2274 2973,2262 2930,2280 2857,2268 2808,2281 2715,2275"/>
                <Baseline points="2722,2316 2748,2318 2774,2318 2800,2318 2827,2318 2853,2318 2879,2318 2905,2317 2932,2317 2958,2316 2984,2317 3010,2317 3037,2318"/>
                <TextEquiv>
                    <Unicode>Telephon 12801.</Unicode>
                </TextEquiv>
            </TextLine>
            <TextLine id="r3l32" custom="readingOrder {index:31;}">
                <Coords points="2844,2441 2852,2438 2853,2440 2858,2434 2864,2434 2867,2429 2877,2428 2885,2424 2871,2354 2854,2357 2851,2362 2840,2357 2835,2364 2828,2365"/>
                <Baseline points="2845,2415 2875,2409"/>
                <TextEquiv>
                    <Unicode>91</Unicode>
                </TextEquiv>
            </TextLine>
            <TextLine id="r3l33" custom="readingOrder {index:32;}">
                <Coords points="2224,2484 2391,2470 2416,2485 2446,2468 2591,2486 2678,2456 2729,2477 2736,2368 2654,2369 2605,2348 2534,2379 2489,2357 2391,2388 2360,2367 2275,2363 2222,2383"/>
                <Baseline points="2231,2467 2256,2466 2281,2466 2306,2465 2331,2465 2356,2464 2381,2463 2406,2463 2431,2463 2456,2462 2481,2461 2506,2461 2531,2461 2556,2460 2581,2460 2606,2459 2631,2458 2656,2457 2681,2456 2706,2455 2731,2454"/>
                <TextEquiv>
                    <Unicode>OBSERVE</Unicode>
                </TextEquiv>
            </TextLine>
            <TextLine id="r3l34" custom="readingOrder {index:33;}">
                <Coords points="2016,2547 3080,2519 3079,2478 3012,2459 2015,2496"/>
                <Baseline points="2023,2531 2075,2528 2127,2526 2180,2524 2232,2523 2285,2521 2337,2520 2390,2519 2442,2518 2495,2517 2547,2516 2599,2516 2652,2515 2704,2515 2757,2514 2809,2514 2862,2514 2914,2513 2967,2513 3019,2512 3072,2511"/>
                <TextEquiv>
                    <Unicode>I. österr. behördl konz. Unternehmen für Zeitungs-Ausschnitte</Unicode>
                </TextEquiv>
            </TextLine>
            <TextLine id="r3l35" custom="readingOrder {index:34;}">
                <Coords points="2190,2594 2900,2592 2899,2544 2866,2532 2704,2547 2635,2527 2565,2548 2521,2525 2338,2560 2189,2537"/>
                <Baseline points="2197,2588 2231,2588 2266,2587 2301,2586 2336,2586 2370,2585 2405,2584 2440,2584 2475,2583 2509,2582 2544,2582 2579,2581 2614,2580 2648,2580 2683,2579 2718,2579 2753,2578 2787,2578 2822,2578 2857,2578 2892,2578"/>
                <TextEquiv>
                    <Unicode>Wien, I., Concordiaplatz 4.</Unicode>
                </TextEquiv>
            </TextLine>
            <TextLine id="r3l36" custom="readingOrder {index:35;}">
                <Coords points="2406,2650 2480,2650 2490,2659 2504,2647 2541,2644 2568,2653 2590,2646 2609,2657 2694,2630 2693,2597 2670,2595 2627,2614 2549,2604 2474,2606 2458,2615 2406,2609"/>
                <Baseline points="2413,2641 2440,2641 2467,2640 2495,2640 2522,2639 2550,2639 2577,2638 2604,2638 2632,2638 2659,2637 2687,2637"/>
                <TextEquiv>
                    <Unicode>Vertretungen</Unicode>
                </TextEquiv>
            </TextLine>
            <TextLine id="r3l37" custom="readingOrder {index:36;}">
                <Coords points="2012,2704 3078,2703 3078,2644 2011,2664"/>
                <Baseline points="2019,2698 2071,2697 2124,2695 2176,2694 2229,2693 2282,2692 2334,2690 2387,2689 2439,2688 2492,2687 2545,2686 2597,2686 2650,2685 2702,2684 2755,2684 2808,2683 2860,2683 2913,2683 2965,2683 3018,2683 3071,2683"/>
                <TextEquiv>
                    <Unicode>in Berlin, Budapest, Chicago, Christiania, Genf, Kopenhagen,</Unicode>
                </TextEquiv>
            </TextLine>
            <TextLine id="r3l38" custom="readingOrder {index:37;}">
                <Coords points="2033,2745 3065,2731 3064,2690 2985,2685 2032,2704"/>
                <Baseline points="2039,2738 2089,2736 2140,2735 2191,2732 2242,2731 2293,2730 2344,2728 2395,2727 2446,2726 2497,2725 2548,2724 2598,2724 2649,2723 2700,2723 2751,2722 2802,2722 2853,2722 2904,2721 2955,2721 3006,2721 3057,2721"/>
                <TextEquiv>
                    <Unicode>London, Madrid, Mailand, Minneapolis. New-York. Paris, Rom,</Unicode>
                </TextEquiv>
            </TextLine>
            <TextLine id="r3l39" custom="readingOrder {index:38;}">
                <Coords points="2172,2792 2592,2768 2617,2787 2737,2759 2784,2786 2819,2767 2924,2782 2923,2742 2872,2722 2171,2738"/>
                <Baseline points="2179,2770 2215,2770 2252,2769 2289,2768 2326,2767 2363,2767 2400,2766 2437,2765 2474,2765 2511,2764 2548,2763 2584,2763 2621,2763 2658,2762 2695,2762 2732,2761 2769,2761 2806,2761 2843,2760 2880,2760 2917,2760"/>
                <TextEquiv>
                    <Unicode>San Francisco, Stockholm, St. Petersburg.</Unicode>
                </TextEquiv>
            </TextLine>
            <TextLine id="r3l40" custom="readingOrder {index:39;}">
                <Coords points="2360,2821 2473,2811 2527,2827 2558,2810 2628,2803 2695,2823 2732,2815 2731,2771 2689,2765 2505,2785 2359,2773"/>
                <Baseline points="2367,2804 2392,2805 2418,2805 2443,2804 2469,2804 2494,2803 2520,2803 2546,2802 2571,2801 2597,2801 2622,2800 2648,2800 2673,2799 2699,2799 2725,2799"/>
                <TextEquiv>
                    <Unicode>(Quellenangabe ohne Gewuhr)</Unicode>
                </TextEquiv>
            </TextLine>
            <TextLine id="r3l41" custom="readingOrder {index:40;}">
                <Coords points="2021,2902 2091,2911 2105,2899 2131,2910 2182,2895 2208,2908 2244,2895 2409,2898 2408,2860 2341,2858 2306,2839 2219,2834 2181,2849 2164,2839 2145,2859 2112,2861 2020,2844"/>
                <Baseline points="2028,2894 2054,2893 2081,2893 2108,2892 2134,2891 2161,2890 2188,2889 2215,2889 2241,2889 2268,2888 2295,2888 2321,2889 2348,2889 2375,2889 2402,2890"/>
                <TextEquiv>
                    <Unicode>Ausschnitt aus:</Unicode>
                </TextEquiv>
            </TextLine>
            <TextLine id="r3l42" custom="readingOrder {index:41;}">
                <Coords points="2313,2972 2507,2992 2633,2973 2691,3011 2765,2975 2899,3014 2929,2989 3084,2978 3085,2917 2864,2926 2775,2903 2693,2930 2603,2897 2400,2922 2314,2902"/>
                <Baseline points="2321,2964 2358,2965 2396,2967 2434,2968 2472,2970 2509,2971 2547,2972 2585,2973 2623,2974 2660,2975 2698,2976 2736,2976 2774,2977 2811,2977 2849,2978 2887,2978 2925,2978 2962,2978 3000,2978 3038,2978 3076,2978"/>
                <TextEquiv>
                    <Unicode>Neues Wiener Tagblatt</Unicode>
                </TextEquiv>
            </TextLine>
            <TextLine id="r3l43" custom="readingOrder {index:42;}">
                <Coords points="2024,3002 2037,3005 2082,2998 2150,3001 2150,2960 2133,2957 2127,2961 2114,2951 2103,2950 2086,2956 2078,2949 2069,2949 2054,2957 2039,2957 2032,2950 2024,2950"/>
                <Baseline points="2031,2998 2059,2996 2087,2995 2115,2996 2143,2998"/>
                <TextEquiv>
                    <Unicode>vom:</Unicode>
                </TextEquiv>
            </TextLine>
            <TextLine id="r3l44" custom="readingOrder {index:43;}">
                <Coords points="2235,3095 3118,3125 3120,3066 2755,3069 2704,3026 2602,3022 2236,3041"/>
                <Baseline points="2242,3087 2285,3088 2329,3089 2372,3089 2416,3090 2459,3091 2503,3093 2546,3094 2590,3095 2633,3097 2677,3098 2720,3099 2764,3100 2807,3101 2851,3103 2894,3104 2938,3105 2981,3106 3025,3107 3068,3108 3112,3109"/>
                <TextEquiv>
                    <Unicode>Aus Berlin wird uns beri Let: In einer vom</Unicode>
                </TextEquiv>
            </TextLine>
            <TextLine id="r3l45" custom="readingOrder {index:44;}">
                <Coords points="2116,3134 3038,3169 3126,3160 3128,3103 3071,3127 2117,3081"/>
                <Baseline points="2122,3133 2171,3134 2221,3135 2271,3136 2321,3137 2371,3138 2421,3139 2471,3140 2521,3141 2571,3142 2621,3144 2670,3145 2720,3146 2770,3147 2820,3149 2870,3150 2920,3152 2970,3153 3020,3155 3070,3156 3120,3158"/>
                <TextEquiv>
                    <Unicode>Vereine „Stille Bühne“ veranstalteten Vorlesung, für die ein</Unicode>
                </TextEquiv>
            </TextLine>
            <TextLine id="r3l46" custom="readingOrder {index:45;}">
                <Coords points="2119,3191 3103,3214 3122,3159 2120,3139"/>
                <Baseline points="2127,3180 2176,3181 2225,3182 2275,3184 2324,3185 2373,3186 2423,3187 2472,3188 2521,3189 2571,3190 2620,3191 2669,3193 2719,3194 2768,3195 2817,3196 2867,3197 2916,3198 2965,3199 3015,3200 3064,3201 3114,3203"/>
                <TextEquiv>
                    <Unicode>öffentlicher Kartenverlauf untersagt war, las Hero</Unicode>
                </TextEquiv>
            </TextLine>
            <TextLine id="r3l47" custom="readingOrder {index:46;}">
                <Coords points="2123,3233 3084,3267 3126,3257 3128,3203 2124,3187"/>
                <Baseline points="2130,3225 2179,3227 2229,3230 2278,3231 2328,3232 2377,3234 2427,3235 2476,3236 2526,3236 2575,3237 2625,3238 2674,3238 2724,3239 2773,3240 2823,3241 2872,3242 2922,3244 2971,3246 3021,3248 3070,3250 3120,3253"/>
                <TextEquiv>
                    <Unicode>Gsampictro Schnitzlrs „Reigen“ vor. Die Wirk####</Unicode>
                </TextEquiv>
            </TextLine>
            <TextLine id="r3l48" custom="readingOrder {index:47;}">
                <Coords points="2121,3285 3073,3312 3109,3271 2122,3233"/>
                <Baseline points="2128,3273 2176,3275 2225,3276 2273,3277 2322,3278 2371,3279 2419,3280 2468,3280 2517,3281 2565,3282 2614,3282 2663,3283 2711,3284 2760,3285 2809,3286 2857,3288 2906,3289 2955,3292 3003,3294 3052,3297 3101,3300"/>
                <TextEquiv>
                    <Unicode>war verschiedenartig. Ein Teil des Publikums wurde</Unicode>
                </TextEquiv>
            </TextLine>
            <TextLine id="r3l49" custom="readingOrder {index:48;}">
                <Coords points="2124,3333 3121,3370 3122,3305 2125,3287"/>
                <Baseline points="2132,3325 2181,3325 2230,3325 2279,3326 2328,3326 2377,3327 2426,3327 2475,3328 2524,3329 2573,3330 2623,3331 2672,3333 2721,3334 2770,3336 2819,3337 2868,3339 2917,3340 2966,3342 3015,3344 3064,3346 3114,3348"/>
                <TextEquiv>
                    <Unicode>fesselt, ein anderer hörte nur die Zote heraus und viel¬</Unicode>
                </TextEquiv>
            </TextLine>
            <TextLine id="r3l50" custom="readingOrder {index:49;}">
                <Coords points="2107,3393 2767,3404 2767,3356 2734,3344 2108,3340"/>
                <Baseline points="2114,3374 2146,3375 2178,3376 2210,3377 2243,3377 2275,3378 2307,3378 2340,3378 2372,3378 2404,3378 2437,3379 2469,3379 2501,3379 2533,3379 2566,3380 2598,3380 2630,3381 2663,3382 2695,3384 2727,3385 2760,3387"/>
                <TextEquiv>
                    <Unicode>Zuhörer verließen entrüliet den Saal,</Unicode>
                </TextEquiv>
            </TextLine>
            <TextEquiv>
                <Unicode>Telephon 12801.
D5
„OBSERVE
I. österr. behördt. konz. Unternehmen für Zeitungs-Ausschnitte
Wien, I., Concordiaplatz 4.
Vertretungen
in Berlin, Budapest, Chicago, Christiania, Genf, Kopenhagen,
London, Madrid, Mailand, Minneapolis, New-Vork, Paris, Rom,
San Francisco, Stockfiolm, St. Petersburg.
(Quellenangabe ohne Gewähr.)
Ausschnitt aus:
Algemeine Zeitung, Mögchen
vom:
20.10
 905
K
* Eine Vorlesung von Schnitzlers „Reigen“. Im Ver¬
ein „Stille Bühne“ in Be#oseph Giampietro
Scnitzlers für die Oeffentlichkeit verbotene Dichtung
Reigen“ vor. Obwohl das geladene Publikum auf die
stärkste Kost vorbereitet war, machte die Vorlesung, da Giam¬
pietro sich befleißigte, die heikelsten Stellen mit großem
Raffinement zu unterstreichen, derart peinlichen Eindruck,
daß ein großer Teil des gewiß nicht prüden Auditoriums
beiderlei Geschlechtes mitten in der Vorlesung schamhaft den
— In München ist der „Reigen“ sogar auf¬
Saal verließ.
geführt worden. Die allerdings nicht öffentliche Auffüh¬
rung dieses skandalösen Stückes hat bekanntlich zur Auf¬
lösung des (Akademisch=dramatischen Vereins geführt.
Telephon 12801.
91
OBSERVE
I. österr. behördl konz. Unternehmen für Zeitungs-Ausschnitte
Wien, I., Concordiaplatz 4.
Vertretungen
in Berlin, Budapest, Chicago, Christiania, Genf, Kopenhagen,
London, Madrid, Mailand, Minneapolis. New-York. Paris, Rom,
San Francisco, Stockholm, St. Petersburg.
(Quellenangabe ohne Gewuhr)
Ausschnitt aus:
Neues Wiener Tagblatt
vom:
Aus Berlin wird uns beri Let: In einer vom
Vereine „Stille Bühne“ veranstalteten Vorlesung, für die ein
öffentlicher Kartenverlauf untersagt war, las Hero
Gsampictro Schnitzlrs „Reigen“ vor. Die Wirk####
war verschiedenartig. Ein Teil des Publikums wurde
fesselt, ein anderer hörte nur die Zote heraus und viel¬
Zuhörer verließen entrüliet den Saal,</Unicode>
            </TextEquiv>
        </TextRegion>
    </Page>
</PcGts>
