3336 4448
98 714 372 832 130
198 817 622 907 Wien, Donnerstag
1008 831 1575 940 Wiener Stimmen
1921 866 2306 963 17. Februar 1921
2692 885 2898 977 Nr. 38
31 938 2713 1229 beiter und Angestellte, Achtung!
20 1138 2974 1390 nd 20. Februar Kammerwahl! Alle müssen wählen!
41 1352 514 1465 gen“=Auf¬
634 1361 2974 1499 höhnung der sittlichen Empfindungen aller anständigen nationale wie christliche, entschlossen, aufgestachelt von
642 1411 1795 1515 Menschen. Wohlan, die Wiener christliche Jugend hat
1814 1452 2962 1541 allen mitverwirkten Nöten ihres Daseins auch ihrer
56 1444 571 1556 eingestellt!
648 1468 1789 1559 getan, was einbekanntermaßen in einem viel belangloseren
1813 1502 2961 1594 Empörung über die Würdelosigkeit des „Deutschen
646 1517 1795 1635 Falle Juden sogar gegen Nationsgenossen zu tun nicht
27 1525 594 1621 er christlichen Jugend.
1806 1555 2968 1668 Volkstheaters“ öffentlich Ausdruck zu geben.
642 1569 978 1660 zögern würden.
42 1588 627 1680 „Reigen“=Aufführungen bis
1904 1602 2766 1687 Für die deutsch=arischen Unternehmungen:
32 1652 623 1734 is zur Entscheidung des Ver¬
1944 1651 2897 1754 Prof. Dr. Heinz Julius Tomaseth e. h.“
31 1707 626 1799 Verhinderung einer Wieder¬
659 1681 1761 1806 Das sozialdemokratische Echo.
2141 1710 2627 1804 Aus der Presse.
25 1762 380 1835 le verboten.
733 1766 1787 1862 Die „A.=Z.“ verlautbart folgende Kundmachung an
1839 1749 2948 1863 Das „N. Wr. Tagbl.“ gibt zu, daß „schon seit einigen
18 1796 614 1885 ndal sein vorläufiges Ende
633 1793 1776 1930 die „Wiener Bezirksobmänner der politischen Organi¬
1794 1805 2939 1911 Tigen Befürchtungen ge### worden waren, doß es
643 1856 825 1941 sation“:
34 1871 618 1941 n zu verhüten die berufenen
1808 1871 2942 1953 wegen der Aufführungen des „Reigen“ in den Kammer¬
10 1914 620 1995 flichtet gewesen wären. Es
708 1914 1781 2002 „Heute Donnerstag, 3 Uhr nachmittags sehr wich¬
1811 1917 2946 2010 spielen zu- Demonstrationen kommen werde“. Damit ist
633 1938 1777 2046 tige Sitzung in der Gewerkschaftskommission. Be¬
23 1973 603 2051 n Herrn Landeshauptmann¬
1794 1961 2939 2069 der Gewissenszustand der Verüber des „Reigen“=Skandals
634 1984 1605 2099 stimmtes und vollzähliges Erscheinen notwendig!“
1793 1996 2367 2090 ausreichend gekennzeicknet.
31 2024 608 2105 Stadt Wien durch ein recht¬
1889 2066 2938 2159 Das „N. W. Journal“ ruft in seiner Mittags¬
31 2079 604 2160 vor dem „Reigen"=Skandal
664 2074 1731 2197 Die deutsch=arischen Vereine
1787 2104 2940 2212 ausgabe höchst freiheitlich: „Wo war die Polizei?“ und
31 2129 607 2203 fürsorge für die abendlichen
1779 2161 2939 2260 beschuldigt die Demonstranten, sie hätten es hauptsäch¬
724 2168 1705 2271 gegen den Theaterschmutz.
125 2195 615 2268 aber es macht sich nicht
1776 2209 2940 2323 lich auf die kostbaren Pelze und Schmuckstücke der
26 2224 596 2324 eines Ausbruchs des Volks¬
699 2225 1695 2342 Eine Eingabe an den Verein „Deutsches
1790 2259 2600 2347 „Reigen“=Gesellschaft abgesehen gehabt.
1011 2289 1380 2371 Volkstheater“.
21 2287 613 2371 fentlichen Verhöhnung der
1878 2309 2944 2408 Die „W. Mittagszeitung“ des Kola=Ken¬
11 2341 595 2411 n Moral, des primitiosten
710 2327 1761 2424 Die Vertreter der deutsch=arischen Vereinigungen
1780 2339 2939 2441 zerns appelliert an die Brachialgewalt der Sozialdemo¬
618 2367 1758 2471 Oesterreichs haben mit dem 14. d. folgendes Schreiben
27 2396 591 2474 dem Publikum, das auf
1788 2399 2940 2505 kraten und behauptet u. a., daß die „W. Stimmen“ „sch
611 2436 1738 2545 an den Verein „Deutsches Volkstheater“
53 2448 594 2531 nicht verzichten zu können
1790 2450 2931 2548 nicht gescheut hatten, einige Male ganz offensichtlich zu
614 2478 826 2561 gerichtet:
19 2480 596 2583 dischen Schiebern und ihren
1780 2497 2933 2602 solchen Exzessen aufzufordern“. Diese Behauptung ist
712 2506 1752 2620 Die in den Räumen des „Deutschen Klubs“ ver¬
3 2548 595 2629 em von der sozialdemokrati¬
1780 2545 2936 2659 eine leicht erweisliche Unwahrheit der jüdischen Seigen“¬
615 2557 1763 2676 sammelten Vertreter der deutsch=arischen Vereinigungen
1784 2594 2078 2675 Schwärmerin.
23 2607 571 2680 konarchistischen Provokateur“
606 2627 1617 2720 Oesterreichs, die zum Großteil auch 3
1589 2651 1750 2713 Kultur¬
4 2651 592 2743 Salm auch der Stell¬
2089 2639 2639 2755 Die Liquidierung.
618 2676 1759 2762 belange der in den Ländern wohnenden Stammes¬
7 2713 580 2794 meisters, Genosse Vize¬
608 2721 1746 2808 deutschen zu hüten perpflichtet sind, beehren
1864 2698 2929 2825 Im Finanz= und Budgetausschusse wirk heute der
13 2744 583 2844 Erling agnosziert wird!
1774 2757 2915 2869 Bericht der Liquidierungskommission in
610 2768 1744 2866 sich hiemit, dem Verein „DeutschesVolkstheater“ in Wien
24 2812 586 2898 dem Marxismus unmöglich
1765 2810 2926 2916 Verhandlung gezogen. Es sprachen zunächst Bericht¬
610 2820 1745 2918 folgenden Schritt nahe zu legen: Der Verein möge, ein¬
2 2862 579 2950 öglich zur Hebung seines
1765 2859 2929 2973 erstatter Pauly und Liquidierungsinspektor Abgeord¬
600 2871 1753 2961 gedenk seiner im Gründungsjahre des D. V. fest¬
1762 2906 2153 2983 neter Smitka.
14 2915 581 3004 itragen. Wie sagte doch
595 2927 1744 3006 gelegten ideellen Aufgaben, ehestens in einer
595 2977 1754 3049 außerordentlichen Vollversammlung seiner Mitglieder
0 2963 578 3063 Meigen“=Debatte im Parla¬
589 3013 1738 3103 den derzeitigen Direktor des D. V. Bernau für die
9 3024 568 3108 iener Arbeiter, sagte Seitz,
587 3063 1740 3152 Aufführung der Sexualspiele „Flamme" und
9 3078 568 3160 icht gefährdet werden, denn
591 3118 1740 3205 „Reigen“ zur Verantwortung ziehen und
14 3119 566 3214 dem Grunde nicht hin, weil
590 3158 1732 3245 auf Entfernung dieser Werke aus dem
16 3184 561 3266 rschwvinglich sei. Wenn dem
590 3207 1731 3300 Spielplane dringen. Die immer weiter greifende,
26 3227 560 3320 für einen „Proletarier¬
587 3258 1738 3348 auf Verfasser wie Direktor in gleichem Maße bezügliche
19 3290 564 3373 nterm „Reigen“=Publikum
583 3302 1728 3397 Entrüstung über die genannten Aufführungen stellt
7 3344 558 3418 rführer gehören auch abends
586 3349 1731 3445 keineswegs bloß die Aufmachung einer einseitig partei¬
-6 3379 564 3471 st, nicht in die Schieber¬
571 3396 1728 3494 politischen („bürgerlichen") Hetze oder Kraftprobe dar; sie
9 3434 561 3519 süber in den Brusttönen
586 3455 1720 3538 will vielmehr im Sinne des bodenständigen Wien,
-5 3482 555 3578 Frt! Die Arbeiterschaft wird
579 3494 1713 3584 sowie des Kulturzusammenhanges mit
2 3554 548 3626 r Führer, die am Abend
583 3539 1717 3642 Deutschland und dem Norden beurteilt werden, wo
576 3585 1731 3707 Oesterreichs Not und Wiens Schande rein¬
13 3596 555 3680 wöllen und zur Erholung
564 3633 1255 3726 lich geschiedene Erkenntnisse sind.
-4 3642 552 3729 oletariatsführung Lokale
-8 3690 563 3778 chiebertum auf seine Weise
7 3743 548 3829 BBesuch das Proleiariat
12 3806 557 3901 Sittlichkeit wie durch seine
1 3855 194 3927 nwird.
-1 3894 551 3997 he Regierung von Wien
25 3960 556 4047 Sittlichkeit wie
114 4014 546 4103 der Bundes¬
18 4063 546 4146 e übt, um bei allen
9 4111 514 4198 =Geschäft interosisort sind.
