3484 4384
378 195 889 316 11. Reigen
1070 207 1498 294 box 17/2
1717 1961 1765 2018 ng
1703 2010 1748 2049 10
1702 2044 1753 2090 gi¬
1705 2139 1753 2208 im
1711 2242 1753 2281 kr¬
1704 2386 1752 2442 im
1709 2469 1753 2516 is¬
1714 3516 1763 3562 r
1715 3566 1755 3624 n
1719 4120 1753 4161 n
1715 4158 1752 4212 8
1717 781 1766 829 er
1726 823 1779 872 ie
1723 907 1757 943 n.
1716 976 1763 1026 iß
1712 1018 1758 1062 N¬
1719 1056 1753 1103 d¬
1721 1132 1754 1181 t¬
1719 1170 1753 1221 1d
1715 1216 1762 1259 ar
1717 1254 1754 1298 er
1712 1292 1747 1341 it
1709 1375 1756 1422 en
1710 1416 1749 1467 6
1713 1460 1757 1503 r
1705 1722 1753 1770 ch¬
2111 494 2955 576 Donnerstag, 26. November 1903.
1980 591 2818 693 Münchener Angelegenheiten.
2412 691 2950 761 München, 25. November.
2233 740 2554 815 Ein Reigen.
1863 797 2996 865 Vor einigen Jahren — es war 1900 — hatten wir genügsamen
1789 856 2987 918 Deutschen wieder einmal ein Kulturjahr. Sie sind selten bei uns,
1790 902 2994 960 die Kulturjahre. Im besten Falle ereignen sie sich alle sieben Jahre,
1781 956 2996 1004 wie bei dem Volke Israel das Sabbathjahr; vielleicht auch nur alle
1797 999 2990 1060 iebenmalsieben Jahre, wie das Jobeljahr, das freilich nie gefeiert
1795 1052 2990 1104 wvorden sein soll. Wir aber hatten unser Kulturjahr. Aus der tiefen
1787 1093 2992 1152 Winternacht der drohenden Lex=Heinze erhob sich schöner und ver¬
1781 1147 3001 1201 heißender denn je die Morgenröte der Freiheit und kündete Künsten
1784 1190 2996 1242 und Wissenschaften sonnigen Lenz. Es waren die Tage des Goethe¬
1786 1244 2995 1303 bundes, die ach so rasch verlebten. Die Sozialdemokratie tat ihre
1784 1295 2997 1348 Pflicht, ohne sich lange bitten zu lassen. Aber auch in den Kreisen
1792 1352 2992 1412 von Besitz und Bildung regte es sich merklich. Leute, die nie hinter
1782 1391 2986 1446 die buntbemalte Leinwand des politischen Lebens geblickt hatten, ver¬
1788 1445 2997 1493 ließen Atelier und Tarokpartie und tateten mit. „Wenn gute Reden
1794 1484 2995 1543 ie begleiten, dann fließt die Arbeit munter fort.“ Ja, die Reden
1788 1539 2988 1591 flossen sehr munter. Die ewigjungen Schwärmer mit liberaler Ver¬
1792 1590 2999 1644 gangenheit witterten bereits in jedem bayerischen Bezirksamte die
1791 1636 2990 1701 Wiege ungeahnter Kulturmöglichkeiten, schon wurden die letzten Spieß¬
1791 1681 2995 1737 bürger aufgefordert, sich den hehren Trost für die Sterbestunde zu
1789 1736 2995 1797 sichern, wenigstens auch einmal im Leben Kulturträger gewesen zu
1789 1785 2996 1833 sein. Als Mitglieder des Goethebundes nämlich. Allein es fiel ein
1780 1829 2992 1884 harter Frost an demselben Tage, da die Lex=Heinze fiel, und zerstörte
1780 1881 2987 1937 die junge Saat. Alles kehrte zum Tarok und zu den anderen Kultur¬
1786 1929 3001 1980 taten zurück, nicht ohne zuvor schnadahüpferlfrohe Siegesfeiern abge¬
1779 1978 2986 2038 halten zu haben. Für die nächsten sieben — oder siebenmalsieben Jahre
1829 2023 2980 2078 war genug geschehen, wenigstens an Reden. Sudermann war
1784 2075 2990 2131 zudem beinahe ein großer Mann geworden. Sonst blieb freilich alles
1783 2120 2988 2178 beim alten. Und manchem schien jetzt die angebliche Morgenröte nur
1782 2163 2483 2233 ein letztes Abendglühen gewesen zu sein.
1863 2203 2987 2284 Vor allem blieb die Gefahr der Lex Heinze viel lebendiger als
1787 2267 3003 2333 ihre Bekämpfer. Gewiß ist sie nicht in ihrer ursprünglichen Gestalt
1792 2317 2945 2373 viedergekommen. Sie begnügte sich — nach kurzer Schonzeit¬
1784 2363 2989 2419 parlamentarisch=denunziatorisch, administrativ, disziplinarisch, polizei¬
1780 2410 2995 2469 mäßig, kurzum auf kaltem Wege zu wirken. Statt des Gesetzes, das
1786 2469 2998 2535 man vor ganz Europa blamiert hatte, haben wir die Praxis. Und
1780 2508 2129 2571 die ist mannigfaltig
1859 2535 2989 2621 In der diesjährigen Landtagssession war es Herrn Dr. Schädler
1779 2604 2998 2674 vorbehalten, als freiwilliges Organ der nicht Gesetz gewordenen Ler
1716 2666 1752 2711 2
1785 2657 2986 2708 Heinze zu wirken und der weißblauen Sittlichkeit ein getreuer Hüter
1715 2707 1761 2743 en
1777 2704 2838 2773 zu sein. Leider war ihm nur eine kleine Aktion beschieden,
1715 2739 1752 2789 t¬
1778 2756 2874 2821 er durch den ganzen Sommer aus Zeitungen Zitate gesammel
1721 2774 1757 2832 re
1780 2803 2845 2859 die von Berlin bis Augsburg reichten. Indes die Berliner
1719 2823 1757 2861 1#
1777 2850 2809 2904 sich selbst mit ihren unsittlichen Auslagen der Buchhandb
1763 2901 2801 2961 finden, da für sie unseres Wissens der bayerische Landtag
1842 2941 1972 3007 t komp
2365 2941 2853 3009 denn aber, was die moralt
1793 2990 1839 3057 U
2343 2991 2819 3067 rhalb der bayerischen Zus
1715 3048 1823 3092 er
2521 3041 2835 3106 fragen veranlaß
2483 3092 2813 3159 vollständig
2465 3142 2666 3212 (laisser f4
1786 3186 2260 3251 Frurterlt se Aus
2379 3190 2990 3249 Zeitungsausschnitten des Heren
1775 3237 2985 3298 Schädler, der von all dem, was er hier verurteilt und angreift, nichts
1773 3290 2982 3356 mit eigenen Augen und Ohren erlebt hat, stiegen zunächst die bösen
1781 3335 2987 3387 11 Scharfrichter empor. Dann kam der akademisch=drama¬
1773 3384 2989 3435 tische Verein an die Reihe, weil er am 25. Juni Schnitzlers
1783 3434 2981 3485 Reigen aufgeführt hatte und der Theaterreferent der „liberalen“
1777 3479 2980 3533 Allgemeinen Zeitung — auf den sich Herr Schädler allein
1774 3522 2987 3594 berief — sich den blutigen Kalauer nicht hatte verkneifen können, diese
1789 3580 2987 3641 Schauspiele kleine „Sauspiele“ zu betiteln. Grund genug für
1773 3626 2528 3693 Herr Schädler, nach der Polizei zu schreien.
1814 3669 2980 3737 Solche Jeremiaden und moralische Anreizungen der Polizei, würden
1773 3728 2974 3780 uns wenig bekümmert haben, wenn sie nicht gewisse Folgen gehabt
1774 3781 2978 3829 hätten. Die 11 Scharfrichter verfielen unnötig verschärfter Zensur.
1772 3826 2974 3885 Ueberlassen wir sie für heute ihrem Schicksale. Gegen den Akademisch¬
1777 3873 2975 3925 dramatischen Verein aber konnte die Polizei beim besten Willen nichts
1773 3927 2974 3984 mehr ausrichten. Geschehenes kann selbst die Polizei nicht ungeschehen
1776 3970 2971 4030 machen. Die zarten Andeutungen des Herrn Schädler hätten jedoch
1778 4016 2973 4070 auch im Kultusministerium aufmerksame Beachtung gefunden.
1782 4066 2980 4120 Dieser sittenverderbende Akademisch=dramatische Verein untersteht doch
1781 4117 2979 4158 der hohen Weisheit des akademischen Senats und der Disziplinar¬
1780 4159 2979 4213 Gewalt des Rektors. Also bedachte es ein hohes Ministerium. Die
