3336 4416
549 101 874 159 chulen mit
936 96 1671 162 ausgesprochen konfessio¬
538 137 1668 213 nellem Charnkter sein, ebenso Privat¬
530 194 1668 250 schulen von kirchlichen Orden. Die noch be¬
528 239 1669 302 stehenden Kongregationen müssen ihren ausschließlichen
521 293 1664 347 koufessionellen Charakter ablegen. Neue konzessionelle
538 343 1279 410 Schulen werden nicht mehr bewilligt.
534 453 1645 576 Reichskonkordat mit dem
901 541 1295 655 Vatikan.
620 656 1651 731 Berlin, 11. Februar. Wie der „Germania“
520 720 1665 767 von zuständiger Seite bestätigt wird, werden
535 769 1660 829 Vorbereitungen zum Abschluß
529 816 1653 880 eines Reichskonkordats mit dem
535 858 1200 935 Vatikan getroffen.
534 909 1643 1016 Wohnungsluxussteuer in Berlin.
619 1003 1655 1061 Berlin, 11. Februar. In der gestrigen Sitzung der
528 1036 1653 1116 Stadtverordnetenvertretung ist nach der Amtseinführung
527 1103 1659 1156 des Oberbürgermeisters Boeß die Vorlage über die
520 1155 1666 1231 Wohnungsluxussteuer in dritter Lesung angenommen
520 1199 693 1255 worden.
508 1323 853 1441 e Teufel.
889 1393 1605 1495 Zeichnung von Fritz Schönpflug.
1825 38 2737 139 arten und- Deurschrand.
1931 124 2595 207 Eine gute Antwort Eberts.
1788 184 2838 243 Berlin, 11. Februar. Gestern überreichte der neu¬
1697 251 2827 317 ernannte italienische Botschafter in Berlin Frassati
1703 301 2828 367 dem Reichspräsidenten Ebert sein Beglaubigungs¬
1709 338 1877 406 chreiben.
1789 374 2822 461 In seiner Ansprache sagte der Botschafter, das
1699 439 2830 506 deutsche und das italienische Volk „müßten
1702 486 2825 536 in ihrer Sehnsucht nach Frieden und menschlicher Soli¬
1696 534 2825 589 darität Hand in Hand gehen. Er werde sein Möglichstes
1704 589 2823 650 tun, um die Gemeinsamkeit des Wunsches nach einer
1699 630 2819 685 fruchtbaren und harmonischen Entwicklung der beider¬
1700 682 2824 740 seitigen Beziehungen zum Ausdruck kommen zu lassen.“
1783 724 2819 791 In seiner Erwiderung erklärte der Reichspräsident,
1705 773 2821 837 die deutsche Regierung und das deutsche Volk seien einig
1696 822 2825 879 in dem Bestreben nach Zusammenarbeit
1695 871 2827 931 aller Nationen am wirtschaftlichen Wiederaufbau.
1693 923 2821 976 Beide Völker müßten deshalb auch von den andern
1696 965 2823 1016 Völkern und ihren Regierungen ein gleiches Ver¬
1692 1015 2827 1076 halten erwarten. Der Reichspräsident versicherte den
1693 1066 2831 1152 Botschafter seiner tatkräftigen Mithilfe bei Verfolgung
1700 1107 1938 1197 seiner Ziele.
1686 1197 2779 1310 Die „Wiener Internationale“
1788 1307 2834 1361 Paris, 10. Februar. Im „Populaire“ führt Lon¬
1687 1348 2834 1417 guet aus, die internationale Sozialistenkonferenz in
1693 1402 2835 1464 Wien habe im gegenwärtigen Zeitpunkt besondere Be¬
1692 1443 2831 1501 deutung. Kurz nach der Umwälzung in den sozialistischen
1687 1499 2825 1554 Parteien der meisten Staaten Europas und Amerikas,
1694 1542 2832 1592 die während der letzten sechs Monate erfolgten, erscheine
1693 1590 2829 1652 die Konferenz als die einzige Hoffnung auf
1687 1644 2829 1703 Reorganisierung der internationalen sozialistischen Be¬
1698 1684 2825 1741 wegung. Man könne daher auch die haßerfüllte Feind¬
1688 1736 2832 1802 schaft verstehen, die Sinowjew gegenüber den
1697 1781 2843 1850 Führern der Wiener Bewegung zum Ausdruck gebracht
1699 1836 1817 1903 habe.
1756 1951 2770 2058 Das „Reigen“=Verbot.
1781 2044 2835 2138 Soeben ist die in den „Wiener Stimmen“ vor zwei
1688 2117 2831 2185 Tagen angekündigte Verfügungg der Regierung herab¬
1689 2181 2838 2258 gelangt, durch welche die weitere Aufführung des
1698 2240 2832 2319 „Reigen“ untersagt wird Hiezu wird amtlich mit¬
1683 2290 1850 2368 geteiltl:
1784 2319 2829 2415 „Bereits #ar Zulassung der Aufführung des
1701 2400 2836 2485 „Reigen“ durch den Magistrat Wien als politische
1693 2477 2837 2536 Landesbehörde hat der Polizeipräsident den
1696 2516 2837 2582 Bürgermeister von Wien auf die schweren Be¬
1685 2570 2829 2664 denken aufmerksam gemacht, die der Aufführung
1695 2636 2840 2712 dieses Bühnenwerkes entgegenstehen. Der Magistrat
1694 2692 2830 2760 erteilte jedoch nach Anhörung des Zensurbeirates mit
1696 2757 2834 2825 Bescheid vom 12. Jänner l. J. die Aufführungsbe¬
1693 2816 1899 2906 willigung.
1787 2856 2830 2939 Die nun erfolgten Aufführungen des Stückes gaben
1704 2938 2830 3002 zu lebhaften Erörterungen in der Oeffentlichkeit Anlaß.
1691 2996 2836 3070 Hiebei sprach sich die weitaus überwiegende
1695 3051 2836 3110 Mehrzahl der öffentlichen Stimmen da¬
1706 3102 2830 3187 hin aus, daß die Aufführung nach ihrem Gesamtein¬
1698 3160 2833 3229 drucke eine arge Verletzung der Sittlichkeit
1697 3217 2827 3293 bedeute. Kundgebungen aus der Bevölkerung und zahl¬
1696 3288 2829 3353 reiche Artikel der Presse verschiedener Richtung ließen
1695 3331 2830 3403 erkennen, daß diese Vorführung mit dem sittlichem
1697 3390 2828 3468 Empfinden weiter Kreise der Wiener Bevölkerung
1788 3514 2828 3588 Der: Bundesminister für Inneres
1699 3587 2840 3656 und Unterricht richtete daher an den zunächst zur
1703 3634 2832 3705 Beurteilung des Falles berufenen Bürgermeister
1701 3704 2836 3767 von Wien die Einiadung, zu der durch die öffent¬
1702 3748 2831 3823 lichen Aufführungen gegebenen Sachlage Stellung zu
1701 3808 2828 3867 nehmen. Der Bürgermeister erklärte je
1701 3868 2835 3940 doch, daß er nicht in der Lage sei, seine
1669 3915 2599 3995 [erste Entscheidung abzuändern.
1858 4024 2480 4136 Wiene. Stimmen, Wien
