3392 4416
1002 266 1443 372 box 17/6
308 276 830 387 11. Reigen
173 829 1195 916 Wien, Sonntag, 13. Februar 1921.
1852 802 3028 953 Prolekarier aller Länder,
182 905 975 1015 Nr. 536. — 4. Jahrgang.
2351 928 3013 1063 vereinigt Guch!
1080 1384 1929 1544 Jenkralorgan
386 1522 432 1587 —
570 1491 2611 1640 der Hommunistischen Tartei Oesterreichs
715 1645 2461 1767 (Sektion der Hommunistischen Internationale.)
171 1758 923 1822 rscheint außer Montag täglich 6 Uhr früh.
2119 1763 3194 1834 In Wien monatlich zum Abholen oder per Post K 18.50.
1208 1751 1827 1839 Redaktion und Expedition:
1033 1792 1153 1889 Wien
2129 1808 3196 1896 Außerhalb Wiens: Einzeln 90 u= 40 Pf.— 25 Cent.
1169 1807 1999 1885 VII., Bandgasse 28. — Telephon 30.436.
181 1813 910 1896 Einzelpreis 80 Heller.
2123 1875 3193 1956 Monatl. mit Postversand: 22 K — 11.25 Mk. — 7.50 Fres.
1044 1877 2005 1959 Verchaltung: VIII., Alserstraße 69. — Tel. 11.186.
221 1897 809 1962 =Im Straßenverkauf 90 Heller.
2234 2023 3266 2098 sie sich schon nicht sattessen können, wenigstens eine
1166 2026 2197 2147 Und wilder und wilder der
2243 2088 3265 2148 Unterhaltung haben. Sie sollen sich ein bißchen zer¬
2243 2139 3250 2195 streuen, nicht immer an ihre elende Lage denken,
2228 2185 3253 2234 denn diese Grillenfängerei tut ihnen nicht gut. Sie
1306 2125 2038 2263 Reigen sich schlingt.
2228 2226 3260 2284 könnte sie auf ketzerische Gedanken über die Sozial¬
1214 2227 2190 2333 So aufgeregt wie gestern hat sich, die Arbeiter¬
2243 2281 3258 2337 demokratie bringen. Also nicht den Kopf hängen
1160 2303 2190 2361 zeitung“ schonflange nicht gebärdet. „Die Macht¬
2243 2320 3252 2376 lassen! Lustig sein! Es gibt eine große Hetz'! Die
1167 2355 2196 2418 probe des Kardinals“, „Der Gesetzbruch des
2250 2374 3264 2432 Christlichsozialen werden frech, sie bedrohen die gei¬
1174 2396 2191 2457 Glanz", „Die Prödokation und ihr Echo“, „Das
2255 2426 3264 2479 tige Freiheit, sie wollen die Verfassung umbringen.
1162 2446 2199 2504 Verbot und die Antwort des Bürgermeisters“, „Der
2239 2467 3265 2535 Auf in den frischfröhlichen Krieg gegen die Ver¬
1557 2493 2195 2561 „Ein Gerichtsurteil über den
1174 2499 1521 2557 weitere Verlauf“,
2241 2516 3265 2572 pfaffung! Antiklerikale Redensarten sollen die Ar¬
1341 2540 1387 2589 91
1468 2517 2194 2608 mit diesen Berichten und Betrach¬
1175 2542 1355 2606 „Reigen“
2244 2570 2947 2627 beiter ihre Nöte vergessen machen.
1167 2588 2204 2653 tungen über den „Reigen"=Streit hat das Blatt
2295 2588 3256 2681 Denn nur um Redensarten handelt es sich. Seitz
1165 2635 2197 2701 gestern beinahe dreieinhalb von seinen sechs Text¬
2245 2662 3262 2717 und die Seinigen wissen sehr gut, daß nichts so heiß
1178 2686 2203 2739 seiten gefüllt. Wie gesagt: so etwas ich schon lange
2248 2712 3255 2760 gegessen wird, wie es gekocht worden ist, daß die
1169 2741 2198 2795 nicht dagewesen, ja, seit der glorreichen Revolution
2241 2753 3268 2810 Ankündigung des Straßenkampfes noch lange nicht
1168 2783 2192 2841 überhaupt noch nicht. Aber es hat sich gestern auch
2244 2806 3250 2854 den Straßenkampf bedeutet. Die „Arbeiterzeitung“
1177 2827 2196 2880 nicht um einen Pfifferling gehandelt, es ist um
2242 2843 3254 2919 hat es auch schon ausgeplaudert, daß es nur auf
1168 2870 2198 2933 große Dinge gegangen: die klerikale Reaktion be¬
2247 2908 3259 2971 eine Komödie abgesehen ist, die die Arbeiter täu¬
1169 2919 2206 2987 droht die geistige Freiheit, die Regierung hat, weil
2253 2950 3262 3008 schen soll. „Der Herr Glanz,“ so erklärt sie, „hat
1170 2971 2205 3026 es die Finsterlinge so wollten, einen Verfassungs¬
2243 2993 3260 3054 nun die Wahl, mit seinen Gesetzesverletzungen in¬
1177 3017 2205 3076 bruch begangen! Sollten, durften, konnten die So¬
2246 3051 3263 3104 nezuhalten oder sie zu steigern; die Untersagung, die
1166 3064 2208 3127 zialdemokraten das ruhig hinnehmen? Müssen sie
2250 3092 3260 3159 er sich geleistet hat, wird keinen Ertrag haben.“
1171 3107 2206 3175 den Kampf für Wahrheit, Freiheit, Recht und Licht
2246 3130 3260 3198 Merkwurdig, sehr merkwürdig. Der Herr Glanz
1179 3159 2206 3220 nicht jederzeit und überall aufnehmen? Auch dann
2250 3181 3271 3242 hat die Verfassung verletzt. Also müssen die Sozial¬
1179 3207 2204 3264 aufnehmen, wenn sich die konterrevolutionäre Ak¬
2245 3234 3264 3292 demokraten, sollte man meinen, den Kampf gegen
1172 3262 2197 3321 tion der Christlichsozialen scheinbar nur gegen ein
2259 3281 3258 3342 ihn fortsetzen, bis er verschwunden ist. Aber so bös
1181 3306 2203 3369 Theaterstück richtet, zu dem die Masse des Volkes
2258 3322 3267 3383 sind sie nicht. Sie wollen abwarten, ob der Herr
1177 3347 2202 3433 überhaupt keine Beziehungen hat, das ihr also
2251 3372 3275 3437 Glanz seine Gesetzesverletzungen, steigern wird. Tut
1184 3401 1500 3470 gleichgültig ist?
2247 3415 3274 3493 er's nicht, hält er in seinem verfassungsbrecherischen.
1220 3416 2207 3501 Ganz gewiß: wer die Reaktion nicht aufkommen
2252 3468 3171 3534 Treiben inne, so wird ihm Verzeihung werden.
1180 3478 2202 3556 lassen will, der muß ihr doch auf die Finger klopfen,
2295 3496 3263 3577 Und Glanz will wirklich innehalten. Er läßt er¬
1173 3540 2200 3598 auch wenn der Anlaß, aus dem sie frech wird, nicht
2251 3561 3257 3624 klären, daß er nicht Gewalt anwenden, sondern den
1185 3584 2212 3653 gerade wichtig ist. Daß also die Sozialdemokraten
2254 3613 3261 3671 Verfassungsgerichtshof anrufen wird. Und der
1186 3637 2206 3693 den Christlichsozialen und der Regierung wegen des
2257 3661 3254 3716 „Reigen“ kann einstweilen weiter gespielt werden.
1176 3687 2206 3746 Verbotes der „Reigen“=Aufführungen einen Tanz
2260 3707 3254 3762 So sorgen beide Teile dafür, daß aus dem heiteren
1175 3724 2208 3793 gemacht haben, ist an sich gar nicht so lächerlich, wie
2255 3754 3262 3806 Spiel nicht etwa trauriger Ernst wird. In einer ge¬
1177 3782 2196 3835 die bürgerliche Presse, die liberale wie die klerikale,
2257 3784 3259 3856 heimen Koalition muß es, wenn sie geheim bleiben
1176 3829 2203 3885 behauptet. Ueberwältigend komisch aber wirkt die
2259 3852 3255 3909 soll, von Zeit zu Zeit eine kleine Katzbalgerei geben.
1192 3881 2201 3936 sozialdemokratische Aktion, wenn man sie im Zu¬
2248 3899 3260 3953 Aber sie darf natürlich nicht ausarten. Nun, der
1190 3916 2205 3979 samenhange mit der Politik, die die Sozialdemo¬
2264 3945 3261 4003 Streit um den „Reigen“ wird nicht ausarten. Die
1175 3963 2199 4026 kraten sonst machen, betrachtet. Da fällt einem näm¬
2248 3981 3265 4051 Wüteriche auf beiden Seiten wissen, daß sie mit
1184 4014 2206 4071 lich sofort auf, daß der Entschluß der Sozialdemo¬
2256 4040 3266 4094 Maß und Vernunft rasen müssen, wenn die Koali¬
1186 4056 2213 4119 kraten, für die Verfassung, wenn es sein muß, den
2258 4088 3270 4138 tion nicht gefährdet werden soll. Und die Koalition
1185 4117 2207 4169 Heldentod zu sterben, noch nicht sehr alt sein kann.
2255 4133 3267 4209 ist ihnen doch das höchste, besonders den Sozial¬
1183 4153 2218 4215 Denn sie haben sehr viele Anlässe, zur Sicherung
2252 4180 2499 4257 demokraten.
1173 4202 2200 4264 der Verfassung die Waffen zu ergreifen, nicht be¬
