3336 4416
221 138 730 236 11. Reigen
86 929 876 984 rend der 400 jährigen Herrschaft der Habs¬
91 970 883 1021 er Fall war.“ In Bosnien=Herzegowina sei
76 1008 880 1052 der Verfolgung, Plünderung, des Mor¬
84 1043 885 1094 Vernichtens durchgeführt. Die Erbitterung
88 1089 872 1135 n Volkes ohne Rucksicht auf seine politische
96 1127 881 1171 und ohne Unterschied des Berufes, des
96 1158 881 1212 nd der Sprache, ist eine derartige, daß in
81 1207 882 1266 te kaum eine Analogie für die allgemeine
92 1246 871 1290 heit eines Volkes anzutreffen sein wird.
96 1288 878 1336 ten die meisten Gemeindefunktionäre, Re¬
101 1325 879 1373 alte Soldaten den Eid fur König Peter
95 1365 882 1429 rt. Es gebe keinen kroatischen
82 1402 794 1460 der diesen Eid freiwillig leisten würde.
89 1446 881 1513 neint, daß es den Großserben möglich
114 1499 879 1552 das „befreite“ Kroatenvolk dauernd zu
79 1544 879 1602 Auch diese Knechtschaft wird ihr Ende
86 1587 883 1653 hGroßserbien kracht in seinen Fugen.
108 1611 880 1682 könnten wir die janze „neugeschaffene
97 1673 880 1729 der Geyalt und des Unrechtes an uns
100 1719 880 1777 en lassen. Übe all würde sich uns das
107 1768 883 1820 bieten: sie ist im Zusammenbrechen.
95 1812 867 1863 ischritten naht der Tag der geschicht¬
80 1843 879 1907 he und der Wiederauferstehung des
85 1897 873 1952 #r die elenden Schurken, die uns ins
80 1942 873 2000 esirzt haben, und ihre teuflischen
79 1990 880 2038 nwegfegen, die organisch=geschichtliche
99 2033 879 2085 eläutert und gereinigt wieder einsetzen
96 2077 871 2150 allen zum Heil. Österreich wird ewig
304 2211 461 2295 Die
103 2267 875 2387 igen der Niederlage
90 2365 852 2449 ilbild aus dem Buch der
73 2433 751 2515 juld an unserem Elend
83 2499 873 2575 Österreicher packt nicht wilder Grimm,
81 2564 870 2618 ner Schurken gedenkt, die den Weltkrieg
90 2606 871 2660 reich-Deutschland mehr als zwölf Jahre
66 2634 877 2715 näßig vorbereiteten, durch Mord ent¬
73 2691 870 2747 nd durch Verrat mit ihrem Sieg be¬
74 2741 870 2786 kute wo vor den Augen aller Denkenden
90 2787 872 2835 lder Judas und der Weltfreimaurerei
93 2828 873 2881 ind und die unseligen Urheber und
119 2876 869 2920 als entlarvte Sieger dastehen, ver¬
105 2920 873 2976 erst das Verbrechen dieses Krieges zu
79 2953 878 3012 nd das vergossene Blut von Millionen
85 3002 803 3067 t vollem Verständnis zu beklagen.
77 3043 868 3104 &Sozialdemokratie bei diesem unseligen
91 3096 878 3152 ein Werkzeug in Weltjudas Händen
94 3144 879 3196 estätigte-aust fürzlch wieder ihr Wiener
96 3172 872 3231 , die „Arbeiterzeitung“ vom 3. Februar
95 3225 864 3276 er Wiedergabe der Berichte zweier so¬
81 3265 858 3321 ischer Parteigenossen, die an dem Ma¬
81 3306 860 3364 nd der Kriegsflotte in Cattaro am 1.
88 3353 871 3402 18 als Mitwirkende beteiligt waren.
97 3398 862 3450 dnisse dieser Berichte zeigen klar, wer
76 3454 864 3494 #g und Niederbruch unserer ruhmvollen
99 3490 868 3540 mitschuldig und wer diese Schutzwehr
109 3531 864 3599 e grausamen Feinde zu halten be¬
86 3601 861 3679 fstand der Matrosen war“, so beginnt der
98 3670 863 3716 „das erste Zeichen der Zersetzung des
83 3702 862 3754 chischen Heeres. Das Admiralschiff „St.
77 3754 862 3794 Das Kanonensignal zum Aufstand. Einige
99 3785 861 3830 ten mit dem Anschluß. „Vom „Georg
85 3815 865 3870 mit Licht= und Flaggensignalen zur Teil¬
86 3860 862 3915 efordert. Als dies nicht genügte,
92 3892 862 3961 er „Georg mit einem 24 Zenti¬
102 3938 853 3982 ngrohr auf die zögernden Schiffe.
101 3979 860 4029 männer bedrohten also jene, die sich ihrer
97 4025 860 4064 ind ihrem Vaterlandsverrat nicht an¬
99 4061 864 4100 lten, mit der Beschießung. Ja, sie ver¬
121 4097 865 4153 Blut: „Die Offiziere wurden entwaff¬
907 128 1317 218 box 17/5
1253 802 1653 890 Der Volkssturm
929 914 2000 990 Bataillon hielt... Das senergische Eingreifen der
925 972 2001 1011 österreichischen sozialdemokratischen Par¬
936 1013 2003 1061 tei hat die weiteren Justizmorde (!) verhindert. Man
936 1048 1985 1095 mag das größte Mitleid mit den Opfern der jüdisch=maure¬
944 1091 1987 1138 ischen Verratswühlerei haben — waren sie aber nicht Ver¬
932 1127 1991 1180 brecher an Volk und Vaterland? Freilich hätten ihre Ver¬
933 1166 1993 1217 führer die Strafe des Verrates zehnfach verdient. Aber
934 1209 1994 1255 die erkauften sich mit der Lüge von der „Suveränität des
941 1249 1993 1304 Volkes“ die Herrschaft über das von ihnen verachtete und
939 1285 1425 1345 ausgenützte, betörte Volk
1023 1336 1997 1390 Der zweite berichtende „Genosse“ war während
930 1378 1992 1438 des Aufstandes Artillerieoffizier in der
933 1425 1992 1484 Bucht von Cattaro. Der ganze Bericht zeigt deutlich,
936 1477 1984 1526 wie verkehrt und gefährlich es von der Armeeleitung
935 1517 1984 1569 gewesen war, daß man Sozialdemokraten und Juden
936 1567 1986 1624 getraut und sie in falsch verstandener Gerechtigkeit
928 1611 1993 1665 mit dem Vaterland ergeben Gesinnten gleich be¬
938 1650 1992 1709 handelt, auf Vertrauensposten gestellt hatte. Der Fall
933 1696 1993 1744 beweist schlagend, wie sehr z. B. Lueger darin recht
928 1740 1986 1792 hatte, daß er erklärte, Sozialdemokraten und Juden
929 1780 1986 1832 als Lehrer nicht anzusteuen und nicht zu befördern.
940 1830 1991 1886 Der Irrtum in der #innung macht eben tatsächlich
927 1875 1956 1937 unfähig für viele Amter, und esist. nichtG#
930 1919 1980 1977 keiessinn, sondern weltfremde Naivität oder armselige
929 1965 1992 2015 Schwiche, wenn man das nicht sieht oder nicht die
943 2010 1994 2067 Energie dazu hat, darnach zu handeln. Nun der
935 2050 1094 2105 Bericht:
1028 2076 1961 2146 Mit Ausnahme meines Batteriekommandanten ..
936 2140 1987 2192 waren nahezu alle Offiziere der Artillerie¬
941 2181 1907 2225 gruppe revolutionär: zum Teil, sofern
1916 2179 1995 2231 sie
930 2216 1993 2277 Tschechen, Jugoslawen und Polen waren, in Erfüllung
932 2262 1983 2307 ihres nationalen Strebens (die Folge der negativen, ord¬
930 2298 1985 2345 nungswidrigen Richtung in der „aufgeklärten“ sog. Intelli¬
937 2344 1985 2395 genz), die anderen den Sezialismus in Wochen¬
939 2384 1990 2424 langer ernster Arbeit durch mich gewonnen.
936 2419 1985 2468 Auch unter den Soldaten fanden wir da und dort einen
932 2460 1980 2507 (also nur Wenige im Gegensatz zu den Vielen aus der
936 2503 1978 2547 „Intelligenz"!), dem wir uns rückhaltlos anvertrauen
929 2540 1984 2589 konnten. Der Aufstand der Matrosen war eine Feuer¬
937 2579 1981 2629 probe auf die eben erwachte revolutionäre Ge¬
1553 2623 1977 2670 und ich muß bekennen
948 2611 1551 2669 innung der Offiziere —
930 2657 1983 2704 daß sie ausnahmslos gut bestanden wurde. Die
1513 2690 1985 2748 natürlich mit Ausnahme
931 2697 1505 2749 Offiziere unserer Batterse —
928 2736 1975 2785 des Kommandanten — traten sofort nach dem Eintreffen
927 2778 1977 2824 der Nachricht vom Aufstand zusammen, um zu beraten,
939 2811 1985 2858 vie die Matrosen am besten in ihrem Kampfe zu unter¬
1587 2855 1987 2904 ehemals ein deutsch¬
936 2854 1576 2903 stützen wären. Mein Freund —
938 2895 1976 2946 arischer Student (der „Genosse“ Artillerieoffizier war somit
932 2934 1983 2976 wahrscheinlich ein Jude) — forderte erregt offene Befehls¬
930 2975 1980 3024 verweigerung. (Er bekundete Tapferkeit. Der Jude wählte
933 3014 1975 3059 der Tapferkeit besseren Teil: die Hinterlist.) Ich über¬
930 3095 1973 3143 wenn wir, in Ketten geschlossen, abgeführt würden. Ich
929 3120 1957 3183 schlug vor, im Ernstfall sigzu schießen, daß das Sch
928 3168 1981 3211 icht gewrossen beWie leilten uns in d# Ar¬
921 3204 1977 3248 beit ein: ich sollte als Böbachtungsoffizier nach eigenem
933 3243 1991 3287 Ermessen die Elemente bestimmen und er in Gemeinschaft
932 3287 1979 3327 mit den übrigen Kameraden als Batterieoffizier die Ele¬
930 3322 1985 3367 mente auf „weit“ entsprechend „korrigieren“. Durch diesen
925 3364 1981 3412 Fehlschuß, so überlegten wir, würde das Schiff recht¬
927 3404 1986 3460 zeitig gewarnt und wäre in die Lage versetzt, sich
922 3443 1873 3489 aus dem Schußbereich der Batterie zu entfernen ...
928 3480 1983 3532 unseren Blicken lag, in Halbdunkel gehüllt, im Spiel der
922 3521 1977 3573 unzähligen signalisierenden Scheinwerfer, die ganze Flotte,
929 3559 1979 3605 vierzig Einheiten, ein Vierrel der österreichischen Kriegs¬
930 3597 1978 3646 marine, zu einer einzigen riesengroßen Masse zusammen¬
929 3642 1979 3685 geballt; entschlossen, den Frieden zu erzwingen.
933 3680 1980 3726 Wobei die Verführten selbstverständlich nicht ahnten, daß
921 3721 1975 3762 die Verführer den Schand= und Elendfrieden, den wir
934 3762 1879 3811 etzt „genießen“ im Auge hatten, und Judas Sieg!
923 3797 1973 3846 Bald erhielt ich Befehl, zum Grußpenkommando zu reiten
935 3834 1977 3884 im Schießweisungen einzuholen. Das Schicksal wollte es,
923 3877 1983 3926 daß sich der Major gerade bei mir Auskunft einholte,
921 3914 1983 3965 ob unsere Geschosse die nötige Durchschlagskraft besitzen,
921 3949 1984 4001 um den meuternden „Monarch“ auf raschestem Wege in
923 3992 1974 4042 den Grund zu bohren. Ich beruhigte ihn. (Vorher
928 4036 1002 4080 aber
1003 4033 1977 4077 hatte der brave „Genosse“ geschrieben: „Im Ernst¬
921 4071 993 4126 fall
1514 4072 1981 4127 (seiner Batterie) kaum
1002 4075 1510 4125 hätten die Gebirgskanonen
915 4114 1004 4157 die
1531 4111 1981 4158 ritzen können und
1026 4117 1529 4161 Panzer der Riesenschiffe
2395 690 3086 802 10 7hen 142
2856 811 3013 869 Nr. 8
2143 922 2948 1033 „Reigens“ Ende — und Glück?
2134 1029 3054 1098 Die jüdische „Wiener Mittags=Zeitung“ vom
2042 1070 2842 1130 5. März 1921 bringt folgende Nachricht:
2132 1111 3034 1174 Die Schauspieler des Deutschen Volkstheaters
2053 1161 3047 1210 haben Direktor Bernau ein Ultimatum überreicht, dem¬
2048 1205 3047 1252 zufolge bereits für heute der Streik der Bühnenmit¬
2046 1246 3039 1288 glieder der beiden Bernau=Bühnen angedroht war.
2051 1282 3034 1333 Dieses Verhalten der Schauspieler geht darauf zurück
2048 1321 3040 1362 daß Direktor Bernau sich bis heute geweigert
2049 1362 3040 1409 hat, das kürzlich zwischen Direktorenverband und
2043 1394 3045 1440 Bühnenverein getroffene Abkommen auf 50 pro¬
2046 1437 3036 1490 zentige Erhöhung sämtlicher Bezüge
2043 1481 3047 1534 rückwirkend ab 1. Februar zu erfüllen, indem er sich
2050 1521 3044 1572 dazu infolge des schlechten Geschäftsganges
2065 1558 2955 1598 einer Bühnen für außerstande erklärte.
2052 1601 3047 1647 konnten bereits vor zirka vierzehn Tagen melden, daß
2053 1637 3049 1685 die Bühnenarbeiter des Deutschen Volkstheaters
2051 1678 3041 1729 Direktor Bernau in ihrer eigenen analogen Lohnange¬
2050 1717 3045 1771 legenheit durch eine Streikdrohung zur Erfüllung
2049 1759 3039 1808 ihrer Forderungen zwängen. Direktor Bernau be¬
2044 1798 3048 1845 gründete seine Haltung vornehmlich mit dem schweren
2051 1833 3049 1902 Schaden, der sei= beiden Bühnen durch die Ein¬
2054 1866 3030 1930 rertung der „Reigen= Aufführungen er
2048 1914 3035 1969 wachsen sei. Wie wir nun heute morgens erfahren,
2047 1960 3048 2007 wird heute mittags eine Verhandlung zwischen den Ver¬
2049 2001 3041 2052 tretern des Personals und Direktor Bernau stattfinden,
2055 2040 3038 2088 n der es voraussichtlich zur Genehmigung der Forde¬
2044 2077 3034 2124 rungen kommen dürfte. Direktor Bernau plant, bei der
2049 2114 3047 2165 Behörde eine Aktion einzuleiten, die ihm ermöglichen
2041 2161 3047 2205 würde, den „Reigen“ in geschlossenen Vorstellungen
2046 2198 3040 2244 aufzuführen, wodurch die prekäre finanzielle Lage
2043 2233 2881 2289 des Theaters etwas verbessert werden könnte.
2130 2268 3038 2360 Diese Nachricht enthält mehrere sehr be¬
2037 2326 2535 2394 merkenswerte Momente.
2135 2380 3041 2439 1. Hocherfreulich ist, daß unser glänzend durch¬
2047 2431 3041 2486 geführter „Reigen“=Sturm so großen Erfolg hatte,
2046 2477 3048 2549 daß das Bernau=Geschäft dadurch so schwer be¬
2042 2515 2402 2584 troffen wurde.
2129 2551 3049 2637 2. Es ist hochinteressant, daß sich die jüdischen
2035 2598 3032 2664 Proletarierführer mit solcher „Begeisterung“ für
2050 2658 3046 2710 den Bernau und sein Geschäft einsetzen, in dem
2036 2701 3034 2761 Tarifverträge den Bediensteten gegenüber
2032 2738 2693 2807 nicht eingehalten werden.
2129 2789 3040 2856 3. Es sei schon heute mit allem Ernst darauf
2034 2843 3046 2894 hingewiesen, daß das deutsche Christenvolk von
2034 2885 3032 2938 Wien eine Fortsetzung des „Reigen“=Skandals in
2035 2939 3039 2991 welcher Form immer nicht dulden wird. Es
2049 2975 3040 3030 handelt sich da um eine Ehren= und Machtfrage des
2033 3023 3047 3063 Christenvolkes. Die Wiedergestattung der Auf¬
2034 3052 3038 3125 führungen wäre ein casus belli in aller Form.
2116 3162 2977 3260 Entgegengesetzte Sittlichkeitsbegriffe
2129 3235 3034 3293 Daß die I# enschaft das, was christlich=deutscher
2043 3273 3033 3332 Volksgeist als um ttlich erkernt, für gut hält und um¬
2035 3331 3035 3380 gekehrt das, was inser Volksgeist als gut erkennt, für
2035 3373 3026 3423 unanständig ansi##t beweist neuerdings die jüdischrete
2048 3408 3034 3449 Arbeiterze jung' vom 26. Februar 1921, die
2043 3487 2942 3537 Sprengung der „Reigen"=Vorstellungen berichtet:
2125 3532 3032 3584 „Im kleinen Schauspielhaus kam es bei der
2037 3570 3033 3623 „Reigen'=Aufführung am Dienstag zu einem groß¬
2046 3613 3024 3670 zügig inszenierten, aber von der Polizei ebenso groß¬
2041 3657 3033 3702 zügig und schnell unterdrückten Skandal. Die Di¬
2041 3694 3024 3742 rektion war schon vorher unterrichtet worden, daß von
2039 3726 3017 3775 mehreren radaubeflissen idealistischen
2033 3768 3031 3818 Organisationen, wie dem Deutschvölkischen Schutz= und
2037 3812 3024 3855 Trutzbund und dem Bund deutschnational gesinnter
2045 3849 3032 3894 Soldaten, für den Abend ein großer Skandal geplant
2133 3887 3023 3935 Sie benachrichtigte die Polizei, die ihr die Ver¬
2048 3891 2128 3935 ei.
2042 3923 3025 3974 sicherung gab, daß alle Vorsichtsmaßregeln getroffen
2033 3968 3034 4015 würden und das Stück ruhig gespielt werden solle. Bei
2036 4007 3031 4055 der vierten Szene brach denn auch wirklich der Radau
2044 4051 3024 4099 os mit Johlen, Pfeifen, Stinkbomben, Schwefelwasser¬
2047 4082 3034 4128 toffspritzen und was es sonst noch an ibealistischen
2734 4122 3008 4191 Me
