3336 4416
221 139 736 247 11. Reigen
918 139 1342 241 box 17/5
1935 265 2477 376 Der Reigen
1747 430 2694 545 der Temonstkationen.
1727 543 2843 606 Zehn Szeuen hat das unglückliche Stück von Schnitzler,
1620 598 2839 663 das die österreichische Politik beschäftigt Wieviel Szenen werden
1624 644 2835 700 alle die Nachspiele ausfüllen, die der Aufführung folgen? Wir
1631 679 2835 752 hatten den ersten mißglückten Vorstoß des Bundesministers des
1622 740 2849 797 Innern. dann eine stürmische Sitzung des Nationairates, einen
1616 780 2852 853 kleinen Rummel vor dem Theater und am Mittwoch eine Wieder¬
2640 826 2826 885 war #
1619 830 2567 898 halung der gleichen Epsode, die schor bester tnszen
1622 873 2846 948 ihrem Regisseur alle Ehre macht. Dann kam gestern das Verbot der
1637 918 2851 990 „Reigen“=Verstellungen durch den Polizeipräsidenten und wie sich
1627 979 2849 1034 der Landtag Wien und der Bürgermeister als Landeshauptmann
1628 1021 2844 1075 dazu verhalten werden, das dürfte vielleicht heute in der Landtags¬
1627 1060 2853 1128 sitzung klar zutage treten. Politik, Lileratur, Verwaltungs= und
1618 1112 2852 1182 Kompetenzkonflikte, welch Gebräu! Der Moralist regaliert sich
1623 1165 2851 1225 daran und mag nach Laune und Geschmack damit seine Philosophie
1630 1210 2865 1268 nähren. Aber die eine Szeue im Reigen der vielen, die um
1633 1254 2849 1317 eines Theaterstückes willen vor Wien und dem gewiß staunenden
1630 1298 2859 1369 Ausland aufgeführt werden, verdient vor allem eine eingehendere
1621 1355 1863 1424 Betrachtung.
1741 1381 2868 1458 Die Straße hat sich gestern in den Streit zemengt, und
1624 1438 2872 1521 zwar in einer Art, die in Wien noch unbekannt war. Es war
1633 1506 2855 1559 unverhüllter Terror, der die Unterbrechung der Vorführung er¬
1628 1546 2857 1609 zwang und dem Verbot voranging. Die Sache hätte geradezu
1633 1595 2852 1655 tragisch endigen können, sie ging bloß schmählich aus. Als man
1626 1653 2847 1709 einige der Demonstranten verhaftete, sah man daß ein Kommis,
1626 1691 2859 1750 ein Tapezierergehilfe, ein Schuhmachergehilfe und ein Zahn¬
1630 1732 2840 1793 technikerlehrling unter anderen in die Diskussion, ob der „Reigen“
1636 1785 2861 1847 sittlich oder unsittlich, szenisch darstellbar oder nicht ist, tatkräftig ein¬
1633 1826 2859 1893 gegriffen hatten. Nun sind die Berufe, deren Vertreter die Literaturzenfur
1632 1877 2857 1947 in der Republik übernommen haben, gewiß höchst ehrenwert, aber
1635 1923 2856 1992 geradezu für ein entscheidendes Votum in Literaturfragen kaum
1628 1973 2857 2036 geeignet. Diesmal galt der Kampf einem Stück, über das ein
1637 2032 2865 2083 Für und Wider vollkommen auch vom Standpunkte der Geistigkeit
1641 2073 2849 2127 aus möglich ist. Wenn sich aber jetzt die Straße mit ihren
1637 2113 2856 2182 übelsten Leidenschaften und Methoden auf ein derartiges Gebiet
1630 2174 2857 2230 begibt, so weiß niemand, wo sie Halt machen wird. Vor¬
1631 2211 2853 2272 gestern glaudte sie sich in ihrem sittlichen Empfinden durch
1633 2258 2866 2323 den „Reigen“ beleidigt. Wer garantiert, ob sie morgen nicht
1631 2310 2867 2367 Schönheirs „Glaube und Heimat“ als eine Stellungnahme
1633 2353 2866 2408 in einem Kulturkampfe auffassen und sich danach verhalten
1632 2406 2857 2460 wird? Einem derartigen Terror gegenüber hört der Gedanke
1647 2449 2863 2511 überhaupt zu existieren auf und die verschüchterten Theater¬
1633 2506 2857 2560 direktoren, die die Einrichtung ihres Zuschauerraums intakt behalten
1646 2550 2864 2613 wollen, werden sich vielleicht bald darauf beschränken müssen, nur
1645 2594 2857 2651 das Haustheaterrepertoire gewisser Gesellenvereine bei sich
1648 2640 2867 2698 aufzuführen. Daß ein solcher Zustand unmöglich ist, bezweifelt
1647 2697 2869 2756 kaum jemand. Aber, wird man entgegnen, die Straße ist
1647 2746 2865 2797 unverantwortlich. Sie ist elementar, wie eben ein Elementar¬
1646 2785 2867 2845 ereignis, das man, soweit dies in den schwachen menschlichen
1646 2834 2879 2910 Kräften steht, nicht herausfordern darf. Im Prinzip ist dies
1638 2881 2865 2956 richtig. Doch wird niemand glauben machen wollen, daß die
1635 2937 2866 2987 Demonstration von Mittwoch so durchaus spontan war. Der
1648 2979 2870 3036 Jahntechnikerlehrling und der Schuhmachergehilfe haben sich nicht
1629 3025 2860 3078 durch die Aufführungen des „Reigen“ von selber in ihrem
1633 3070 2870 3133 sittlichen Gefühl beleidigt gefühlt. Jemand wird ihnen darüber
1641 3132 2858 3186 gewiß drastische Aufklärungen gegeben und ihre kochende Volksseele
1644 3182 2856 3231 geheizt haben. Diesen Jemand aufzufinden, wire eben interessant.
1651 3221 2849 3281 Man wußte am Mittwoch nachmittag in Wien, daß „etwas
1641 3266 2857 3319 in den Kammerspielen vorgehen werde. Wo flatterte
1639 3314 2864 3373 diese Nachricht auf, wer hat das Lesungswort gegeben?
1652 3363 2869 3416 Wer maßt es sich an, die Straße in einem Kampse
1645 3407 2727 3466 zu mobilisieren, der nicht mit Stinkhomben
2730 3411 2866 3469 und
1649 3458 2869 3520 Teereiern, sondern mit anderen Argumenten geführt zu werden
1647 3508 2866 3566 pflegt. Fast scheint es, daß jene Regisseure, die sonst die Warnung
1650 3554 2772 3609 vor dem Terror der Straße sehr gerne im Munde führen,
2788 3562 2861 3615 es
1648 3598 2868 3653 diesmal nicht ungern sehen, wenn die Zensur, die sie noch leichter
1648 3652 2863 3706 dirigieren, als in den feeligen vergangenen Zeiten und die noch
1638 3694 2847 3759 viel wirksamer ist als jene andere, beim diskutablen „Neigen
1642 3790 2003 3854 beliebt, aufzuhören.
1750 3843 2868 3895 Dagegen aber moß mau sich sohrn am Anjang auf
1628 3883 2901 3951 d gleeamns Meinen. Mas hat Die Seiun
