3336 4416
977 248 1394 338 box 17/6
272 254 783 355 11. Reigen
1068 634 1409 738 42. 2.1921
630 754 804 827 Seite 4
1463 762 1654 832 Samslag
687 855 1734 940 Wüste Lärmszenen im Wiener
1052 932 1357 1026 Landtag.
591 1007 1807 1070 Bürgermeister Reumann gegen den Minister des
1113 1063 1309 1128 Innern.
881 1115 1545 1163 Originalbericht des „Neuen Wiener Journals“.)
720 1160 1801 1217 Der Wiener Gemeinderat, der gestern wieder als Landtag für
595 1193 1802 1249 Wien zu einer Sitzung zusammentrat, beschäftigte sich in dieser neb
599 1243 1814 1293 anderen weniger belangvollen Dingen mit einem Antrage Breitners
599 1278 1815 1329 auf Einhebung einer Adgabe von Kraftwagen und verlieh der betreffen¬
596 1314 1816 1372 den Gesetzesvorlage seine Venahmigung. Am Schlusse der Tagesordnung
594 1360 1810 1399 gelangte ein Dringlichkeitsantrag. Speisers betreffend das vom
606 1385 1813 1441 Bundesminister für Inneres und Unterricht, Dr. Glanz, erlassene
595 1426 1801 1476 Verbot der weiteren Aufführung des vielumstrittenen S#h#i###schen
601 1470 1802 1513 Schauspiels „Reigen zur Dehatte. Schon die Ankündigung deses
602 1507 1730 1561 Antrags löste bei den Chrislichsegialen lebhaffe Zwischenrufe aus,
1726 1511 1801 1559 die
600 1546 1807 1590 eine stürmische Auseinandersetzung erwarten ließen. Es fielen Rufe wie:
599 1579 1637 1638 „Sauspiel!“ Schweinerei!“ und ein vielstimmiges „Pfui!“.
709 1619 1809 1663 Stadtrat Speiser verlas seinen Antrag, in dem es heißt:
721 1663 1802 1715 „Nach der Theaterverordnung vom 14. November 1850 bedarf
596 1693 1807 1753 jede Bühnenproduktion vor ihrer erhen Darstellung der Aufführungs¬
579 1722 1806 1784 bewilligung von Seite des Statthalters. Nach § 5 kann die erseilte Be¬
595 1774 1809 1823 willigung aus Beweggründen der öffentlichen Ordnung jederzeit zurück¬
602 1818 1803 1860 genommen werden Zuständig zur Erteilung einer Aufführungsbewilligung
560 1827 1801 1908 Hund zur Zurücknahme der Bewilligung ist somit der Statthalter. Nach
600 1892 1801 1933 dem neuen Bundesverfassungsgesetz ist an Stelle des Statthaliers der
594 1926 1801 1970 Landeshauptmann getreen. Das Verbot des Bundesministers für
591 1966 1807 2017 Inneres und Unterricht greift allo in die Komperenz des Landeshaupt¬
593 2010 1812 2053 manns ein. Ich stelle daher den Antrag: Der Herr Bürger¬
593 2043 1800 2090 meister als Landesbauptmann wolle die Auto¬
596 2080 1818 2151 nomie des Laudes Wien gegen jeden Eingriff
591 2111 1662 2168 der Bundesregierung energisch wahren.
719 2154 1828 2207 Der Antragsteller bemerkre am Schluß der Verlesung seines An¬
593 2171 1809 2246 trages unter fortwährenden stürmischen Zwischenrufon, der Zweck des
601 2233 1802 2292 Antrages bei nicht, den Inhalt des Stückes zu verteidigen, sondern
605 2270 1806 2325 hloß die Ankonomie des Wiener Landtages, der sich nicht als eine
599 2311 1271 2358 Stelle für Theaterkritik aufspielen solle.
715 2333 1807 2393 Frau Gemeinderätin Dr. Motzko=Seitz, die als erste in
597 2385 1801 2431 die Debatte eingreift, erklärt unter großer Unruhe, die nun von den
599 2427 1803 2471 Sozialdemokraten ausgeht, daß der Landeshauptmann von Wien sich
607 2462 1811 2510 schwer gegen das Volk von Wien versündigt habe. Es sei unglaublich,
598 2494 1147 2549 daß dieses Stück „Reigen,
1158 2505 1813 2555 das, nichts anderes sei. als eine
600 2538 1800 2587 Konzession auf die Geilheit eines auswärtigen Schietertums
600 2578 1800 2635 in Wien aufgefühet werden dürfte und daß, entgegen allen Einsprachen
608 2620 1800 2665 der Landeshauptmann von Wien dieses Stück schützt. — Rednerin erkebt
596 2653 1803 2700 namens ihrer Partei „flammenden Protest gegen dieses Vor¬
596 2694 1805 2742 gehen, das die Wärde und die Ehre deutscher Frauen auf das tiefste
603 2733 1794 2774 verletzt". — „Wir Frauen von Wien“, ruft Frau Dr. Motzko in leiden
614 2766 1805 2812 chaftlicher Erregung aus, „begeüßen es von ganzem Herzen, daß die
609 2807 1811 2859 Regierung den Mut gehabt hat, diesem Skandal Einhalt zu gebieten,
604 2847 1805 2894 und wir verlangen vom Landeshauptmann, daß er sein Verhalten hier
598 2880 787 2946 rechtfertige.
720 2903 1811 2972 Aus dem fortgesetzten Lärm hört man nur den Ruf der Sozial¬
598 2953 1259 3005 demokraten heraus: „Relbinger=Moral!
717 2990 1811 3044 Kunschak, der mitten im Tumult das Wort ergreift, führt
594 3028 1806 3094 unter anderem aus: Nicht nur die Bevölkerung Wiens, sondern auch
597 3074 1815 3133 die anderer Städte und auch die des Deutschen Reiches habe die Auf¬
601 3113 1806 3165 führung des „Reigen“ abgelebut und wenn schon der Friedensvertrag
594 3153 1802 3207 den Anschluß Deutschösterreichs an Deutschland nicht gestatte, so sei doch
596 3194 1811 3241 nicht verboten, daß wir uns in sittlicher und kultureller Beziehung an
594 3229 1096 3290 das deutsche Volk anschließen.
707 3269 1808 3325 Auf einen Zwischenruf der Christlichsozialen erwidert der Vor¬
601 3288 1800 3358 sitzende Schorsch, der Gegenstand der Debatte handle sich um erwas
603 3348 1808 3392 das, wenn der Antrag richtig ist, die Autonomie des Landeshaupt¬
592 3378 1811 3430 mannes verletzen soll. Kunschak beantragte, anknüpfend an diese
594 3420 1803 3476 Bemerkung des Vorsivzenden, den Antrag Speiser zu prüfen und dem
595 3459 1699 3513 Landtag über das Ergebnis dieser Brüsung Bericht zu erstatten.
709 3501 1816 3553 Der Lärm tobt ununterbrochen fort. Er verstummt während der
598 3534 1811 3590 nun folgenden Rede des Bürgermeisters Reumann für kurze Augen¬
594 3575 1812 3630 blicke, um immer wieder von neuem loszudrechen. Der Bürgermeister
593 3611 1809 3664 spricht in großer Erregung und zuweilen mit Aufgebot seiner ganzen
592 3650 797 3703 Stimmittel.
664 3702 1748 3772 Die Rede des Landeshauptmanns Reumann.
705 3758 1816 3825 Landeshauptmann Reumann bedauert es, daß der Anlaß zu
588 3797 1812 3849 dieser Debatie über ein michtiges Versassungsrecht die Ursache
594 3838 1807 3899 in der Aufführung des Reigen“ hat. Er hätte gewünscht, daß ein
592 3879 1811 3933 wichtigerer Anlaß dazu Gelegenheit gegeben hätte. Da nun diese Frage
593 3915 1802 3980 so vom Zaune gebrochen wurde, so müsse er vor allem darauf ver¬
596 3956 1805 4008 weisen, daß in den perschiedensten Tingeltengels die Sittlichkeit verletzt
595 3991 1803 4051 werde. (Zustimmung bei den Sozialdemokraten. Die christlichsozialen
593 4029 1799 4093 Gemeinderäte machen in zahlreichen Zwischenrufen dem Redner Ein¬
592 4065 803 4124 wendungen.)
707 4083 1812 4169 Landeshauptmann Reumann: Denken Sie nur an den
596 4137 1804 4203 Wimberger! Die Erinnerung an die Madame Aschanti
598 4183 1804 4257 ist Ihnen sehr zuwider. (Zustimmung bei den Sozialdemokraten.
590 4221 1338 4266 Heftige Gegenrufe bei den Chrislichsozislen
718 4261 854 4295 n
2151 764 2603 830 Neues Wiener Journa!
1827 845 3053 906 Rechte um kein Jota abweichen. (Lebhafte Zustimmung bei
1846 883 3043 941 den Sozialdemokraten, Gegenrufe bei den Christlichsozialen) Das ist
1842 928 3044 976 die Entscheidung und nun soll Heer Glanz das
1839 963 2256 1019 Gesetz verletzen!
1945 990 3054 1044 Gegen Schluß der Rede des Landeshauptmanns, die zum großen
1837 1030 3039 1091 Teil von Gegenrufen der christlichsozialen Gemeinderäte begleitet war,
1840 1077 2535 1132 steigern sich die Gegenrufe immer mehr.
2546 1075 3059 1136 Die Sozialdemokraten jubeln
1838 1118 3035 1188 dem Bürgermeister zu. Es werden Rufe laut: „Nieder mit der
1842 1153 2514 1207 stegierung!“ „Abzug Glauz!
1945 1191 3040 1244 Knnschak protestiert dagegen, daß der Landeshauptmann als
1838 1233 3040 1275 stärkstes Argument zum Schutze der Ehre der Gemeinde Wien es nicht
1840 1273 3040 1319 gegen seinen Geschmack gefunden habe, zu verweisen auf einen Fall,
1844 1316 3042 1356 er sich vor einem Vierteljahrhundert in Wien ereignet hat und einen
1834 1348 3047 1395 Mann betifft, über dessen Leib schon seit fünfzehn Jahren der
1835 1385 3054 1426 Rasen liegt, obwohl der Landeshauptmann wissen mußte, daß
1838 1423 3048 1468 der Mann, der das erste Mal dieses Argument gegen
1841 1461 3040 1517 den per storbenen Abgeordneten Gregorig gebrauchte, vom Gerichte
1838 1496 3039 1547 als Verleumder mit mehrmonatiger Kerkerstrafe bestraft worden ist.
1834 1532 3041 1610 (Lebhafte Pfuirufe und Rufe: So ein Landeshauptmann! Leichen¬
1832 1575 2013 1633 schändung!
1952 1601 3050 1668 Der Antrag des Abgeordneten Kunschak wird sodann von
1836 1659 3046 1710 der Mehrheit abgelehnt. der Antrag Sveiser mit genügender
1832 1695 2912 1750 Mehrheit der geschäftsordnungmäßigen Behandlung zugewiesen.
1955 1712 3056 1784 Die Landtagssitzung wird hierauf geschlossen
1833 1767 3055 1824 und nun erledigt der Gemeinderat als solcher eine Reihe wenig
1835 1809 3042 1857 belangvoller Angelegenheiten. Die Gemeinderatssitzung.
1832 1846 3051 1900 die einen ruhigen Verlauf nahm, währte bis in die Nachtstunden.
2026 1975 2864 2065 In den Kammerspielen.
1838 2039 3056 2114 Die Vorstellung ohne Zwischenfall ver¬
2344 2101 2556 2183 laufen.
1944 2154 3053 2219 Nach dem gestrigen Krawall im Parlament bestand die Be¬
1845 2201 3060 2261 ürchtung, daß es bei der Vorstellung des „Reigen“ in den
1841 2260 3057 2309 Kammerspielen zu Störungen kommen werde. Diese Befürchtung
1836 2307 3052 2362 stellte sich aber als unbegründet heraus. Die Vorstellung verlief
1838 2367 3055 2424 vollständig ruhig. Die Polizeiwache war auf zehn Mann und
1833 2406 2948 2466 einige Detektivs verstärkt worden, von denen einige
2945 2405 3054 2462 im
1842 2447 2773 2505 Zuschauerraume bei den Türen standen.
2783 2443 3057 2511 Die Vor¬
1846 2499 2913 2560 tellung war ausverkaust. Direktor Bernau,
2984 2494 3059 2559 der
1845 2546 3056 2609 mit einigen Künstlern eine Zeitlang im Vestibüle weilte.
1845 2593 3051 2646 äußerte sich zu mehreren Journaltsten, daß er den „Reigen“ fort¬
1834 2648 3045 2705 spielen werde, da er kein Verbot erhalten habe. Er hoffe, daß
1833 2690 3048 2748 es zu keinen Störungen kommen weide, da seitens des Publikums
1834 2738 3056 2800 im Theater bisher kein Protest gegen das Stück geäußert worden
1841 2785 3055 2859 sei. Das Stück sei kein unsittliches. Wenn dennoch der Versuch
1847 2831 3034 2894 gemacht werde, die Vorstellung durch bestellte Radaumacher zu stören
1838 2887 3046 2937 so müßte erwartet werden, daß die Polizei die Ruhestörer entferne.
1956 2926 3054 2985 Direktor Bernau teilte mit, daß er gestern bei Minister
1840 2976 3048 3029 Glanz vorgesprochen und sich bereit erklärt habe, falls Ein¬
1839 3028 3046 3087 wendungen gegen das Stück erhoben werden, durch etwaige
1832 3076 3042 3130 Kürzungen oder durch Herablassen eines Vorhanges an gewissen
1843 3121 3034 3180 Stellen sein Entgegenkommen gegenüber den Behörden zu zeigen
1831 3170 3052 3232 Jedenfalls werde er im Falle eines Verbotes mit allen Mitteln
1844 3213 3055 3275 und durch alle Instanzen des Rechtsweges die Wiederbewilligung
1831 3260 2264 3330 des Stückes erkämpsen.
