3532 4224
408 69 551 159 11.
590 85 910 172 Reigen
1112 83 1522 173 box 18/2
1531 2146 1574 2188 r
1540 2291 1582 2346 5
1535 2336 1580 2378 Ce
1537 2370 1572 2425 ih
1539 2418 1571 2468 in
1539 2532 1583 2579 m
1545 2611 1574 2654 n
1622 15 2243 87 I d  ene
1634 80 2466 121 mobil fuhr davon, ohne daß der Schofför sich um
2354 111 2465 175 wurde
1625 107 2347 158 die Frau gekümmert hätte. Die Leiche
1626 146 2145 215 nach dem Schauhause gebracht.
1914 211 2182 282 Personalien.
1686 267 2458 330 Aus den Familienanzeigen der
1624 317 2467 361 „Vossischen Zeitung": Als Verlobte emp¬
1630 353 2469 397 fehlen sich Fräulein Eva Schlamm und Herr Otto
1637 390 2474 435 irschfeld, Fräulein Käthe Rosenthal und Herr Fritz
1628 427 2461 462 Leyser, sowie Fräulein Hildegard Landshoff und Herr
1883 465 1937 495 —
1629 455 1867 506 Karl Lauinger.
1954 462 2461 499 Ihre Vermählung geben bekannt
1633 493 2465 534 Herr Franz Dispeker (Nürnberg) und Frau Grete geb.
1630 530 2464 570 Nathanson, sowie Herr Kurt Nichter und Frau Eva
1638 562 1923 609 seb. le Viseur. —
1938 559 2473 614 Die Geburt einer Tochter melden
1628 601 2465 644 Herr Hans Knoche und Frau Grete geb. Loewenthal,
1684 635 2467 673 Herr Arthur Fraenckel (Zürich) und Frau Kläre
1617 661 2248 712 zeigen die Geburt eines Sohnes an.
1663 732 2442 797 Bei einem Raubüberfall erschossen.
1676 783 2465 845 In Lauenhagen bei Strasburg in der
1620 844 2459 894 Uckermark ist in der Nacht zum Sonntag die
1622 887 2458 940 Frau des Vorschnitters Wlaczek das Opfer
1630 937 2457 980 eines Raubüberfalls geworden. Vier unbekannt
1624 980 2460 1026 bewaffnete Räuber waren plötzlich in die Woh¬
1630 1020 2469 1079 nung des Vorschnitters eingebrungen, um sie
1624 1074 2465 1123 auszuplündern. Da Wlaczek sich zur Wehr setzte,
1635 1107 2468 1158 kam es zu einem Kampf mit den Verbrechern,
1621 1158 2466 1203 bei dem die Ehefrau des Vorschnitters er
1637 1193 2470 1259 schossen wurde. Die Täter sind, da poli¬
1630 1239 2467 1292 zeiliche Hilfe nicht gleich zur Stelle war, ent¬
1624 1290 1777 1347 kommen.
1684 1334 2463 1387 Da angenommen wird, daß es sich um Ber¬
1627 1375 2465 1432 liner Verbrecher handelt, hat die Ober¬
1622 1415 2458 1473 staatsanwaltschaft von Prenzlau die hiesige
1626 1455 2467 1514 Kriminalpolizei von dem Ueberfall in Kenntnis
1622 1510 2469 1565 gesetzt, die zur Aufklärung des Verbrechens sofort
1863 1624 2253 1696 Morgen Fridolin.
1680 1678 2474 1731 Der „Heitere Fridolin“, Nr. 2, erscheint
1629 1729 2472 1778 morgen und ist überau auf der Straße sowie in
1631 1767 2477 1816 Buch= und Papierhandlungen für 1 Mark zu
1621 1809 1780 1880 haten
1718 1872 2366 1943 Die Szent wird zum Tribunal.
1653 1943 1714 1985 „
1719 1934 2464 1996 Denn Bank an Bank gedränget sitzen Staats¬
1638 1981 2468 2028 anwalt, Richter, Verteidiger, Sachverständige,
1634 2020 2473 2060 Sittlichkeitsschnüffler, für die die Direktion des
1619 2061 2467 2110 Kleinen Schauspielhauses als Sonn¬
1622 2092 2472 2141 tags=Matinee eine Gratisvorstellung von Schnitz¬
1624 2140 2467 2185 lers „Reigen“ eranstaltet hatte, um allen denen,
1625 2176 2466 2219 die das „anstößige" Stück noch nicht gesehen
1630 2215 2465 2268 hatten, Gelegenheit zu geben, Versäumtes nach¬
1623 2252 2475 2309 zuholen. Mitten unter ihnen die Prinzipatin
1635 2297 2466 2347 Gertrud Eysoldt und Direktor Maximilian Sla¬
1629 2333 2467 2378 dek, die die Anklagebank mit dem Parkettsitz ver¬
1637 2374 2461 2417 auscht haben. Auch ein Zeuge, der in einer der
1633 2413 2461 2455 lärmenden „Reigen“=Schlachten durch polizeilicht
1624 2455 2462 2506 Gewalt verhindert worden war, die „unzüchtige“
1618 2493 2466 2543 Handlung auf der Bühne bis zum Schluß zu ver¬
1635 2538 2468 2582 folgen, konnte gestern endlich sein Billett ganz ab¬
1628 2569 2465 2617 sitzen. Mußte sogar. Denn Nichterscheinen war mit
1626 2610 2470 2653 Strafe bedroht. Dagegen war jene mutige Dame.
1634 2653 2463 2700 die für die Hebung der Volkssittlichkeit kämpft.
1633 2692 2454 2735 indem sie sich vor ## Schnitzler die Augen ver
1623 2724 2471 2771 bindet und von angewandter Liebe im Theater
1630 2769 2463 2822 nichts wissen will, nicht unter den (gerichtlich)
1638 2811 2459 2863 Geladenen erschienen, wie sich aus dem Namens¬
1626 2848 2153 2901 aufruf des Vorsitzenden ergab.
1680 2879 2466 2941 Die seltsame Matinee wurde nicht, wie sonst
1626 2922 2463 2970 üblich, durch ein musikalisches Vorspiel, sondern
1624 2967 2474 3017 durch die richterliche Mahnung eingeleitet, die
1636 3001 2468 3050 Vorstellung weder durch Aeußerungen des Bei¬
1631 3045 2464 3091 falls, noch des Mißfallens zu unterbrechen, da es
1634 3086 2459 3135 ich nicht um eine Theateraufführung handle, son¬
1627 3127 2459 3176 dern um einen Lokaltermin. Was im übriger
1624 3163 2463 3210 nur daran zu erkennen war, daß die Aufbewahrung
1623 3203 2458 3249 der Garderobe nichts kostete, daß an Stelle der
1635 3245 2454 3295 jalonierten Logenschließer und Zettelverteilen
1623 3283 2460 3329 uniformierte Gerichtsdiener den Eingang zum
1627 3321 2472 3367 Parkett überwachten und daß, solange die unter
1630 3362 2460 3408 der Regie von Herbert Reusch und unter Anklage
1627 3401 2469 3447 stehenden Schauspieler sich im Reigen drehten, im
1625 3441 2466 3483 Zuschauerraum kein Butterbrotpapier knisterte.
1631 3479 2456 3524 Es war überhaupt still und stimmungslos be
1623 3514 2457 3567 dieser Zwangs=Vorstellung. Nicht einmal die
1632 3558 2468 3606 unsittliche“ Zwischenaktsmusik, die nach der Auf¬
1631 3598 2468 3646 fassung der Staatsanwaltschaft durch den Rhyth¬
1631 3635 2468 3689 mus im Zusammenhang mit den Vorgängen auf
1620 3672 2455 3728 die Bühne sinnliche Vorstellungen erwecke, war
1629 3712 2458 3756 imstande, eine irgendwie geartete Erregung unter
1624 3751 2462 3797 dem Publikum hervorzurufen. Was Herrn Pro¬
1622 3792 2458 3842 fessor Brunner veranlaßt hat, vorzeitig den Zu¬
1619 3827 2456 3901 schauerraum zu verlassen, war nicht festzustellen.
2509 1147 2554 1208 74
2524 41 3378 120 Dr mct uee D anen wurgermen
2526 102 2808 158 teien überzeugt¬
2593 188 3377 254 Zur Bildung des neuen preußischen Kabinetts
2529 243 3380 301 hören wir, daß der frühere Ministerpräsident
2526 290 3367 344 Stegerwald die Uebernahme des für ihn
2531 330 3369 398 offengelassenen Wohlfahrtsministeri¬
2529 379 3213 430 ums endgültig abgelehnt hat.
2590 414 3378 473 Im Handelsministerium wird wie¬
2530 453 3379 518 der der Posten eines Staaissekretärs ge¬
2535 507 3370 561 schaffen werden; bei der Bildung der Ministerliste
2526 555 3373 605 wurde vereinbart, daß auf ihn ein Mitglied der
2537 590 3380 656 Deutschen Volkspartei berufen werden soll.
2682 705 3230 776 Butterbrot mit Edelstein.
2712 761 3375 825 An der holländischen Grenze wurde ein
2666 805 3369 858 Brillantenschmuggler festgestellt, der dadurch
2664 844 3368 892 den Verdacht der Ueberwachungsbeamten
2676 878 3377 920 erregt hatte, daß er in ein Butterbrot eine
2666 919 3364 959 geößere Anzahl loser Brillanten eingedrückt
2667 951 3366 1006 hatte, um sie unauffällig über die Grenze zu
2668 978 2787 1033 bringen.
2564 1013 3131 1092 Wenn Du noch eine Butter hast,
2567 1081 3164 1144 So danke wirklich Gott deswegen,
2570 1132 3260 1200 Und streich' Dein Brot #ewkt zur Mast,
2566 1162 3188 1217 Statt Dir Brillanten braufzulegen.
2566 1215 3163 1270 Brillanten sind kein „Bu#terbrot“,
2566 1260 3193 1305 Sie sind geschaffen, um zu glänzen
2564 1301 3203 1353 Ob dem Belag Beschlag auch droht,
2557 1352 3346 1415 Kennt Deine List doch — keine Grenzen,
2598 1414 3114 1477 Eh Du verlassen unser Land,
2566 1472 3258 1532 Ist Dein Geheirinis längst verpfiffen,
2564 1509 3155 1568 Geschliffen ist wohl der Brillant,
2559 1550 3252 1621 Die Zöllner sind meist — ungeschliffen.
2567 1605 3175 1664 Sie wittern in der Schmiere —
3179 1606 3324 1664 Geld,
2573 1649 3240 1707 Und machen Deinen Plan zuschanden:
2574 1697 3228 1745 Man führt Dich, jeder Zoll ein Held
2561 1737 3076 1806 Nach Diamantua in Banden.
2565 1803 3128 1879 Fort ist Dein Frühstücksappetit,
2567 1852 3210 1918 Seitdem die Männer Dich erkannten:
2569 1903 3102 1963 Du beißt bei ihnen auf Granit
2567 1953 3145 1998 Und hissest lieber auf Brillanten.
2565 1992 3233 2057 Ja, solche Kost schafft manchmal Druck,
2561 2038 3121 2095 Nicht jeder kann sie gut vertrage
2557 2067 3231 2145 Nun liegt Dir Dein Brillantenschmuck,
2564 2129 3144 2194 Der unverzehrte, doch im Magen.
2559 2180 3234 2271 Prost Mahlzeit! Doch die 'war zu fett,
2561 2249 3200 2309 Weil Du umgangen ein Verbot hast
2564 2288 3216 2352 Du hast hier keinen Stein im Brett,
2560 2334 3231 2388 Solange Du den Stein im Brot hast.
2559 2383 3217 2436 Dies teilst Du nun mit unserm Land,
2565 2429 3139 2472 Das solche Speisen sehr erlaben:
2568 2467 3141 2518 Brillanten schmecken ihm brillant
2562 2512 3140 2581 Es wünscht Dir — wohl gespeist
3153 2509 3324 2578 zu haben.
3247 2558 3336 2616 My.
2665 2600 3238 2676 Das große Presse=Konzert.
2576 2653 3358 2702 Mattia Battistini wird in dem großen Kon¬
2529 2700 3360 2744 zert, das der Verein „Berliner Presse“ Mittwoch,
2531 2727 3353 2771 . November, 7½ Uhr, im Marmorsaal des Zor
2519 2767 3356 2807 veranstaltet, an weiteren Gaben die Arie Germonts
2533 2801 3345 2840 aus „Traviata“ und den Prolog aus „Bajazzo
2532 2839 3356 2882 ingen. Rudolf Laubenthal, der neben Mafalde
2531 2873 3368 2916 Salvatini, Ibolyka Gyarfas und Georg Bertram in
2521 2907 3365 2947 den Kreis der Mitwirkenden getreten ist, singt Arien
2526 2942 3357 2989 von Meyerbeer und Puccini. Am Flügel Bruno
2527 2978 3362 3025 Seidler=Winkler. Karten auch an der Billettkasse
2520 3014 3024 3068 des Marmorsaals, Adlerportal.
2548 3077 3348 3164 Polnische Drohnote an Rußland.
2714 3142 3164 3206 Eigene Drahtung.
2950 3196 3330 3264 Rom, 6. November.
2568 3234 3350 3304 Die heute hier bekannt gegebene jüngste pol¬
2532 3286 3355 3355 nische Note an Sowjet=Rußland trägt fast
2517 3344 3355 3414 ultimativen Charakter. Die polnische
2519 3394 3361 3449 Regierung behauptet darin, daß „die Sowjet¬
2515 3438 3350 3501 Regierung bisher nicht einen einzigen Punkt des
2523 3493 3348 3559 freiwillig unterzeichneten Friedensvertrages loya
2518 3540 3361 3599 erfüllt,“ vielmehr diesen Vertrag „methodisch
2531 3584 3347 3634 sabotiert und seine Erfüllung hinausgezogen“
2515 3638 3351 3687 habe, sie müsse „überhaupt bezweifeln, daß die
2522 3685 3354 3743 Sowjet=Regierung entschlossen sei, irgendwelche
2520 3732 3353 3788 übernommene Verpflichtungen zu erfüllen“. Die
2514 3787 3362 3837 Note schließt in der Form eines, wenn auch
2510 3831 3363 3896 noch nicht befristeten Ultimatums, daß
