3392 4256
945 97 1357 177 box 18/1
241 95 743 192 11. Reigen
689 1001 1533 1087 Der Tanz um den „Reigen“.
613 1078 1699 1151 Im liberalen Berliner Blätterwald rauscht es wild auf
527 1099 1698 1203 vor Entrüstung, die künstlerisch sein mächte, aber gekünstelt
519 1179 1693 1244 erscheint, weil in der Verhandlung vor dem Landgericht III
520 1220 1697 1268 am 3. Januar die Direktion des KleinlSchauspiel¬
519 1266 1692 1338 hauses, die trotz einer einstweiligen Pokfügung desselben
519 1312 1694 1371 Landgerichts nichts Besseres zu tun wäßte als einen Tag
525 1358 1686 1417 vor Weihnachten die Schnitzlersche Nöpelle in Dialog¬
517 1397 1685 1469 form „Reigen“ aufzuführen, nicht ##lanweg frei¬
517 1451 1681 1502 gesprochen wurde. Die Mitglieder des Gesichts wollen sich
528 1492 1691 1542 erst selbst eine Vorstellung ansehen, bever sie ihr Urteil
522 1530 1690 1595 prechen, womit sie sich meines Erachtexs aufs Glatteis
528 1582 1687 1637 führen und von einer einfachen Rechtsfrage auf eine für sie
526 1626 1597 1690 am Ende nicht so einfache Kunstfrage absrängen lassen.
591 1659 1686 1711 Die Dinge liegen doch zunächst so: Einstweilige Ver¬
520 1705 1682 1770 fügungen waren bisher immer noch dazu da, „einstweilen“
511 1760 1679 1807 wenigstens befolgt zu werden. Bis nämlich das Gericht zu
512 1799 1681 1849 einem Beschluß gekommen ist. Wenn sich die Direktion
511 1838 1686 1895 eines Theaters darüber hinwegsetzt mit der billigen, aber
510 1883 1684 1944 einträglichen Geste des neuen freien Menschen, der sich um
519 1933 1681 1983 gerichtliche Verfügungen nicht mehr zu kümmern braucht,
531 1974 1684 2020 o ist es Sache des Gerichts, wenn es sich nicht selbst um
513 2020 1680 2066 jedes Ansehen bringen will, solchen Menschen zunächst ein¬
505 2061 1679 2120 mal klarzumachen, daß sie immer noch in einem Rechts¬
509 2099 1680 2151 staat leben, dessen Anordnungen, auch wenn sie unbequem
509 2150 1675 2197 und zunächst geschäftsstörend sind, zu befolgen sind, weil
512 2189 1684 2244 auch diese Menschen die Vorteile des Rechtsstaates für sich
513 2228 1668 2288 in Anspruch nehmen. Mit Kunst hat diese Frage also nichts
501 2272 645 2336 zu tun.
588 2302 1674 2370 Ferner besitzt die Hochschule für Musik als Vermieter
504 2362 1667 2418 unzweifelhaft das Recht, ihrem Mieter eine solche Auf¬
518 2403 1668 2457 führung auf Grund des Vertrages, den sie mit ihm
501 2455 1664 2504 geschlossen, und den der Mieter unterschrieben hat, zu ver¬
510 2491 1679 2559 bieten. Ja, die Hochschule für Musik, in der Jugendliche
507 2533 1666 2591 besonders zahlreich ein= und ausgehen, hat in diesem Falle
507 2580 1666 2643 sogar die Pflicht, von ihrem Necht im Interesse dieser Jugend
516 2621 1674 2703 Gebrauch zu machen, denn Schnitzlers „Reigen“ ist nicht nur
502 2674 1665 2723 vom Landgericht als „objektiv unzüchtig, sondern vom
498 2717 1671 2775 Dichter selbst als sittlich bedenklich dadurch gekennzeichnet
504 2769 1668 2831 worden, daß er die Arbeit als Privatdruck herausgab
502 2807 1665 2864 und nicht im allgemeinen Buchhandel erscheinen ließ. Und
501 2848 1660 2897 wenn liberale Gazetten jammern, das alles sei für den Ver¬
495 2892 1667 2946 mieter nur ein Vorwand, um den Mieter vorzeitig an die
498 2934 1668 2993 Luft zu setzen, so ist das, auch wenn es sich um ein
496 2983 1664 3033 Theater handelt, um deswillen immer noch keine Kunst¬
498 3026 1663 3081 angelegenheit, sondern nach wie vor nur eine Frage des
501 3068 1673 3119 Rechts. Der Mieter kannte ja seinen Kontrakt und dessen
502 3115 1671 3161 Klausel, die ihm die Aufführung politisch oder sittlich bedenk¬
503 3158 1666 3214 licher Stücke verbietet. Er hatte also allen Grund, auf
501 3201 1659 3264 seiner Hut zu sein, um dem Vermieter keinen Anlaß zum
503 3247 1659 3299 Eingreifen zu geben. Schien ihm Geschäftemachen wichtiger
497 3297 1655 3364 als Vorsicht, so mag das eine Frage der Moral sein, sicherlich
496 3337 1139 3385 aber nicht eine Frage der Kunst.
582 3376 1659 3427 Drittens aber, wie hier schon angeführt: der „Reigen“
492 3418 1664 3476 ist kein Theaterstück, sondern eine Novelle. Einen künst¬
498 3469 1652 3533 lerischen Grund, eine Novelle auf die Bretter zu bringen,
490 3513 1663 3571 gibt es überhaupt nicht. Gerade bei dieser Novelle, trotzdem
497 3560 1662 3635 sie aus Diaologen besteht, spricht sogar alles, jeder künst¬
484 3603 1486 3661 lerische Geschmack gegen eine Theaterdarstellung.
577 3642 1648 3706 Schnitzler, der ja auch Mediziner ist, reizte es nämlich,
492 3695 1657 3749 einmal darzustellen, wie die Menschen, die sich gar so wichtig
486 3740 1658 3790 nehmen, doch nur um das Geschlechtliche ihre bunten Reigen
755 3833 799 3870 —
2216 145 2343 247 L
1775 266 2935 345 tanzen, bis der Zweck der Natur erfüllt ist. Zehn Pärchen
1767 319 2931 388 tanzen mit viel Gesurr und Gebrumm um das Geschlechtliche
1778 368 2934 434 wie die Eintagsfliegen um das Licht der Sonne. Man mag
1782 409 2926 473 olche Auffassung empörend, erniedrigend finden, aber sie
1773 448 2924 521 ist hier nun einmal da; und die erste Frage ist für mich die,
1771 493 2920 559 ob diese Auffassung eine künstlerische Darstellung gefunden
1776 532 2929 596 hat, da es sich ja um eine Arbeit handelt, die sich als Kunst¬
1767 582 2929 644 werk gibt. Diese Frage bejahe ich; und daß jedes Pärchen
1767 625 2921 687 mit den folgenden noch in einer äußeren Beziehung steht,
1762 665 2923 737 gibt der Novelle auch eine äußere starke Geschlossenheit, sie
1770 714 2927 773 rundet sich zum Kreis, was kein Bühnenwerk vermag.
1757 751 2920 815 Schnitzler hat nun aus guten künstlerischen Gründen aus
1763 787 2928 870 seinen Dialogen kein Theaterstück gemacht, was er doch
1762 840 2926 908 wirklich gekonnt hätte, wenn es seine Absicht gewesen wäre,
1756 876 2925 939 sondern eine Novelle. Es trieb ihn nämlich, seine Idee, die
1758 931 2928 992 er gestalten wollte, noch durch eine Pointe, die zehnmal
1747 972 2928 1020 varuert wird, besonders deutlich zu machen. Diese Pointe
1760 1010 2922 1080 ist aber nur mit den Mitteln der Novelle zu gestalten, mit
1756 1053 2919 1120 den Mitteln der Bühne einfach unmöglich. Die Dialoge der
1763 1096 2922 1163 Pärchen summen und surren heiter und heiß, bunt und
1760 1149 2918 1208 gewichtig daher, bis sie plötzlich verstummen, weil an die
1765 1188 2925 1241 Stelle der Gespräche die Handlung tritt, der all dies Surren
1758 1232 2911 1299 und Säuseln gilt (sagt Schnitzler). Die Novelle setzt hier
1756 1276 2912 1332 zehnmal Gedankenstriche. Auf diese Pointe steuern die zehn
1753 1314 2909 1389 Dialoge in heftigem Krescendo zu, um nach den Gedanken¬
1757 1356 2380 1413 strichen dekrescendo zu verebben.
1847 1400 2906 1465 Es kann keinen kunstverständigen Menschen geben, der
1751 1445 2913 1507 diese echt novellistische Zuspitzung theatralisch für darstellbar
1752 1486 2914 1561 hält; und wenn die Gedankenstriche im Buch auch durch
1752 1540 2906 1604 noch so rosige Gazeschleier auf der Bühne ersetzt werden:
1744 1574 2912 1645 Auf der Bühne müssen diese Dialoge in ihrer Zuspitzung
1750 1624 2917 1687 einfach unanständig wirken, weil sie in solcher Form nicht
1742 1666 2904 1723 dahin gehören und nicht für die Bühne gedacht sind. Wenn
1748 1713 2910 1776 aber behauptet wird, die Darstellung sei ungewöhnlich
1739 1748 2913 1810 dezent, so beweist das entweder nur die enttäuschte Gier
1744 1798 2906 1850 eines Pöbels, der sich statt der Gedankenstriche nicht Gaze¬
1753 1837 2903 1901 chleier, sondern die Handlung selbst versprach, oder einen
1741 1887 2902 1966 ungewöhnlichen Mangel an Einsicht in die Bedeutung
1734 1919 2128 1975 künstlerischer Form.
1821 1972 2915 2045 Wenn die Vergewaltigung dieser erolischen Novelle
1736 1991 2911 2079 durch das Theatr geduldet, ja verteidigt wird, so gibt es
1744 2053 2898 2126 dafür keine Gründe der Aesthetik. Eine solche Aufführung
1737 2098 2895 2166 ist eine Schande und eine Schmach, die der Kunst angetan
1733 2150 2912 2211 wird. Wenn ein Teil der sogenannten öffentlichen Meinung
1741 2183 2902 2255 Berlins aus Gründen, die mit Einsicht in künstlerischen
1737 2229 2896 2286 Fragen gar nichts; tun haben können, so tut, als empfände
1735 2278 2903 2340 und urteile sie anders, verwirkt sie sich selbst das Recht, in
1737 2315 2778 2388 künstlerischen Fragen ernst genommen zu werden##
2536 2359 2887 2439 Kurt Arg####
2686 2698 2822 2792 1119
2041 2714 2940 2839 MENER CARICATUREN 23 ( 1920
2043 2807 2901 2886 Artur SchnitzlersReigen“
1943 2875 2858 2951 ist gewiß nicht fürs Theater geschrieben -
1955 2938 2904 2992 es ist ein hübscher feuilletonistischer
1958 2974 2909 3057 Einfall mit vielen, manchmal billigen
1954 3050 2145 3119 Pointen.
2049 3086 2916 3163 Aber in Berlin machten sie ein
1950 3147 2906 3237 schreckliches Getue, als ob das Heil der
1949 3213 2919 3279 deutschen Literatur durch ein Verbot
1959 3286 2701 3354 der Aufführung gefährdet wäre.
2046 3327 2912 3413 Sie haben es also aufgeführt und
1957 3389 2919 3460 eine sehr zweifelhafte Wirkung erzielt.
2061 3437 2921 3525 Wenn doch Berlin zeitweise aug
1958 3506 2916 3583 der deutschen Kunst ausgeschaltet werden
1959 3570 2925 3640 könnte! Der dortige Betrieb ist doch gar
1959 3635 2188 3707 zu hitzig.
