3532 4256
382 125 483 212 11
572 131 901 234 Reigen
1084 131 1487 243 box 18/2
674 1233 1358 1348 Klose & Seidel
734 1342 1311 1423 Bureau für Zeitungsausschnitte
674 1410 1473 1535 Berlin NO 43, Georgenkithuntegt. u
651 1555 838 1645 Zeitung:
1346 1577 1415 1652 7
656 1625 754 1700 Ort:
650 1697 836 1771 Datum:
649 1977 1397 2124 „Der Kampf um den „Reigen“,
991 2084 1076 2142 Von
879 2125 1183 2213 Viktor Helling.
582 2163 1455 2301 Da Schutters „Reigen“, der dem Künster heitge.
653 2214 1136 2294 Geht hin und her der Zank
573 2246 1270 2352 Wer beispielsweise hatenkreuz=parteilich,
650 2288 1203 2387 Verdammt ihn durch die Bank.
564 2339 1396 2481 Netreicht, das ihr ein höhrer Kunstsnm eigen.
636 2405 1035 2478 Der überlauten Schar,
558 2423 1360 2562 Dir, wie man weiß, von je ein holder Reigen
631 2479 1109 2592 Im Tanz des Lebens war.
555 2550 1200 2651 Sie, die so vieles Hehre erbgepachtet.
626 2598 1124 2686 Geschmack und andern Kram,
540 2622 1345 2749 Belleicht hat mehr ste, als ihr alle dachtet,
614 2683 1145 2777 Auch noch in Pacht die Scham.
543 2743 1360 2864 und mag die auch mitunter dort grad sehlen.
609 2791 1054 2877 Wo sie uns andre brennt
538 2821 1352 2948 dier sind die Edlen, die so gern kratelen,.
601 2878 936 2948 In ihrem Element!
516 2937 595 3007 Wie
613 2944 1407 3059 eat man docht . Den Reinen, dem ist alles
593 2981 1038 3069 Richts anderes als rein.
512 3026 1349 3139 Ein Schnüssel=Schwein, diametralen Falles,
577 3077 1139 3180 Alt noch kein Trüffelschwein.
2250 275 2801 390 Klose & Seidel
2228 396 2806 460 Bureau für Zeitungsausschnitte
2184 454 2852 512 Berlin NO. 43, Georgenkirchplatz 21
2694 500 2775 574 113
2158 619 2342 697 Zeitung:
2522 605 2822 715 Berlin
2151 677 2272 753 Ort:
2158 754 2337 820 Datum:
2567 816 2681 909 hn
2157 877 3071 996 Neues vom „Reigen'=Skandal.
2108 959 3188 1057 Das Theaterstück der „Reigen“ von Schnitzler darf
2028 978 3185 1107 trotz alley Einsprüche den Nutznießern des Sitrenvekfälls noch
2022 1035 3030 1140 immer Tag für Tag als ergiebige Geldquelle dienen.
2108 1083 3189 1187 Seit einigen Wochen gibt man den Besuchern mit dem
2019 1117 3175 1225 Theaterzettel ein Heft in die Hand, in dem das Lob dieser
2017 1165 3181 1274 Schmutzerei von literarischen Größen besungen wird, in dem
2085 1214 2532 1284 man höre und staune!
2530 1248 3178 1324 — auch ein Urteil der 6. Zivil¬
2011 1252 3178 1358 kammer des Landgerichts III zu Berlin abgedruckt ist, das
2018 1292 3159 1409 diese Aufführung als „eine sittliche Tat“ verherrlicht
2010 1340 3177 1457 Dieser in deutschen Landen wohl unerhörte Richterspruch
2013 1383 3164 1502 muß in hohem Maße als „modern" bezeichnet werden. Mehr
2010 1433 3160 1548 noch als der Mangel jedes tieferen sittlichen Tinstes be¬
2001 1471 3158 1588 fremdet der Hereinfall des Gerichtes auf die Mache der ge¬
2010 1514 3162 1633 schäftskundigen Theaterleitung, von der ihre Freunde bisher
2003 1563 3161 1674 wohl nur behauptet hatten, daß sie der Kunst dienen wolle.
2000 1610 3166 1710 wenn sie mit der Spekulation auf die niedrigsten Triebe des
2003 1646 3154 1754 Schaupöbels ihre Kasse füllt. Einem preußischen Gericht blieb
1996 1689 3157 1805 es vorbehalten, das Tun dieser Leute auf eine
1998 1733 3159 1853 sittliche Absicht zurückzuführen. Herr Sladel
1990 1786 3056 1884 und Frau Eysoldt als Vorkämpfer der Sittlichkeit! —
1995 1832 3157 1951 neues ungewohntes Bild in der Neu=Berliner Kultur, zweifel¬
1985 1865 2507 1948 los von eigenartigem Reiz.
2068 1925 2682 2020 Die Stelle in dem Urteil lautet:
2094 1979 3143 2081 Die Wirkung der Aufführung soll nach der erklärten Absicht
2018 2019 3139 2129 der Direktion gipfeln in der Erzielung eines sittlichen Ekel¬
2018 2062 3137 2161 vor dem Tiefstand der Haltung weitester Bevölkerungsschichten
2024 2111 3132 2213 auf dem Gebiete des Geschlechtslebens. Auf diesen Erfolg is
2016 2148 3127 2248 jede Einzelheit berechnet. Dieser Erfolg wird bei jedem reifen
2007 2199 3130 2295 gebildeten Zuschauer auch erzielt. Vor allem beruht diese Wir¬
2015 2236 3133 2339 kung auf der ernsten Hingabe der Direktion an ihre Aufgabe
2003 2276 3125 2397 und auf ihrer überlegenen Kenntnis der Wirkung der szenischen
2006 2318 2216 2387 Darstellung.
2049 2370 3125 2483 Demnach sollte man meinen, wäre der weitere Kampf
1970 2419 3110 2524 gegen die Schmach der öffentlichen „Reigen“=Aufführung hoff
1963 2465 2151 2518 nungslos.
2151 2482 3125 2573 — Die Polizei hat ja auch noch keinen Anlaß zum
1968 2504 3110 2619 Einschreiten genommen, obwohl der Minister des Innern
1958 2548 3111 2651 immer wieder betont, daß die Wahrung der öffentlichen
1950 2596 3116 2690 Ordnung gemäß § 10, II, 17 des Allgemeinen Landrechts
1951 2635 3104 2739 ihm auch nach Aufheben der Vorzensur pflichtgemäß am
1949 2673 3118 2789 Herzen liege. Er mochte sich ja wohl durch das ermän#
1945 2775 3107 2877 einzigartige Urteil zum völligen Gewährenlassen des Un¬
1942 2841 3109 2918 zuchtstückes ermutigt sehen. Was aber gedenkt die Polizei
1939 2891 3100 2965 jetzt zu tun, nachdem eine entscheidende Wendung
1943 2922 3101 2999 in der rechtlichen Beurteilung der „Reigen“=
1936 2978 2586 3059 Aufführung eingetreten ist?
2026 3014 3098 3093 Im ausgesprochenen Gegensatz zu dem Urteil der
1942 3063 3107 3133 6. Zivilkammer des Landgerichts IlI ist nämlich der General¬
1951 3106 3104 3184 staatsanwalt beim Kammergericht der Meinung, daß die
1954 3152 3103 3231 Aufführung des „Reigen“ als objektiv un¬
1951 3192 3109 3271 züchtig anzusehensei. Und dieser Auffassung stimmt
1951 3236 3113 3312 der Justizminister zu. Wenn aber schon eine Schaustellung
1960 3290 3113 3351 als unzüchtig von den höchsten maßgebenden Stellen ange¬
1953 3334 3108 3404 sehen wird, so ist damit die Grenze des unter dem Gesichts¬
1953 3367 3108 3446 punkt der öffentlichen Ordnung nach § 10, II, 17 des Allge¬
3043 3407 3112 3462 Die
1953 3407 2988 3485 meinen Landrechts Zulässigen weit überschritten.
1964 3446 3120 3528 Polizei hat zweifellos jetzt die unabweisbare Pflicht, sofort
1961 3495 3114 3566 die weitere Aufführung zu untersagen und sie nicht etwa
1968 3537 3121 3610 deswegen zu dulden, weil schon mehrere hundert Vor¬
1955 3579 3119 3655 stellungen ohne behördliche Beanstandung stattgefunden
1962 3621 3121 3694 haben. Das mag eine für die Behörde unangenehme Tat¬
1962 3678 3114 3744 sache sein und als solche eine interne Angelegenheit der
1975 3717 3121 3790 Polizei. Die Oeffentlichkeit hat zweifellos das größte Inter¬
1968 3758 3125 3828 esse daran, daß nun endlich einmal gegen den Skandal ein¬
1965 3797 3124 3872 geschritten und die Staatsautorität gegenüber
1970 3837 3121 3915 ihren schamlosen Verächtern gewahrt wird.
2059 3878 3129 3964 In diesem Zusammenhange sei darauf hingewiesen, daß
1966 3930 3117 4006 vor kurzem beim Schöffengericht Charlottenburg die Be¬
1980 3979 3126 4045 leidigungsklage des Polizeipräsidenten gegen eine tapfere
1973 4016 3119 4091 Frau, Klara Müller aus Steglitz. zur Verhandlung kam, die
1973 4062 3128 4132 im Zusammenbang mit den bekannten skandalosen Vor¬
1984 4100 3131 4158 gängen des 22. Februar stand. Damals war zum Schutz der
2697 4138 3123 4200 Ansiirer, die mangels
