3392 4320
262 131 379 207 1
970 142 1051 208 0
442 144 760 236 igen
673 912 1181 1003 Berliner Cheater
335 1003 1560 1079 Schnitzlers „Reigen“ oder sechs Wochen Haft.=
365 1053 1572 1134 ##hür Schnitzlers ist ein erotischer zark
292 1101 1566 1174 blütiger Kranz. Was in den Dialogszenen vorgeht, deren Anfang
304 1149 1570 1213 und Ende sich wie die berühmte Schlange in den Schwanz beißt,
297 1185 1572 1260 darf man nur andeuten, wie Goethe es tat in seinen Versen
295 1227 1603 1302 über „Meister Iste“. Sobald dieses gewisse Etwas geschieht,
302 1270 1568 1332 senkt sich der Vorhang, und wenn er wieder emporsteigt, ist der
308 1311 1559 1377 Astus vorbei, hören wir einen matten Abgesang der Liebe. Die
296 1351 1568 1421 Pärchen reichen sich von Bild zu Bild wechselseitig die Hände
298 1401 1554 1466 und bilden einen Reigen der Liebe. Der ist in den siebzehn
298 1433 1561 1513 Jahren seines Bestehens viel gelesen und bewundert worden,
297 1484 1563 1550 von den Bühnen war er durch das dunkle Schwert der Zensur
299 1519 1564 1594 vertrieben. Das Kleine Schauspielhaus war nun mit
283 1558 1552 1633 Recht der Ansicht, daß seit der Revolution die Theaterzensur
295 1603 1556 1673 abgeschafft sei, und kündigte für den Abend vor dem Weihnachts¬
294 1644 1562 1718 fest den Reigen an. Doch die Direktion, Frau Gertrud Cysolbt
294 1692 1560 1764 und Herr Sladek hatten die Rechnung ohne den Wirt (in
284 1724 1561 1805 des Wortes eigentlicher Bedeutung) gemacht. Der Hauswirt ist
282 1768 1549 1842 das Direktorium der Hochschule für Musik, das einen Saal für
281 1809 1546 1875 das Kleine Schauspielhaus hergegeben hat, und dieses Direktortum
281 1850 1548 1926 hat vom Landgericht eine einstweilige Verfügung erwirkt, wonach
285 1897 1553 1970 die Aufführung von Schnitzlers „Reigen“ bei Strafe einer Haft
274 1944 1547 2006 von sechs Wochen untersagt wird. Das Direktorium der
274 1974 1539 2050 Hochschule stützt sich auf den Mietsvertrag mit dem Kleinen
271 2016 1551 2094 Schauspielhaus, der ausdrücklich Stücke verbietet, die in sittlicher
278 2064 1537 2125 oder politischer Richtung Anstoß erregen könnten. Die Direktion
273 2103 1546 2172 kehrte sich nicht an die einstweilige Verfügung, rebellierte und
282 2143 1538 2214 pielte den „Reigen“, ohne daß währenb des Abends ein Protest
282 2186 1544 2263 ittlich Entrüsteter laut oder ein Protest in Gestalt eindringender
268 2229 1547 2297 Polizei sichtbar wurde. Die Hochschule ist eine Staatsschule und
269 2272 1532 2338 untersteht dem Kultusministerium. Minister Haenisch, der am
270 2310 1544 2384 kritischen Tage verreist war, wird zu entscheiden haben, ob er
264 2354 1544 2426 das Direktorium deckt oder den Einspruch zurücknehmen läßt.
271 2395 1530 2458 Unabhängig davon wurde im Publikum die Frage erörtert, ob
271 2439 1533 2508 nun Frau Eysolbt werde brummen müssen. Sie hielt nach
265 2478 1529 2547 der Vorstellung eine gefühlvolle Ansprache und trat etwas dekla¬
266 2523 1539 2586 matorisch für Schnitzler und sein Werk ein. Wir wissen alle,
259 2560 1536 2643 daß Arthur Schnitzler kein erotischer Schmierfink ist und sein
256 2596 1088 2665 „Reigen“ nicht if Sinnengier spekuliert.
322 2650 1532 2721 Der Rahmen, in den die Regie des Herrn Reusch die
256 2685 1520 2765 Dialoge stellte, war nett. Zu beiden Seiten des Rokokoausschnitts
255 2736 1522 2803 der Bühne standen zwei stilisierte, von Blattwerk umrankte
273 2777 1531 2851 Straßenlaternen, deren Licht während des Spiels verblaßte.
265 2820 1516 2891 Um die Vorgänge spannten sich grüne und rosenrote duftige
263 2862 1530 2938 Vorhänge. Die feine Melancholie, das leise Schwingen, die
252 2902 1524 2976 Zartheit der Andeutungen wurden nicht recht eingefangen,
255 2950 1519 3016 manches geriet zu plump; und das wienerische Zwitschern war
247 2987 1520 3065 nicht zu hören. Immerhin müssen Götz, Schwannele,
254 3028 1518 3110 Förster=Larinaga mit Anerkennung genannt werden. Der
253 3071 1163 3153 durch Hausfreunde gestützte Betfall war stark.
1040 3117 1458 3207 Salas Schener
2124 154 2926 256 Klose & Seidel
2165 244 2903 326 Bureau für Zeitungsausschnitte
2155 320 2911 405 Berlin MO. 43, Georgenkirchplatz 21
2354 501 2832 624 ager Tageblatt.
2112 510 2368 640 Leitung
2129 662 2243 745 Gesi
2331 915 2951 1024 Bühne und Kunst.
2215 983 2292 1064 25
2396 1036 2898 1128 Schnitzlers „Reigen“.
2616 1105 3088 1174 Berlin, 24. Dezember.
2219 1148 3114 1215 Schmuckstück der Unter=der=Bank=Lektüre, in der
2191 1195 3118 1256 Gychtiesastenerinnerung zwischen den rotangestriche¬
2192 1239 3111 1309 nen Stellen aus Luthers Bibelübersetzung und
2193 1268 3115 1339 Boccaaccios „Dekameron“ figurierend, abgegrissenster
2184 1315 3111 1364 Leihbibliotheksband in deutschen Landen, wurde in
2188 1346 3115 1425 Frau Eysoldts „Kleinem Schauspielhaus“ zum ersten
2191 1402 2480 1451 Mal aufgeführt.
2233 1408 3125 1492 Die Behörde sprach ein Veto. Die Kritik schrieb
2191 1471 2535 1536 gegen die Behörde.
2231 1495 3127 1562 Aber ich glaube, der wahre Mannesmut beginnt
2197 1544 3129 1597 erst dort, wo man ein Stick als ekelhaft zu bezeich¬
2193 1577 3130 1653 nen wagt, obwohl es sich mit dem Sexualakt
2188 1632 2306 1687 besaßt.
2784 1644 3122 1727 im Wirklichen un¬
2232 1645 2786 1724 Der unorientierte Literat —
2200 1707 3126 1753 orientiert — weiß keinen Unterschied. (Ihm gilt ja
2193 1746 3116 1802 Wedekinds Vordell mit dem des Herrn Wildgans
2191 1781 3119 1838 gleich.) Er weiß nicht, daß die Begrisse „Kunst“ oder
2206 1809 3120 1876 Schmutz“ lediglich von der erotischen Weltanschau¬
2185 1844 3134 1911 ung bestimmt sind; daß alles, was aus dem. Desekt
2192 1893 3129 1957 kommt, schmutzig und nichts, was aus der Freude
2222 1981 3129 2028 Daher das Eintreten für den „Reigen“ — nicht als
2200 2011 3129 2060 Konsiskalionsgut, sondern als Kunstwerk — und die
2199 2060 3126 2105 Bezeichnungen „graziös", „tändelnd“ „leicht ge¬
2199 2076 3135 2144 lupft“ und „holdselig“ für ein Werk, das nicht eine
2202 2134 3137 2182 Spur Parf m=, aber dafür eine ganze Dosis von
2198 2167 2975 2228 Desinsektionsgeruch in der Nase hinterläßt.
2243 2201 3131 2261 Das ungeschriebene Manko des Stückes ist das alte:
2198 2239 3136 2295 Post coitum omne animal est triste. Oder um
2198 2280 3135 2341 Altenbergs — des lausendmal gepriesenen! — Lesart
2206 2326 3127 2380 zu zilieren, der mit diesem Satz, alles was Schnitz¬
2203 2359 3130 2419 ers Stück an Geist und Sinn enthält, genial abser¬
2200 2406 3123 2450 ligt: Post coitum omne animal est unhöflich. Er
2195 2440 3138 2493 durfte es hinschreiben, denn er war der beredieste
2195 2487 3055 2535 Verkünder des Gegenleils: non omne animal
2202 2498 3127 2568 sondern nur das häßliche, intelligente, deselte, bürger¬
2202 2550 3131 2607 lich zerknelschte, dem großen Moment der Natur nicht
2200 2595 3124 2644 mit Grazie gewachsene. unkindliche, geschlechtsfresse¬
2203 2626 3138 2679 rische, die Noldurst mit einem roja Halsbanderl
2214 2670 3134 2726 chm. dende animal — der aus Unlust gezeugte und
2202 2714 3135 2755 deshalb in Unlust zeugende Mensch. Oder anders:
2202 2751 3128 2795 der zwischen Trieb und Vernunft Zerrissene. (Das
2201 2783 3137 2845 heikt aber wieder nur: der Unschöne.) Ich will es
2207 2817 3139 2877 nicht den dummen Idealvergoldern gleichtun und
2205 2858 3132 2913 wie sie auf Wedelind so auf Schnitzler sagen: „Aus¬
2208 2903 3128 2964 nahmsfälle der Natur! Es gibt Gotheidanknoch usw.“
2205 2928 3145 2995 Der Unterschied ist nur: die Fälle, die Wedekind
2216 2981 3134 3031 eigt, im Sinne den Herkommens selten, sind
2837 3014 3138 3075 — also bedeu¬
2205 3025 2837 3074 Hypertrophien idealer Möglichkeiten
2204 3060 3138 3106 lend und wichtig; Schnitzlers Okkasionen, in jener
2203 3102 3126 3145 Mittelschichte der Häßlichen, Psychisch= Bebrillien,
2208 3140 3130 3186 Uebelriechend=Poetischen, sehr häufig auffindbar, sind
2208 3173 3129 3221 unnötige Spezialfälle, und umso unnöliger, als sie
2212 3202 3144 3266 den Vorgang, in dem sich der Dutzendleser aufalmend
2209 3252 3144 3319 wiedererkennt, mit einem Schimmer von Blumik und
2207 3297 2474 3351 Lyrik'versehen.
2252 3319 3130 3385 Ich, für meinen Fall, empfinde den Geruch dieser
2204 3360 3129 3416 Lyrik etwa als Veilchenduft einer Lysoformflasche.
2212 3415 3127 3460 Die aparten, dustigen, graziösen, tändelnden Szenen,
2208 3452 3133 3497 als das, was die medizinischen Fachzeitschriften un¬
2208 3482 3140 3531 ter „Vorgeschichten“ verstehen: nämlich als lyrische
2215 3525 3132 3574 Rekonstruktionen der Fabel, die der jeweiligen Insel¬
2213 3553 3143 3613 tion zu Grunde liegt. Es ist ärztliche Eronk. Man
2218 3603 3135 3654 nerki, daß Schnitzlers Name ein „Dr. Med.“ schmückt.
2217 3637 3131 3690 Ich leugne nicht, daß man auch eine fabelhafte,
2216 3680 3139 3728 prachliche Beobachtung merkt. Aber cui bono? Nur
2213 3710 3135 3759 um den häßlichen Typus durch Kunsthilse zu slärken?
2219 3751 3142 3820 Die Gymnasiasten um keinen Preis zu Männern
2215 3789 2540 3846 werden zu lassen?
2255 3815 3143 3878 Herr Kerr meinte in seinem Reserat, das Stück
2215 3872 3004 3917 enthalte nichts „Gröbliches", „Schmieriges“.
2255 3890 3140 3957 Ich bin seiner Meinung, soweit er es auf die be¬
2237 3938 3141 3997 hmten Gedankenstriche, dos Lichtauslöschen und die
2217 3984 2577 4037 Umarmungen bezieht.
2247 3992 3145 4066 Aber wo es im „Reigen“ ur düfteln und schweben
2211 4058 3143 4108 beginnt, wo die Mondscheinsonate durch das Zimmer
2210 4096 2882 4150 gankelt — dort beginnt die Sauer#.
2848 4129 3089 4205 nethtn
