3532 4192
1039 117 1481 228 box 18/3
349 122 882 234 11. Reigen
2250 1422 3373 1543 Dienstag den 6. Dezember 1921
1072 1453 1702 1550 Abend=Ausgabe.
2613 1548 3335 1624 Bezugsvreis viertelj. 27,00 M., mtl. 9,00 M
3188 1580 3337 1632 8,20 M.
2973 1582 3128 1636 24.60 M.
2618 1589 2880 1637 h. Selbstabhol.
2625 1573 3336 1674 durch die Vost (einichl. Bestelung) viertei¬
2692 1651 3292 1688 jährlich 28.30) M., monatlich 3.60 M.
880 1529 1966 1716 Königsberger
2654 1668 3342 1723 Anzeigenpreis 3.00 M für die Kleinzeile.
2630 1661 3340 1761 bei Plavvorschrift 26 M für Zeile medr.
2628 1728 3343 1776 Stellengesuche 2,50 M., Reklamen 10, 0 M.
2634 1754 3348 1812 bei Platzvorschrift 11.00 M. Beilagegebühr
2632 1783 3350 1827 fürs Tausend 15,00 M ausschl. Postgebühr,
3006 1809 3337 1863 Gewicht erböbter
2630 1804 3028 1869 ie nach Umsang und
2636 1844 3346 1896 Preis. Keine Gewähr für die Aufnabme
2629 1843 3344 1939 von Anzeigen an bestimmten Tagen und
2626 1903 2775 1964 Plätzen.
2669 1920 3335 1976 Im Falle höherer Gewalt, wie Betriebs¬
2632 1961 3335 2006 störung, Aufruhr, Streik usw. haben unsere
2629 1988 3339 2035 Inserenten und Bezieber keinen Anfpruch
2637 2013 3332 2065 auf Erfüllung der Anzeigenaufträge, ach¬
1820 1990 2315 2097 ettul
749 2003 1459 2109 emrinl
2632 2042 3342 2090 lieferung der Zeitung oder Leistung von
2620 2071 3342 2135 Schadensersatz. Erfällungsort Königsb. i. P.
2673 2107 3306 2177 Einzelne Zeitungen 25 Piennige.
2774 2136 3212 2199 auswärts 30 Pfennig.
995 2164 1060 2240 Mi
1225 2157 1480 2245 r: Aleran
223 2313 3201 2507 ende Konferenz der alliierten Außenminister.
2497 2523 2972 2628 Die Briand=Rede.
760 2532 2085 2608 Gang der Ereignisse außerordentlich bedauerlich. Für Ost¬
196 2572 751 2668 00000000cc
771 2601 2081 2670 preußen hoffen wir, daß trotz der Teilung der Meinungen die
2183 2584 3387 2671 T. Paris, 6. Dezember. (Drahtmeldung unseres Sonderberichterstatters.)
2086 2636 3382 2713 Es steht noch nicht fest, ob Briand heute seine Rede
763 2653 2077 2715 beiden Parteien in der Stellung zueinander sich nach wie vor von
179 2689 341 2774 Feser.
2097 2698 3385 2762 halten wird. Der sozialistische Abgeordnete Maurice Sembat brachte
763 2698 2080 2763 der Erwägung leiten lassen werden, daß in unserer, von schweren
2095 2740 3394 2801 bekanntlich vor einiger Zeit eine Interpellation über die
778 2753 2073 2814 äußeren Gefahren umlauerten Provinz ein Zusammenhal¬
200 2741 752 2836 lischen Kabiuelis prin¬
2105 2772 3390 2851 Washingtoner Konferenz ein. Er wird heute die sofortige Erörterung
769 2795 2065 2870 ten der nationalgesinnten Kreise der Bevölkerung
207 2819 678 2888 nanscheinend dagegen.
2095 2829 3390 2895 verlangen. Briand wird es jedenfalls ablehnen, sofort diese Antwort zu
774 2839 2062 2917 eine Lebensnotwendigkeit ist, die über allen Parteiinter¬
2100 2871 3381 2934 erteilen, obwohl er dem Beginn der Kammersitzung beiwohnen wird. Sollte
196 2864 543 2951 u verschoben.
772 2910 1118 2983 essen stehen muß.
2104 2912 3378 2979 die Kammer darauf bestehen, daß Briand vor ihr Erklärungen abgeben soll,
198 2909 751 3018 renz der Außenminister
890 2917 2072 3013 Wenn man den Stuttgarter Parteitag im ganzen übersieht, so
2098 2953 3375 3028 dann wird sich der Ministerpräsident diesem Wunsche nicht entziehen. Es
774 2982 2073 3054 kann man mit Befriedigung feststellen, daß in einheitlichem
2103 2988 3379 3076 gilt aber als viel wahrscheinlicher, daß er sich in den Senat begeben wird,
775 3043 2074 3103 Geiste gute, sachliche Arbeit geleistet worden ist. Unter Voran¬
194 3016 754 3125 oß-Berlin; 110 Verhaf¬
2102 3047 3390 3110 um dort über das Abkommen von Angora und über die bevorstehenden
772 3086 2086 3157 stellung der nationalen Pflichten hat der Parteitag als die
2096 3096 2983 3178 Fälligkeiten Deutschlands zu sprechen.
783 3141 2082 3201 Hauptaufgabe der Zukunft bezeichnet: Den Kampf gegen die
196 3124 759 3231 kein besonderes Minder¬
780 3183 2087 3244 Versklavung des deutschen Volkes durch seine äußeren
775 3231 2082 3306 Feinde und die Arbeit am inneren Ausgleich in natio¬
2138 3218 3350 3337 Der gegenwärtige Stand der Beratungen
204 3228 617 3331 kommen erziell.
782 3286 2073 3347 nalem Geiste zur Durchführung des Wiederaufbaus. Partei¬
205 3286 754 3397 Alexander von Serbien
2499 3301 2978 3401 in Washington.
788 3331 2079 3395 leitung und Partei sind in diesem Streben von gegenseitigem Ver¬
788 3381 2083 3444 trauen getragen und hegen den festen Glauben, daß eine Erstarkung
2210 3371 3394 3454 Die vom Präsidenten Harding nach der amerikanischen Bundes¬
202 3394 759 3501 wverfung des Aufstandes
782 3423 2077 3492 des nationalen Gedankens im ganzen Volke ihre Ziele verwirklichen
2102 3425 3390 3504 hauptstadt Washington einberufene internationale Konferenz hat bisher
779 3461 2078 3539 wird. Eine gesunde Sozialpolitik, ein ausreichender Schutz des
2110 3491 3398 3546 zu greifbaren bestimmlen Ergebnissen nicht geführt. Obschon Deutschland in
189 3488 705 3586 Berlin zur Memelfrage.
774 3522 2080 3590 Mittelstandes, eine sorgsame Wahrung unserer kulturellen Güter
2102 3518 3393 3595 Washington nicht vertreten ist, haben wir Ursache, diesen Verhandlungen
204 3564 668 3655 bminderung des Frostes.
777 3573 2080 3636 sollen das Volk in eine Volksgemeinschaft zusammenführen,
2113 3567 3401 3641 einige Aufmerksamkeit zuzuwenden, da wir von ihrem Ausgang wenigstens
787 3623 2082 3681 die die Gewähr für den Wiederaufbau bieten wird. Der Parteitag
2107 3617 3398 3693 mittelbar ebenso betroffen werden, wie die Großmächte, die es auf sich ge¬
2107 3662 3391 3740 nommen haben, mit ihren Beschlüssen eine Wendung zum Bessern in den
786 3676 2085 3736 hat sich würdig den vorangegangenen angereiht und ist eine neue
207 3657 770 3751 00000000000000
2113 3708 2960 3801 Fragen der internationalen Politik herbeizuführen.
781 3721 2069 3784 Etappe auf dem Wege der Partei gewesen, der vorwärts und auf¬
2209 3741 3401 3828 Die Konferenz sollte ursprünglich nur die verschiedenen in Ostasien und
1956 3764 2053 3835 F.
788 3767 1148 3852 wärts führen soll.
206 3780 519 3881 Parteitag.
2109 3806 3394 3880 im Stillen Ozean sich kreuzenden Interessen Amerikas, Japans und Englands
2112 3846 3385 3919 miteinander versöhnen. Als Voraussetzung dafür wurde eine Verständigung
214 3857 773 3939 schen Volkspartei, der in den
2105 3900 3397 3967 über die Abgrenzung und Einschränkung der Flottenrüstungen genommen.
195 3926 766 3989 ittgart stattfand, kam eine be¬
1098 3896 1787 3995 Die Reparations=Krise.
2116 3949 3389 4016 Die Frage einer Abrüftung zu Lande stand also als obligatorischer Gegen¬
188 3968 763 4043 tritt der Partei in die große
794 3964 2086 4063 Rathenaus Abreise aus London aufgeschoben. — England prinzipiell für ein
2110 3993 3394 4069 stand nicht auf dem Programm, und Briands Brandrede war eigentlich
226 4019 763 4084 hatte. Diejenigen, die aus
1319 4034 1566 4106 Moraforium.
2121 4032 3387 4117 eine Extratour. Nach seiner Abreise haben sich denn auch die Konferenz¬
200 4053 775 4130 von der Stuttgarter Tagung
3133 4080 3392 4142 Sahr bold hat
2111 4083 3104 4172 el#nen wieder ihren eigentlichen Aufachen unde angt
903 4079 2084 4172 —.Puti3, 0 Bezeiibel (Sichinteibung umferge, Sonderbe########statterg !
254 4115 605 4174 Ke
