3436 4256
358 1471 393 1516 1
349 1504 384 1555 k
351 1548 386 1584 2
332 1582 382 1633 6
347 1637 382 1681 n
340 1762 386 1805 n.
331 1794 379 1851 ie
324 1842 374 1894 ng
329 1885 378 1933 n,
321 1919 382 1980 en
334 120 477 214 11.
1035 123 1451 213 box 18/3
534 134 836 228 Reigen
446 300 1100 377 Flebinder, Prafident Richars srota,
1100 307 1578 379 Dr. Goltfeite semmtentt,
446 366 1573 422 Generaldirektor Ludwig Neurath, Louis Rothschild, Börsenrat
439 403 1579 459 Ernst Straßer und Großindustrieller Rudolf Tharn. Beitritts¬
438 454 1574 511 anmeldungen in den Verein nimmt Hofrat Dr. Doelter, Wien,
447 488 1010 558 1. Bezirk, Universität, entgegen.
530 536 1580 607 Schnitzlers „Reigen“ in Paris.] Aus Paris
444 567 1039 633 schreibt unser Korrespondent: In
1073 587 1570 647 Paris hat sich eine „Com¬
436 623 1036 687 pagnie d'Auditicurs dramatiques“
1077 636 1573 688 gebildet, die in ihrer Zu¬
437 675 1566 728 sammensetzung an die berühmten Vorbilder des „L'Ocuvre“
435 716 1047 771 und der „Escholiers“ erinnert
1047 710 1568 772 und meist aus jungen
439 751 1573 808 Enthusiasten besteht, die sich zum Zwecke setzten. die Meister¬
430 799 1572 851 werke der ausländischen Literatur zu pflegen. Man erinnert
435 831 1571 898 sich noch, daß vor einigen Jahren in ähnlicher Art das Theater
433 877 1573 939 des „Vieux-Cosombier“ im Quartier Latin begründet wurde,
435 925 1577 978 das mit englischen Stücken des Marlowe begann und heute
435 966 1572 1024 eines der trefflichsten Pariser Ensembles darstellt, das vor zwei
424 1009 1571 1055 Jahren einen Siegeszug durch die Vereinigten Staaten unter¬
432 1058 1560 1117 nahm. Als Eröffnungsstück wurde Schnitzlers „Reigen“
424 1097 1574 1144 gewählt. Er ist unter dem Titel „La Ronde“ schon vor
427 1139 1566 1189 einiger Zeit von Sidersly sehr gut übersetzt worden und wurde
425 1173 1577 1238 in der vom „Vienx-Colombier“ eingeführten Vorhangdekoration
419 1225 1562 1274 gespielt, wobei der Beleuchtung die Hauptrolle zufällt. Des
435 1267 1561 1322 erlaubte ein rapides Vorbeihuschen der einzelnen Szenen, und
431 1303 1570 1362 es kann konstatiert werden, daß es zu keinerlei Zwischenfällen
435 1346 1565 1408 oder Störungen kam. Allerdings fielen hier die Vorzüge der
432 1392 1571 1449 französischen Sprache, verfängliche Dinge elegant sagen zu
434 1429 1573 1493 können, sehr ins Gewicht. Heuri Bidon, der heute in der
417 1466 1564 1522 Pariser Kritik die erste Stelle einnimmt. sagt über die Auf¬
427 1513 1564 1578 führung: „Das Stück ist ein Meisterwerk. ... Die Aehnlich¬
427 1558 1568 1618 keit der einzelnen Bilder untereinander, die gleichen Gefühle,
420 1592 1564 1662 die ewige Täuschung, die ewige „mullerie“ geden dem Werke
416 1637 1558 1703 eine seltsame Bitterteit. Es gehört zum „théatre libre“ besser
422 1687 1566 1747 gesagt zum „théatre rosse“ (mit welchem Ausdruck man in
432 1729 1556 1790 Paris eine gewisse Richtung grausamster Satire bezeichnet),
426 1770 1569 1833 aber dies alles ist mir einer Genauigkeit. einem Maphalien
422 1813 1560 1880 und einem so richtigen Tone gesagt, daß man sofort den
418 1849 875 1911 wahren Künstler erkennt.“
518 1891 1566 1960 [Der Verfall von Abbazia und Lovrana.]
413 1937 1560 2006 Die „Slobodna Tribuna“ enthält eine Darstellung, deren Grund¬
617 2318 1284 2439 Klose & Seidel
677 2427 1259 2501 Bureau für Zeitungsannschmitte
611 2481 1295 2554 Berlin NO. 43, Georgenkirchpiatn 21
769 2538 1154 2640 Veu
600 2652 788 2721 Zeitung:
596 2704 714 2781 Ort:
600 2776 831 2867 Datums —
673 2968 1770 3038 * Aus Paris wird uns berichtet: Artur Schnitzlers
561 2997 1768 3081 „Reien“ ist hier unter dem Titel „L.à 1 0TdC“ von
550 3048 1749 3127 einer Feuen Theatergesellschaft „Les anditions dramatiques
556 3112 1774 3186 #m#.neumal in Frankreich ausgeführt worden. Die Gesellschaft
554 3153 1756 3228 besicht aus Düetlanten, wird aber von einer Berufsschauspielerin,
548 3207 1759 3279 diesden Bühnennamen Marion führt, geleitet. Ihre Vorstellungen
561 3247 1764 3318 eschränken sich aof einen geschlossenen Kreis. Theaterdirektoren,
547 3285 1756 3368 Kritiker und Künstler haben Zutritt. Der Eröffnungsabend im
547 3333 1770 3414 Kunstsaal La Lirorne brachte eben Schnitzlers „Reigen“. Die
552 3388 1771 3461 Bühne war sehr primitiv, ebenso die Dekorationen. Die Kritik
551 3439 1763 3500 #ügt es, daß die Gesellschaft aus Schnitzlers Werken gerade den
580 3494 1768 3559 unmöglichen“ „Reigen“ herausgriff, diese tolgeborene Frucht
552 3530 1764 3589 eines Talents. Die Vorstellung wurde durch eine Conserence ein¬
542 3589 1766 3643 geleitet, in der auf die Verfolgung angespielt wurde, der diese
547 3627 1756 3707 Szeneureihe in Berlin ausgesetzt gewesen war. Die Darstellung
539 3670 1765 3745 war mehr als mäßig. Das Publikum spürte von der Tragik, die
545 3720 1632 3795 in der Conférence angekündigt worden war, nichts.
1646 3734 1762 3796 In
556 3762 1763 3864 en bekannten Augenblicken der Stille wurde laut gelacht und
552 3807 696 3875 ech 3
1714 1372 1768 1436 K
1897 2894 1956 2979 8
2257 215 2988 414 Klose & Seidel
2327 323 2911 453 Bureau für Zeiungsaussehmite
2266 395 2954 520 berin N0. 43, Oeorgentrekplat a1
2232 539 2428 629 Zeitung:
2499 567 2969 733 rger-Ztg,
2225 614 2345 682 Ort:
2216 684 2407 758 Datum:
2903 703 3056 807 ¼
2586 690 2859 836 S
2441 782 2641 889 G
2526 910 2746 1008 Stiche.
2262 1044 3050 1130 Frankreich atmet auf. Es hat jetzt
2176 1098 2670 1167 seinen „Reigen.“
2702 1111 3039 1186 — Schnitzlers
2176 1150 3012 1225 Reigen versteht sich. „La Ronde
2178 1191 3028 1277 heißt er und jst von Sidersky ins
2167 1248 3031 1320 Französische übertragen worden. Man
2182 1299 3029 1371 spielt ihn in Paris vor einer Vorhang¬
2180 1348 3023 1421 dekoration, wobei der Beleuchtung die
2180 1390 3035 1474 Hauptrolle zufällt. Eine „Compagnie
2180 1440 3030 1513 d’Auditeurs dramatiques“, die die
2173 1486 3021 1565 Meisterwerke (!) der ausländischen
2180 1534 3028 1613 Literatur pflegen will, hat sich die
2166 1591 3021 1650 Aufführung dieses Bettstellen-Karussels
2168 1639 3021 1710 angelegen sein lassen. — Man braucht
2179 1680 3016 1750 wohl nicht erst zu versichern, daß es
2165 1724 3021 1804 in Paris zu keinerlei Störungen oder
2162 1768 3029 1855 Zwischenfällen gekommen ist. — Man
2154 1828 2933 1906 ist dort eben bedeutend — reifer!
2018 2293 2883 2389 Jazz=Banb (Leutung. wu Supn
2165 2362 3237 2432 Aus Paris wird uns berichtet: Artur Schnitzlers
2026 2414 2744 2488 „Reigen“ ist hier unter dem Titel
2744 2427 3239 2490 „La ronde“ son
2026 2478 3230 2537 einer neuen Theatergesellschaft „Les anditions dramatiqués“
2021 2518 3236 2594 zum erstenmal in Frankreich ausgeführt worden. Die Gesellschaft
2018 2573 3227 2626 besteht aus Dilettanten, wird aber von einer Berufsschauspielerin,
2014 2619 3229 2675 die den Bühnennamen Marion fährt, geleitet. Ihre Vorstellungen
2021 2664 3239 2717 beschränken sich auf einen geschlossenen Kreis. Theaterdirektoren,
2014 2710 3244 2788 Kritiker und Künstler haben Zutritt. Der Eröffnungsabend im
2016 2756 3236 2819 Kunstsaal La Licorne brachte eben Schnitzlers „Reigen“. Die
2019 2801 3226 2873 Bühne war sehr primitiv ebenso die Dekorationen. Die Kritik
2017 2853 3243 2903 rügt es, daß die Gesellschaft aus Schnitzlers Werken gerade den
2028 2906 3233 2968 „unmöglichen“ „Reigen“ herausgriff, diese totgeborene Frucht
2018 2952 3231 3017 eines Talents. Die Vorstellung wurde durch eine Conférence ein¬
2020 2994 3240 3049 geleitet, in der auf die Verfolgung angespielt wurde, der diese
2023 3043 3234 3110 Szenenreihe in Berlin ausgesetzt gewesen war. Die Darstellung
2021 3086 3239 3151 war mehr als mäßig. Das Publikum spürte von der Tragik, die
2005 3135 3107 3201 in der Conférence angekündigt worden war, nichts.
3147 3140 3241 3202 In
2004 3172 3228 3239 den bekannten Augenblicken der Stille wurde laut gelacht und
2015 3222 2156 3303 geschez
2142 3264 2420 3341 Sara R—
