3392 4416
277 191 385 283 11
973 181 1394 270 box 17/6
471 193 780 293 Reigen
629 937 1354 1053 Karkinel
2062 752 2571 853 Einzelpreis K 1·50
1996 845 2600 917 Beswaltung und Insevaten=Aufnnhunss
2110 893 2501 945 Bismarkring 13.
1997 971 2600 1032 Inseratenpreise nach aufliegendem
2240 1008 2363 1061 Tarif.
1986 1046 2638 1109 Im Kleinen Anzeiger jedes Wort oban
1986 1096 2623 1148 Zahl 1 Krone, in kleiner fetter Schriff
1984 1134 2634 1184 K 1·20, große fette Aufschriftzeis¬
1983 1171 2634 1225 10 Kronen, Mindesttarif 5 Kronen. Bei
1984 1213 2624 1264 Chiffrebriefen um 50 Heller mehr
1992 1251 2634 1302 Größere Inserate nach aufliegende#
1986 1295 2635 1342 Tarif. Für Chiffrebriefe nachsenden
1998 1333 2639 1395 2 Kronen separat. Inserate sind stetr
2102 1367 2516 1418 im voraus zu bezahlen.
1994 1406 2632 1473 Bezahlung von auswärts in rekommen¬
1993 1462 2628 1507 diertem Brief oder mit Postanweisung.
1993 1498 2634 1544 Bei allen schriftlichen Anfragen ist eien
1992 1530 2643 1608 Retourmarke beizulegen, sonst erfel##
2179 1577 2447 1631 keine Antworz.
1990 1617 2650 1686 Inserate übernehmen für dieses Dlesk
1996 1666 2633 1725 auch alle größeren Annoncen=Ey¬
1991 1706 2641 1765 peditionen des In= und Auslander.
2006 1837 2637 1936 Akenn Jährgang
1596 1824 1755 1940 321.
1596 2016 2656 2096 in Rom mit italienischen Politikern hatte, die Even¬
1598 2081 2647 2143 tualität der Teilung Österreichs unter die benach¬
1592 2130 2650 2202 barten Staaten in Erwägung gezogen worden wäre.
1598 2178 2660 2247 Eine solche Behauptung steüt nur den Ve#such dar,
1594 2243 2665 2294 in Österreich den Glauben zu verbreiten, das die
1601 2291 2668 2345 Alliierten bereit seien, den Vertrag von St. Ger¬
1594 2333 2654 2395 main zu ändern. Dies widerspricht durchaus der
1606 2388 2665 2441 Wahrheit. Die Verbündeten sind fest entschlossen,
1605 2422 2665 2495 die Verträge, die sie unterzeichnet haben, zu achten
1602 2479 2665 2537 und ihnen Achtung zu verschaffen. Diesbezüglich
1607 2519 2665 2597 herrscht zwischen den Kabinetten von Rom, Paris
1597 2571 2504 2660 und Londop keipe Meinungsyerschiedenheit.
1665 2790 2504 2889 2 der „Reigen.
2620 2819 2694 2873 □0
1620 2884 2678 2955 #ist interessant, die Bemerkung zu machen, iis
1617 2930 2678 3008 gegenwörtig Parlamente, Landtage, die Presse, wie
1608 2985 2662 3053 überhaupt beinahe die gesamte Öffentlichkeit umt
1613 3033 2676 3106 dem „Reigen“ von Schnitzler sich beschäftigt. Um d#o
1611 3089 2673 3163 Sache als solche zu verstehen, ist es notwendig, eine
1611 3151 2276 3209 kurze Inhaltsangabe zu geben.
1684 3188 2684 3267 Die Achtung vor dem Reinlichkeitsgefühl unserer
1611 3250 2669 3317 Leser zwingt uns, sie bloß kurz und andeutungs¬
1609 3300 2678 3376 weise mit dem Tatsachengehalt dieser zehn Dialoge
1614 3344 2677 3422 von Artur Schnitzler bekannt zu machen. Zehn
1617 3395 2679 3470 Personen schlingen den „Reigen“; die Dirne mit
1618 3457 2686 3528 dem Soldaten, dann der Soldat mit dem Stuben¬
1627 3495 2679 3567 mädchen, dann das Stubenmädchen mit dem
1623 3542 2681 3627 jungen Herrn, dann der junge Herr mit der jun¬
1619 3594 2685 3676 gen Frau eines andern, hierauf dieser Andere mit
1629 3642 2692 3722 einem süßen Mädel, dann das süße Mädel mit dem
1636 3688 2693 3773 Dichter, hierauf der Dichter mit der Schauspielerin,
1620 3749 2689 3820 dann die Schauspielerin mit dem Grafen und end¬
1631 3785 2693 3871 lich der Graf mit der Dirne, so daß der Kreis ge¬
1631 3853 2688 3931 schlossen ist. Jede dieser zehn kurzen Szenen wird
1630 3897 2687 3979 zum Akt und wächst schon nach wenigen Minuten
1637 3944 2687 4026 zu einer Handlung aus, die im Buche mit Gedan¬
1630 4001 2687 4073 kenstrichen angedeutet wird und die durch Verdun¬
1630 4043 2685 4120 kelung der Bühne zu markieren die Spielleitung
1628 4089 2690 4175 vorläufig noch genug Rücksicht besitzen muß. Wir
1793 4136 2695 4213 orläufig „nech“ denn nach einer neuerlichen
