3532 4224
410 139 546 231 11.
605 147 918 243 Reigen
1110 139 1517 225 box 18/3
953 1194 1851 1268 „.  —— —
1012 1321 1981 1385 Vier Tage später gab es im Residenztheater
943 1356 1978 1420 eine Erstaufführung von Goldonis Komödie „Der
941 1402 1979 1467 mpresario von Smyrna“ in der Verdeutschung
913 1420 1972 1506 Avon Kurt Stieler, einem geschätztem Mitgliede unserer
924 1508 1981 1555 Staatstheater. Aber ach! Mit dem Grafen Mikos möchte
908 1521 1980 1588 man ausrufen: Ormer Goldoni! Wie haft du dir ver¬
914 1573 1978 1634 ndert! Selbst wer nicht die köstlichen Schöpfungen dieses
894 1616 1969 1682 Molière der Italiener in ihrer Ursprache kennt, wer nur
861 1651 918 1694 02
941 1670 1927 1715 Die „Lorandiera“ — Goldoni schrieb gegen 150 Stück
1926 1677 1961 1724 —
934 1710 1979 1764 In guter Uebersetzung gelesen hat, mußte erkennen, daß in
842 1729 938 1805 N
935 1760 1977 1817 Der Stielerschen Uebertragung auch die letzte Spur des
923 1808 1972 1866 Frickelnden Geistes ihres Schöpfers verloren ging! Daß
839 1832 1969 1899 Pan endlich aus dem Lustspiel eine Posse mit allerlei
939 1878 1971 1948 Mätzchen und Scherzchen machte, die ganz und gar nichts
954 1923 1975 1993 it Goldoni zu tun hatten, gab dem Abend den
960 1966 1144 2027 enickfang.
1014 2007 1974 2072 Mit tödlicher Sicherheit stand zu erwarten, daß Frau
954 2028 1859 2117 ermine Körner in ihrem „Schauspielhaus
1907 2070 1973 2116 das
967 2107 1971 2166 eispiel der Frau Eysold nachahmen und ebenfalls
936 2153 1969 2204 Se#litzter— Reigen“ über die Bühue tanzen lassen werde.
917 2180 1865 2261 Tchatte ste doch schon in der „Nacht der Jenny Lind
1923 2196 1966 2248 ge¬
941 2240 1879 2292 zeigt, wie man derlei Dinge auf jene Bretter bringt
1922 2236 1967 2289 die
943 2280 1859 2336 für Frau Körner offenbar die Halbwelt bedeuten.
945 2325 1877 2369 ausverkaufte Haus nahm die ersten fünf Bilder
1900 2329 1968 2381 mit
939 2366 1875 2425 eisigem Schweigen auf, nur wenn bei jenen Stellen,
1918 2373 1976 2425 die
941 2410 1877 2464 im Buche beziehungsvoll gestrichelt sind, die Bühne
1891 2417 1965 2470 ver¬
947 2456 1957 2514 dunkelt wurde, ging das Lachen und Hüsteln im Zu¬
936 2496 1957 2553 schauerraume los. Dann klatschte man Beifall einem nach
942 2534 1969 2589 langen Jahren wieder gewonnenen, früheren weiblichen
939 2575 1968 2636 Mitglied des Schauspielhanses. Ich aber dachte mir: Wie
930 2620 1961 2677 wenig Geist und Witz gehören doch dazu, um ein groß¬
934 2667 1972 2729 städtisches Theaterpublikum 2½ Stunden hindurch mit
926 2716 1493 2779 Unensändigleit zu anaseeilen.
1733 2714 1953 2787 J. St
2166 1210 2936 1301 Kagereun, wenn die Regierung
2996 1242 3062 1297 auf
2031 1268 2935 1333 ihrem Justament=Standpunkt beharren sollte.
2934 1286 3065 1340 Ein
2039 1330 3061 1390 rührendes Beispiel treuen Zusammenhaltens boten die
2026 1367 3060 1448 weiblichen Lehrkräfte an den noch immer nicht ver¬
2035 1421 3059 1489 staatlichten Erziehungsstätten unserer weiblichen Jugend.
2034 1471 3054 1534 Obwohl diese Aermsten mit Monatsgehalten sich ab¬
2022 1519 3068 1582 finden müssen, die an den Wochenlohn keines Arbeiters
2035 1565 3057 1642 heranreichen und höchstens in der Bezahlung der Ballett¬
2034 1615 3052 1681 damen ein bezeichnendes Gegenstück finden, wollten sie
2034 1661 3055 1737 doch nicht die Not der Staatslehrpersonen ihrem
2027 1721 3051 1783 größeren Elend zum Opfer bringen. So hätte denn
2029 1759 3062 1830 die Welt das Schauspiel erlebt, daß alle mittleren
2020 1812 3052 1879 und hohen Unterrichtsanstalten Oesterreichs ihren
2029 1852 3055 1924 Schülern hätten verkünden müssen, daß die Regierung
2027 1913 3059 1973 eines mitteleuropäischen Staates ihre Lehrer und Er¬
2018 1950 2649 2022 zieher zum Streik getrieben habe.
2108 1998 3060 2063 Es ist nicht dazu gekommen, zur Freude all
2018 2046 3051 2121 derer, die in der Jugend unsere Zukunft sehen und
2027 2104 3053 2171 wissen, daß ein Geschlecht herangezogen werden muß.
2019 2144 3054 2199 das dereinst berufen sein wird, den geschände¬
2016 2249 3054 2333 In Bureauartikeln, garbbändern, Zu¬
2023 2318 3045 2398 behören für Schreibmaschinen, Ver¬
2012 2369 3058 2456 vielfältigungs=Apparaten kulanteste
2329 2448 2743 2533 Bezugsquelle:
2996 2477 3057 2535 482
2116 2516 2957 2654 Gebrüder Farago
2002 2637 3038 2739 Wien, 5. Bez., Hamburgerstraße 8.
2240 2713 2803 2801 Telephon 1166 Stelle #.
