3436 4384
238 170 737 277 11. Reigen
922 163 1354 260 box 17/1
2337 1044 2421 1116 219
1570 1054 1743 1120 Nietzsche.
882 1143 2420 1240 1330 Also sprach Zarathustra. Ein Buch für Alle und Keinen. Von
1004 1186 2404 1267 Friedrich Nietzsche. Chemnitz 1883. Verlag von Ernst Schmeitz¬
994 1236 2407 1317 ner. (1I4 SS.) — 2. Chemnitz 1883 ... (2 Bll., 103 SS.) — 3.
1002 1290 2421 1357 Chemnitz 1884.. (2 Bll. u. Iro SS.) — Vierter und letzter Theil.
1000 1336 2411 1421 Leipzig. Druck und Verlag von C. G. Naumann. 180r. (Porträt,
1009 1399 2420 1463 134 SS., I Bl. Inh. und als Anhang: Dionysos-Dithvramben.
1010 1437 1881 1518 21 SS. u. 1 Bl.) gr. 80. Halbfranzbd.
1088 1488 2419 1550 Die ersten drei Teile in erster Ausgabe. Teil 1 wurde
1049 1524 2426 1590 bei B. G. Teubner 1883, Teil 2 und z bei C. G. Naumann 188z und 1884, alle
1043 1564 2422 1633 drei für den Verleger Schmeitzner gedruckt. Den vierten Teil liess Nietzsche
1045 1602 2428 1678 188g bei Naumann auf seine eigenen Kosten in wenigen Exemplaren drucken
1046 1644 2417 1709 und hielt ihn geheim. Erst 1801 wurde er in vorliegendem Drucke veröffent¬
1050 1692 2423 1750 licht, nachdem die Arzte erklärt hatten, dass eine Wiederherstellung des Autors
1055 1729 2428 1789 ausgeschlossen sei. Exemplar mit dem vorderen Umschlag des vierten Teils,
1058 1763 2432 1829 der auf der 2. Seite eine längere gedruckte Bemerkungenthält: „Vorliegender
1052 1801 2423 1877 Schlusstheil von „Also sprach Zarathustra’ stammt aus dem Jahre 1888. Er
1056 1852 2431 1911 war bisher nur in wenigen Exemplaren vorhandlen etc.“ Darunter Berichtigling
1054 1899 1697 1962 von 16 Druckfehlern in Theil 1—3.
1022 1923 2431 2004 Also sprach Zarathustra. Ein Buch für Alle und Keinen. Von
903 1961 1004 2037 1331
1020 1984 2437 2056 Friedrich Nietzsche. In drei Theilen. Leipzig. Verlag von
1022 2027 2433 2104 E. W. Fritzsch o. J. (114 SS., 2 Bll., 103 SS., 2 Bll. u. 110 SS.)
1021 2078 2434 2156 Name auf dem Titel. — Vierter und letzter Theil. Leipzig.
1023 2128 2429 2210 Druck und Verlag von C. G. Naumann. 1801. (Porträt, 134 SS.,
1027 2196 2438 2249 1 Bl., 21 SS. u. 1 Bl.) gr. 80 In 2 nicht uniformen Halbfranzbdn.
1103 2226 2436 2291 Die ersten drei Teile sind Titelauflage der ersten Ausgabe, die Schmeitzner
1061 2272 2430 2338 1880 an Fritzsch verkaufte. Dieser entfernte die Titel und druckte einen ge¬
1058 2305 2442 2373 meinsamen Titel für die drei Teile. Der vierte Teil in demselben Drucke
1061 2364 1375 2421 wie in Nr. 1330.
1036 2387 2442 2472 Jenseits von Gut und Böse. Vorspiel einer Philosophie der Zukunft.
906 2416 1022 2502 1332
1038 2441 2443 2519 Von Friedrich Nietzsche. Leipzig. Druck und Verlag von C. G.
1025 2501 2441 2577 Naumann. 1886. (VI SS., 1 Bl. Inh. u. 2z1 SS.) gr. 8°. Halb¬
1033 2565 1208 2632 lederbd.
1112 2591 2451 2663 Erste Ausgabe, auf Kosten Nietzsches bei Naumann gedruckt und
1062 2641 2156 2702 diesem in Commissionsverlag gegeben. Seite 1 ausgebessert.
1032 2671 2451 2754 Zur Genealogie der Moral. Eine Streitschrift von Friedrich
919 2708 1031 2775 1333
1035 2732 2444 2807 Nietzsche. Leipzig, Verlag von C. G. Naumann. 1887. (XIVSS.,
1034 2780 2453 2872 1 Bl., 182 SS., 1 S. Inhalt.) gr. 8“. Halbfranzbd. mit Rotschnitt.
1106 2830 2455 2903 Auf der Rüc.sseite des Titelblattes: Dem letztveröffentlichten „jenseits
1073 2870 2446 2933 von Gut und Böse“ zur Ergänzung und Verdeutlichung beigegeben.
1077 2918 2456 2980 ErsteAusgabe, ebenfalls auf Kosten des Autors bei Naumann gedruckt
1078 2956 1845 3025 und diesem in Commissionsverlag gegeben.
1041 2985 2454 3064 Morgenröthe. Gedanken über die moralischen Vorurtheile. Von
920 3012 1024 3089 1334
1040 3034 2448 3110 Friedrich Nietzsche. Neue Ausgabe mit einer einführenden Vor¬
1036 3080 2453 3157 rede. Leipzig. Verlag von E. W Fritzsch. 1887. (XI S8. u.
1122 3151 1705 3222 3—303.) gr. 80. Hlwdbd.
1110 3164 2468 3259 Titelauflage der ersten, 1881 bei Schmeitzner in Chemnitz erschienenen
1077 3236 2115 3298 Ausgabe. Neu sind nur Seite I—XI. Titel und Vorrede.
930 3259 2469 3350 1335 Der Fall Wagner. Ein Musikanten-Problem. Von Friedrich
1044 3315 2472 3396 Nietzsche. Leipzig. Verlag von C. G. Naumann. 1888. (4 Bll.
1054 3375 2146 3443 u. 57 SS.) gr. 80 brosch., unb. (Orig.-Umschl.)
1116 3394 2308 3493 Erste Ausgabe, In den letzten Blättern zwei kleine Löcher.
1298 3488 2103 3558 BIBLIOTHEK DENEKE-GOETTINGEN.
