3336 4416
1018 143 1444 231 box 17/6
316 158 844 272 11. Reigen
712 565 891 655 Seite 3
1402 554 1573 654 Freiteg
615 681 1495 744 kussion über ästhetische oder ethische Fragen ein¬
615 736 1497 798 lassen und gar nicht fragen, was der „Reigen“
618 782 1502 838 künstlerisch und ethisch bevente. Wollte man die
617 828 1506 892 Frage beurteilen, was der „Reigen“ künstlerisch
615 874 1502 932 oder ethisch bedentet, so würde sich herausstellen,
623 923 1507 998 daß Stücke, wie der „Reigen“ in zahl¬
621 973 1508 1027 reichen Fällen aufgeführt werden
618 1026 1495 1081 (Rufe bei den Christlichsozialen: Wo denn?),
616 1068 1507 1129 ohne irgendeinen Anstoß bei frommen Gemütern
615 1116 1506 1172 zu erregen, wie beispielsweise Stücke im Joses¬
615 1161 1507 1221 städter Theater, die sich vom „Reigen“ badurch
619 1215 1506 1272 unterscheiden, daß ihnen die letzte Spur
619 1264 1329 1315 künstlerischer Absicht fehlt.
692 1309 1328 1376 Es handelt sich hier lediglich um
610 1347 1501 1439 die rein gesetzliche Seite der An¬
908 1417 1232 1497 gelegenheit.
700 1457 1510 1551 Nach vom Bundesverfassungsgesetz steht dem
621 1530 1510 1603 Landeshauptmann — in diesem Falle dem
619 1569 1504 1648 Bürgermeister von Wien — die Entscheidung
625 1623 1505 1697 nach der Theaterverordnung v. J. 1850 zu,
619 1683 1503 1740 gegen die, menn sie einmal in beighendem
628 1726 1502 1785 Sinne erfolgt ist, eine Entscheidung
630 1777 1505 1841 der Regierung gar nicht ange¬
631 1819 1498 1881 rufen wexden kann. Nur in dem Fall,
635 1866 1509 1944 wenn sie verneinend ist, ist eine Berufung an
634 1912 1080 1974 die Regierung möglich.
711 1937 1506 2025 In diesem Jalle ist nun eine bejahende
632 2009 1514 2076 Entscheidung erfolgt, die Regierung hat
635 2051 1513 2124 aber trotzdem in der Person der Ministers
635 2099 1507 2172 Glanz eingegriffen. Das ist dieselbe Regie¬
638 2152 1507 2229 rung, deren Haupt die Bundesverfasfung ver¬
636 2198 1518 2270 faßt hat, die diesen Staat auf die
624 2242 1514 2318 Bundesverfassung aufgebaut hat.
624 2293 1506 2363 Diese, von ihr selbst geschaf¬
625 2344 1516 2401 sene Verfassung hat die Regierung
630 2386 1511 2452 gebrochen. Das ist der entscheibenbe Punkt.
628 2440 1521 2510 Die Angelegenheit bekommt dadurch einen
634 2484 1514 2544 anderen Geschmack, daß es dieselbe Reglerung
627 2539 1507 2593 ist, die allen anderen Landeshauptleuten gegen¬
635 2575 1517 2636 über sich vollständig katenlos ver¬
640 2633 1520 2684 hält. (Instimmung bei den Sozialdemokraten.)
625 2676 1517 2732 Herr Glanz wird es überhanpt nicht
626 2720 1516 2792 wagen, sich in irgendwelche Ver¬
627 2777 1514 2829 fügungen der Landeshauptleute
634 2826 1514 2882 einzumengen. (Lekhafter Beifall und
634 2865 1510 2925 Händeklatschen bei den Sozialdemokraten.) Denn
632 2922 1515 2975 diese stehen ihm als christlichsoziale Parteiführer
636 2963 1521 3028 gegenüber, vor denen er sich ebenso bedientenhaft
634 3016 1516 3089 benimmt wie vor den Parteiführern der
642 3059 1171 3125 Christlichsezialen im Hause.
641 3081 1519 3171 Wir stehen vor einer Negierung, die sich um die
633 3150 1518 3233 Verfassung nicht kümmert, sondern die Ver¬
638 3207 1517 3272 waltung führt, ausschließlich nach den Gefällig¬
639 3254 1522 3320 keiten, die sie der Pantri erweist, in deren
637 3306 1517 3365 Dienst sie arbeitet. (Lebhafter Beifall bei den
643 3356 1514 3418 Sozialbemokraten.— Widerspruch und Zwischen¬
634 3397 1524 3463 rufe bei den Christlichsozialen.) Wir sind an den
653 3447 1517 3508 Begriff einer Parteizegierung gewöhnt. Aber
650 3493 1513 3568 hier wird offenkundig der Wortlaut des Gesetzes
640 3543 1514 3609 verletzt und das geschieht in der würde¬
641 3589 1526 3652 losesten, widerwärtigsten Form,
648 3639 1526 3710 nicht von einem wirklichen Vertreter der regie¬
649 3693 1527 3753 renden Partei, sendern von einem Bedienten
645 3740 1525 3802 derselben (Lebhafter Beifall bei den Sozial¬
657 3782 1525 3853 demokraten), der durch sein Auftreten im Hause
650 3829 1533 3897 und in den Aemtern, in denen er wirksam ist,
650 3877 1524 3955 sich in geradezu ekelhaften, lakaien¬
651 3926 1540 4004 mäßigen Formen (lebhafte Zustimmung
651 3977 1539 4047 bei den Sozialdemokraten — Lachen bei den
648 4021 1538 4087 Christlichsezialen) als ein Menich betätigt, der
652 4071 1526 4144 sich die Ehre verdienen will, die man ihm er¬
655 4119 1540 4186 wiesen hat, unb von dem Gefühl erfüllt ist, daß
3136 537 3345 631 11 Febra
2181 550 2777 647 wiener Allgemeine Zeitung
2424 668 3324 912 er ruffischen
1565 813 2325 929 meuteter
2058 907 2888 1149 stfeeflotte.
1627 1152 3237 1262 Die Meuterer marschieren auf Pekersburg.
1708 1243 3345 1326 Paris, II. Februar. (Funkspruch.) Ueber Kopenhagen
1532 1300 3344 1370 werden aus Kronstadt gewaltige Meutereien der
1542 1349 3345 1418 russischen Ostseeflotte gemeldet. Die Meuterer
1540 1420 2932 1473 marschieren angeblich auf Petersburg.
2464 1500 3334 1581 Theaterstückes sestzustellen. Das, worum es
1539 1512 2435 1582 als politische Landesbehörde hat jedoch
2475 1557 2755 1628 ich handle, sei
1545 1556 2423 1623 dessenungeachtet nach Anhorung des Zensur¬
2471 1576 3338 1666 der eklatante Verfassungsbruch
1540 1610 2423 1669 beirates mit dem Bescheide vom 12. Jänner
2472 1641 3346 1735 und es entspreche ganz der alten Taktik der
1542 1663 2431 1732 dieses Jahres die Aufführung zugelosson.
2475 1700 3333 1771 Christlichsozialen, einen kleinen Anlaß zu
1551 1706 1843 1785 (Zwischenrufe.)
2476 1741 3334 1799 inden, um ein Präjudiz zu schaffen, das
1637 1722 2433 1814 Die Aufführung des Stückes gab als¬
2477 1789 3346 1854 Jann für die ganze Entschließung maß
1542 1800 2438 1870 bald zu lebhaften Erörterungen in der
2472 1852 3334 1911 gebend sei. Dies liege auch jetzt vor. Abet
1546 1843 2427 1909 Oeffentlichkeit Anlaß. (Abg. Pick: In
2473 1891 3337 1949 er sichere der Majorität zu, daß jeder Ver
1965 1895 2429 1959 Zwischenruse bei den
1549 1900 1915 1967 der „Reichspost!“
2470 1937 3324 2003 such, das Land Wien zu vergewaltigen, au
1549 1937 2430 2003 Sozialdemokraten. Gegenrufe bei den Christ¬
2465 1985 3346 2052 den härtesten Widerstand de
1564 1993 2427 2054 ozialen. Lärm.) Hiebei sprach sich die weit
2466 2036 3344 2098 Sozialldemokraten stoßen werde
1548 2041 2439 2120 überwiegende Mehrzahl der öffentlichen
2465 2077 3345 2149 Sollte man es mit Gewalt versuchen, dan
1548 2098 1825 2165 Stimmen
2472 2126 3326 2195 würde den Christlichsozialen auch Ge
1648 2113 2423 2208 Abg. Seitz: Wo haben Sie das ge¬
2476 2164 3346 2247 walt entgegengesetzt werden
1554 2185 2432 2263 zählt, weisen Sie uns das nach! (Lärm.)
2644 2221 3188 2316 (Die Sitzung dauert fort.)
1640 2221 2438 2304 Bundesminister Doktor Glanz:
1643 2274 2434 2357 dahin aus, daß die Aufführung ihrem
1587 2298 1654 2350 * „
2472 2281 3346 2397 Heute abends große Demon
1551 2330 2002 2401 gesamten Eindruck nach
2737 2356 3093 2451 sirationen?
1552 2360 2441 2457 eine arge Verletzung der öffent¬
1744 2423 2251 2492 lichen Sittlichkeit
2569 2426 3345 2523 Wie verlautet, wird es heute abend
1556 2461 2436 2535 bedeute. Kundgebungen aus der Bevölkerung
2477 2498 3326 2574 zu größeren Demonstratione
1557 2520 2435 2578 und zahlreiche Artikel der Presse verschiedener
2472 2548 3341 2614 bei den „Kammerspielen“ kommen, falls die
1558 2567 2389 2627 Richtung — ich betone das noch einmal
2478 2590 3342 2663 „Reigen“=Vorstellung stattfindet. Die klein
1561 2610 2446 2676 ließen erkennen, daß diese Vorführungen mit
2478 2644 3334 2713 Gasse, in der sich der Eingang zu de
1557 2661 2436 2723 dem sittlichen Empfinden weiter
2483 2692 3345 2763 „Kammerspielen“, befindet, wird dure
1557 2715 2439 2771 Kreise der Wiener Bevölkerung
2485 2740 3345 2817 Polizei abgesperrt werden und nur Inhabe
1562 2757 2444 2828 in scharfem Gezensatzstehen. (Leb¬
2484 2790 3098 2876 von Billetten dürfen passieren.
1565 2811 2439 2873 hafter Beifall und Händellatschen bei den
1562 2860 2437 2921 Christlichsozialen. — Stürmische Gegenruf¬
1556 2904 2067 2990 bei den Sozialdemokraten.)
2540 2903 3307 3001 Ein juristisches Gutachten.
1653 2930 2440 3010 Es war nun mene Absicht, vorerst dem
1556 3002 2443 3068 zur Beurteilung des Falles zunächst be¬
2568 2972 3344 3077 Die juristische Seite des „Reigen“
1557 3045 2447 3114 rufenen Heren Bürgermeister von
2483 3048 3344 3136 Verbotes stellt sich auf Grund der bestehen
1559 3084 2438 3162 Wien Gelegenheit zu geben, zu dieser neuen,
2479 3098 3347 3168 den gesetzlichen Bestimmungen folgenden
1558 3153 2445 3209 durch den Einbruck der Auffährung gegebenen
2482 3152 2727 3232 maßen dar:
1557 3186 2436 3249 Sachlage Steslung zu nehmen. Ich wandte
2570 3167 3249 3266 Alle die Theaterzensur
1560 3234 2444 3311 mich daher in einem Schreiben an den Herrn
2478 3226 3265 3314 tressenden Angelegenheiten wurden
1565 3281 2443 3361 Bürgermeiesir, nicht eiwa um de Verant¬
2479 3293 3292 3350 Gegensatz zu jenen, welche die Presse
1564 3333 2436 3391 wortung auf ihn abzuwälzen, sondern, weil
2476 3340 3343 3408 treffen, durch den Beschluß der Nationa
1561 3374 2446 3444 ich es für ein Gebot der amtlichen Courtoisie
2476 3389 3342 3449 versammlung vom 30. Oktober 1918 nich
1565 3420 2448 3497 hielt, zunächst ihm selbst eine abändernre Ver¬
2484 3433 3340 3500 tangiert. Für die Theate
1569 3460 2441 3552 fügung im eigenen Wirkungskreise zu er¬
2483 3482 3329 3549 zensur gelten daher die alte
1563 3519 2446 3591 möglichen. Der Herr irgermeister teilte
2488 3518 3127 3597 Gesetzesbestimmungen.
1566 3562 2456 3632 mir jedoch hierauf mit, er nicht in der
2573 3587 3179 3648 Diese lauten auszugsweise:
1568 3613 2454 3685 Lage sei, von seiner erste. tscheidung abzu¬
2575 3637 3342 3708 Jede Theateraufführung bedarf d#
1599 3666 1710 3738 hen.
2484 3681 3342 3757 Genehmigung des Statthalter
2132 3680 2443 3777 ne Ausführun¬
1665 3688 2048 3791 Der Maister schl.
2494 3725 3343 3800 Seine Genehmigung gilt nur für jene
2105 3751 2446 3826 glaube, daß
1577 3758 2050 3845 gen mit dem Satz: „J
2494 3774 3333 3851 Unternehmen, welches darum angesucht ha
1568 3796 2453 3872 mein Erlaß die einung aller
2583 3823 3343 3899 Die erteilte Bewilligun
1565 3842 2444 3923 anständigen Leu : verkörpert.“
2491 3878 3345 3952 kann aus besonderen Gründe
2496 3927 3345 4004 der öffentlichen Ordnung jede
1606 3916 2441 4035 Der Sturm bricht los.
2486 3980 3315 4061 zeit zurückgenommen werden.
1670 4016 2453 4082 Nach der Rede des Bundesministers
2582 4020 3345 4104 Die Polizeidirektion hat das
1573 4068 2458 4130 Dr. Glanz lam es zu stürmischen
2491 4080 3345 4161 über zu wachen, daß die Aufführung der B
1563 4112 2464 4167 Szenen. Die Abgeordneten der sozial¬
2595 4117 3290 4205 Ke
