3444 4320
250 150 377 236 11
435 163 763 247 Reigen
954 151 1364 241 box 17/5
1530 352 2037 413 o V.. Malttercienuige
813 369 2034 454 bangt. So oft in jeder der zehn Szenen der gewisse gefährlich
813 414 2042 491 Punkt kommt, die von keinem Auge zu schauende Szene, die selb
805 450 2030 533 die frivolsten Verfasser Pariser Cochonnerien hinter die Szen
812 494 2036 572 verleat haben, hüllt sich die Bühne auf wenige, darum aber nich
809 531 2041 616 minder peinliche Augenblicke in rabenschwarze Nacht, was, neben
811 572 2038 662 bei bemerkt, wieder einmal die Unzulänglichkeit der Bühnen
806 610 2035 689 mittel erweist. Es ist bezeichnend für die heutige Gesellschaft, da
806 650 2032 736 bei den bisherigen Aufführungen des „Reigen“ die schwächer
800 693 2018 769 Hälfte dominierte und, wenn die Damen erröteten, dies nu
804 732 2031 804 während der Verdunkelung des Zuschauerraumes der Fall sei
796 774 2017 846 konnte... Im übrigen haben die mit so vielen witzigen un
803 811 1563 875 geistreichen Aperous versehenen, eine
1560 825 2026 889 so stupende Menschen
792 841 2028 926 kenntnis erweisenden Dialoge glänzende Wirkung geübt. Hiera
794 883 2022 965 hatte alle dings die Darstellung einen hervorragenden Antei
796 922 2029 1003 Von den Damen hat Frl. Keller den Bogel abgeschossen. Sie ga¬
768 958 2024 1049 das „süße Mädel“ mit einer herben Anmut, einer lächelnden Be
781 1009 2021 1085 wußtheit und einer wienerischen Grazie, wie man diese typisc
787 1041 2007 1123 gewordene Figur noch niemals zu sehen bekam. Scharmant au
780 1082 2013 1164 Traute Carlsen als betrügende Frau und ganz Madame san
783 1122 2014 1206 ##e ganz routinierte Liebeswerberin Marietta Olly in de
770 1171 2019 1247 Siolle der Schauspielerin. Ein Prachtexemplar war auch der phily
756 1181 2011 1284 #yphierende gräfliche Offizier des Herrn Lackner. Der Ersol
773 1232 2004 1328 war ein durchgreifender; das Publikum klatschte so lange in bi
780 1277 1613 1352 Hände, bis wenigstens diese — rot wurden.
1894 1305 1985 1372 S.L
759 1364 1731 1418 I  W
1950 1455 2012 1521 730
776 1450 1944 1522 usgusc s###rofun undgupg noglog un Bunnsdich usciffuglla
1949 1512 2007 1558 13
775 1517 1916 1564 sag asch ubarnal nobunzosb#ig uagiog alch #ava jaghals
781 1558 2007 1601 gungagog uca Jnvg un Hu 3ia 1501 #bchlqungrg nochliurg
1928 1591 2013 1637 npur
810 1597 1911 1647 ###v 15g uhm 19) Hiadzubag ug 19 monsbrognusbab 1#
786 1628 1922 1691 ####sg Pomorgoag unmitiincirric #ad Runinn #i# aul sane
983 1804 2019 1881 Ind den „Kammerspielen“ ist mit großem Re¬
1978 1868 2014 1907 zu
883 1859 1915 1927 klam=Paukenwirbel, nach öffentlicher Generalprobe und
887 1895 2026 1966 maßlosen Preisen die Erstaufführung der Dialogreihe „Rei¬
878 1937 2023 2000 gen“ von Arthur Schmitler vor sich gegangen. Daß gleich¬
885 1978 2018 2033 wohl die ersten Bilder vörtrgingen, ohne daß sich auch nur
892 2024 2012 2078 eine Hand zum Beifall rührte und daß auch der weitere „Er¬
1932 2058 2015 2101 war,
1787 2059 1917 2106 genug
891 2067 1778 2120 folg“ der Aufführung matt und fadenscheinig
884 2102 2019 2153 zeugt von dem Geschmack, den sich selbst dieses Publikum der
901 2140 2014 2190 fetten Schieber noch bewahrt hat. (Denn nur aus solchen Krei¬
1926 2169 2028 2220 solche
900 2173 1918 2224 sen kann sich ein Publikum zusammensetzen, welches
891 2209 2024 2279 Preise zu zahien vermag.) Diese erste Aufführung, in der man
891 2245 2019 2311 „unter sich“ war, wie ja in allen verrufenen nächtlichen Ver¬
890 2288 2012 2346 gnügungslokalen immer die gleichen Leute unter sich sind,
892 2322 2014 2380 wäre also noch nicht so schlimm gewesen. Aber, daß jetzt all¬
892 2361 2021 2418 abendlich „Reigen“=Aufführungen zu normalen Theaterpreisen
898 2401 2017 2454 stattfinden, wodurch allgemach doch ein mehr bürgerliches
889 2448 2015 2496 Publikum herbeigelockt wird, das ist die Gefahr. Das ist eine
894 2484 2029 2532 Gefahr für die öffentliche Sittlichkeit, denn was sich in die¬
897 2520 2006 2577 sen zehn Szenen begibt, ist wohl das Schmierigste was au
893 2554 2015 2609 dem Theater je dagewesen ist, Verführung, Laster, Ehebruch
891 2599 2020 2648 in allen möglichen Varianten. Daß dieses Theaterstück (das
900 2637 2027 2686 keines ist, denn die Szenenreihe hat nur einen ganz lockeren
890 2669 2029 2730 Zusammenhang) auf jugendliche Zuschauer einen geradezu
902 2718 2018 2768 verheerenden und verpestenden Einfluß üben und jeden einiger¬
903 2741 2016 2800 maßen auf Reinlichkeit haltenden Erwuchsenen mit Ekel er¬
897 2795 2023 2849 füllen muß, darüber kann kaum ein Zweifel walten, wenn¬
898 2825 2020 2886 gleich ein paar willfährige Zeitungen Literatur entdecken
1929 2863 2028 2912 Man
893 2870 1930 2925 wollen, wo bloß geilste Pornographie vorhanden ist.
1787 2897 2014 2951 sein, auch
899 2913 1783 2966 glaubt einem Dichter wie Schnitzler schuldig zu
899 2933 2025 3000 seine anrüchigsten Verfehlungen zu verteidigen. Immerhin las
892 2968 2022 3031 man mehrfach die schüchterne Anmerkung, eine Aufführung
889 3016 2019 3070 diess Werdes (das dereinst sekbst in der Buchausgabe verboten
894 3066 2027 3106 war) hätte doch besser unterbleiben sollen. Wir für unseren
900 3102 2027 3147 Teil finden, daß diese Aufführung mit größter Erbitterung
898 3134 2023 3188 abgelehnt werden und daß von den Behörden immer aufs neue
896 3170 2027 3225 mit bestimmtester Entschiedenheit verlangt werden muß, diesem
902 3208 2026 3262 Skandal ein Ende zu masken. Als Skandal wurden in Berlin
899 3243 2016 3299 und München von den anständigen Kreisen (die sich aus An¬
897 3289 2020 3355 gehörigen sämtlicher Weltanschauungen und politischen Schich¬
1115 3396 1771 3490 Neues Mentaablatt, Wien
1889 3610 2030 3686 Nr. 6
1064 3618 1423 3718 7. Februar 1921
985 3707 2113 3806 ten zusammensetzten) die dortigen „Reigen"=Aufführungen
980 3764 2115 3838 empfunden. Es ist Pflicht der Wiener Katholiken, die in ihrem
990 3802 2124 3874 Kampfe gegen Schmutz und Schund wieder einmal allein zu
981 3847 2113 3918 stehen scheinen, sich zu mächtigen Proiesiaktionen zusammen¬
982 3880 2118 3968 lun, die von den Behörden nicht überhört werden können.
1808 3911 2088 3981 Hofbièder.
