3496 4320
780 141 1952 196 wieder entlassen. Sie werben sich wegen dieser Vorfalle zu ver¬
783 186 1124 247 antworten haben.
1125 274 1617 356 Im Zuschauerraum.
1076 338 1672 419 Was Augenzeugen erzühlen.
1693 376 1934 464 des „Reigen
865 402 1665 464 Von Personen, die der Abendvorstellung
780 452 1939 520 bis zu ihrer gewaltsamen Einstellung beigewohnt hatten, wurde
779 509 1437 560 uns folgende Schilderung gegeben:
867 518 1932 606 Schon knapp nach Beginn der Vorstellung verbreitete sich
775 601 1942 651 im Publikum eine Krisenstimmung. Es waren von unbekannten
771 636 1937 703 Tätern Stinkbomben geworfen worden, die die Luft ver¬
782 685 1930 749 pesteten, und zeitweilig wurden Zwischenrufe laut, die durch
782 733 1937 798 energische Protestrufe: „Ruhe!“ niedergeschrien wurden.
777 785 1937 848 Während des vierten Bildes kam es zu den ersten aufregenden
777 825 1924 887 Szenen. Von der Galerie ertönten Rufe: „Skandal
772 869 1931 943 Schweinerei!“ usw., es kam zu lauten Gegenkundgebungen und
781 919 1937 976 ein Herr aus einer Loge rief: „Wem's nicht paßt, der soll
767 964 1925 1028 hinausgeh'n!“ Dann trat Ruhe ein und das Bild konnte ohne
768 1017 1929 1075 Störung zu Ende gespielt werden. Der Geruch, der sich im
765 1060 1928 1123 Theater verbreitet hatte, nahm aber immer mehr an Pene¬
771 1113 943 1177 tranz zu.
864 1121 1926 1211 Während des fünften Bildes setzte der eigentliche Krawall
766 1203 1920 1260 ein. Die Schauspieler hatten kaum die erston Sätze gesprochen
759 1246 1925 1305 als sich eine nervöse Unruhe des Publikums bemächtigte. Der
755 1299 1926 1354 Theatersekretär Herr Marfeld sah sich deshalb veranlaßt,
760 1350 1937 1403 vom Balkon des Theaters aus beruhigende Worte an das
760 1385 1936 1441 Publikum zu richten; er forderte die Zuschauer auf, sitzen zu
757 1430 1926 1490 bleiben und nichts zu befürchten, da sie sich in vollster Sicher¬
759 1483 1919 1539 heit befänden. Diese Worte wirkten wie ein Signal zum
768 1525 1927 1588 Angriff. Im Theater ertönten Pfiffe, und wüstes Geschrei
753 1574 1928 1640 wurde laut Alles stürmte von den Sitzen, um zu den Girderoben
762 1617 1916 1681 zu gelangen, und es kam zwischen den Bankreihen zu heftigen
766 1670 1005 1743 Schlägereien.
853 1686 1916 1768 In der Zwischenzeit war eine große Anzahl junger
757 1759 1921 1821 Burschen von der Straße aus mit Gejohle in das Theater ein¬
764 1799 1926 1869 gedrungen. Sie eilten in die Logen, die dem Foyer am nächsten
751 1849 1917 1918 liegen, und begannen aus denselben Sessel auf das Parkett zu
758 1912 1912 1979 werfen. Die eiserne Kurtine wurde sofort aus der Ver¬
764 1948 1186 2012 senkung heraufgezogen.
849 1965 1921 2053 Im Zuschauerraum kam es nun zu schweren Aus¬
752 2034 1906 2096 schreitungen. Die Demonstranten gingen gegen dal
754 2078 1908 2144 Publikum los, schlugen mit Stöcken und Fäusten drein und
754 2124 1914 2190 zerrten Männer und Frauen aus dem Theater. Viele Be¬
764 2181 1916 2238 sucher wurden blutiggeschlagen, manchen das
754 2230 1912 2284 Gewand vom Leibe gerissen. Eine Dame wurde mit
751 2263 1914 2327 einem Lederriemen mißhandelt, andre Damen geohrfeigt und
751 2319 1921 2375 beschimpft. Während dieser Ausschreitungen, denen gegenüber
752 2364 1922 2423 sich die Wache als zu schwach erwies, warfen viele Demon¬
750 2414 1922 2471 stranten mit Eiern um sich und besudelten den eisernen Vor¬
745 2458 1452 2530 hang mit einer teerartigen Flüssigkeit.
852 2483 1904 2557 Die Personen, die sich zur Garderobe gebrängt hatten, um
745 2546 1907 2610 ihre Kleidungsstücke zu beheben, wurden mit Stockschlägen
736 2599 1900 2657 weggetrieben und mußten ohne Ueberkleider flüchten
738 2647 1905 2701 Erst später, als Ruhe eingetreten war, konnten die Ueberkleider
742 2684 1912 2750 ausgelöst werden. Wie man hört, ist aus der Garderobe nichts
747 2742 1910 2814 abhanden gekommen, alle Besucher erhielten ihre Ueberkleider
735 2787 873 2863 zurück.
1140 2816 1529 2917 Auf der Büdne.
828 2891 1897 2964 Herr Hans Wengraf, der im dritten Bilde „Stuben¬
737 2943 1900 3006 mädchen und junger Herr“ mit Fräulein Hochwald auf der
741 3000 1898 3056 Szene ist, vernahm schon zu diesem Zeitpunkt leises Gemurmel
743 3043 1906 3107 aus dem Zuschauerraum. Das Wort „Schweinerei!“ war bis
735 3095 1898 3149 auf die Bühne hörbar. Im Publikum war eine merkliche
729 3141 1895 3193 Unruhe entstanden, doch legte sich dieselbe wieder, offenbar, weil
739 3185 1897 3240 die Demonstranten still wurden, beziehungsweise noch nicht
734 3233 1906 3285 den verabredeten starken Zuzug erhalten hatten. Das nächste
735 3276 1895 3333 Bild „Junger Herr und junge Frau“ in dem mit Herrn
735 3319 1890 3383 Wengraf Frau Carlsen beschäftigt ist, konnte beginnen. Das
742 3371 1898 3429 Publikum ging wieder mit, lachte sogar, wenn auf der Bühne
740 3418 1894 3476 ein Scherzwort fiel. Erst als die Verdunklung bei offenem
732 3467 1888 3518 Vorhang eintrat, wurde der Ruf „Schweinerei!“ lauter ver¬
736 3512 1884 3570 nommen, man roch auch schon bis auf die Bühne die Stink
734 3546 1890 3611 bomben. Ein Logengast rief mit Hinweis auf die Demonstranten:
740 3607 1897 3664 „Hinaus mit ihnen!“ Andre antworteten. Die Unruhe nahm
739 3663 1898 3725 zu. und Frau Carlsen und Herr Wengraf mußten das Stimmen¬
735 3692 1148 3772 gewirre übersprechen.
1969 152 3135 226 Von einem hier stehenden Klavier troff das Wasser herunter.
2215 270 2897 339 Verbot der Nachtvorstellung.
2056 323 3134 402 Die Direktion der Kammerspiele plante trotz der Vorgänge
1973 382 3143 449 und trotz des angerichteten Schadens, den sie im großen und
1971 435 3137 494 ganzen beheben zu können glaubt, die Nachtvorstellung vor sich
1967 481 3128 534 gehen zu lassen, welche ebenso wie die Abendvorstellung aus¬
1964 524 3124 588 verkauft war. Man wollte den Beginn der Vorstellung etwas
1963 568 3135 624 hinausschieben, um in dieser Zeit die notdürftigsten Auf¬
1963 621 3136 683 räumungsarbeiten durchführen zu können. Ein Hindernis
1970 652 3128 733 schien nicht vorzuliegen, nachdem die Demonstranten mittler¬
1962 713 3132 773 weile abgezogen waren. Ueber Anraten der Feuerwehr ist aber
1967 764 3129 830 doch die gestrige Nachtvorstellung schließlich aus Gründen der
1961 806 3127 865 Sicherheit verboten worden. Branddirektor Schifter
1972 848 3129 927 at nämlich der Behörde gegenüber seiner Ansicht Ausdruck
1963 903 3129 962 verliehen, daß mit Rücksicht auf den Bau des Theaters und
1963 945 3124 1000 die vielen zum Theatersaale führenden Treppen bei der
1969 990 3129 1059 Wiederholung einer Panik größeres Unheil
1956 1031 3126 1097 geschehen könnte und daß eine Gewähr für die Sicherheit der
1966 1081 3130 1145 Theaterbesucher nicht übernommen werden könne. Aus diesen
1954 1127 3123 1185 Gründen wur de seitens der Polizeibehörde der Direktion der
1960 1174 3123 1266 Kammerspiele nahegelegt, die gestrige Nachtvorstellung zu
1951 1219 2158 1282 unterlassen
2023 1310 3031 1415 Die Frage der Fortsetzung der „Reigen“¬
2362 1378 2700 1452 Vorstellungen.
2031 1431 3124 1508 Bezüglich der weiteren Aufführungen wird seitens der
1961 1478 3112 1548 Direktion der Kammerspiele erklärt, daß einer Fort¬
1952 1539 3122 1598 führung der „Reigen"=Vorstellungen nichts im
1960 1581 3119 1653 Wege stehe. Die Theaterleitung erklärt nämlich, daß die
1959 1635 3117 1693 gestrigen Kundgebungen nicht der Ausfluß eines öffentlichen
1960 1678 3120 1743 Aergernisses sind, sondern eine zu agitatorischen Zwecken
1948 1729 2676 1779 organisierte Kundgebung gewesen seien.
2036 1755 3118 1836 Ein behördlicher Beschluß über eine Stellungnahme zu
1943 1815 3106 1881 dieser Angelegenheit wurde bis zum gestrigen Abend nicht
1945 1866 3115 1925 gefaßt; die Behörden werden erst im Laufe des heutigen
1944 1910 3107 1966 Tages Gelegenheit haben, sich mit der Frage zu befassen, ob
1944 1953 3111 2023 aus Gründen der öffentlichen Ruhe und Ordnung oder auch
1943 2005 3114 2059 aus Gründen der Sicherheit der Theaterbesucher die weiteren
1953 2046 3108 2100 Vorführungen des „Reigen“ zu verbieten oder zu gestatten sind.
1942 2094 3111 2160 Ein aus diesen Gründen zu verfügendes Verbot könnte die
1943 2135 3110 2195 Polizeidirektion im eigenen Wirkungskreise erlassen,
1938 2188 3107 2252 ohne sich um die Verschiedenheit der Ansichten über das Zensur¬
1937 2235 3112 2293 verbot zwischen dem Bundesministerium des Innern und dem
1931 2268 2841 2350 Bürgermeister als Landeshauptmann zu befassen.
1998 2355 3039 2454 Artur Schal##ter über die Demonstrationen.
2026 2405 3105 2509 Dr. Alur Schliyrer, der seit den „Reigen“¬
1942 2461 3111 2549 Aufführungen fast täglich im Theater erschienen war, kam auch
1945 2539 3111 2616 gestern und wurde Zeuge der turbulenten Vorgänge; der
1937 2573 2897 2635 Dichter äußerte sich zu einem unsrer Mitarbeiter:
2032 2623 3096 2682 „Ich kain während des fünften Bildes zufällig in das
1930 2663 3105 2731 Theater, um mit Direktor Bernau einige Einzelheiten zu
1935 2717 3097 2786 besprechen. Schon beim Betreten der Bühne rief mir eine
1941 2758 3102 2823 Schauspielerin zu: „Gerade heute kommen Sie?“ Ich fragte
1929 2815 3095 2883 erstannt, ob heute ein so besonderer Tag sei, und in diesem
1939 2861 3102 2927 Augenblicke hörte ich schon von der Bühne her und auch von
1935 2908 3088 2966 der Straße ein wüstes Getöse. Die Zuschauer flüchteten
1934 2954 3085 3010 auf die Bühne und suchten von dort schreckensbleich einen
1940 3004 3094 3051 Ausgang zu erreichen. Inzwischen waren von den Bühnen¬
1931 3048 3094 3112 arbeitern schon die Hydranten in Tätigkeit gesetzt worden, um
1933 3097 3095 3160 die eindringenden Demonstranten von der Bühne zu
1932 3143 3098 3215 verdrängen. Die Garderoben der Scharspielerinnen waren
1932 3190 3095 3259 völlig unter Wasser, ebenso wie die Bühne. Das Publikum
1932 3243 3089 3288 und die Demonstranten hämmerten gegen den
1923 3286 3088 3352 eisernen Vorhang, um auf die Bühne zu gelangen,
1924 3324 2342 3380 dieser hielt aber stand.
2008 3377 3092 3436 Weder den Schauspielern noch mir ist irgend etwas
1922 3419 3089 3493 geschehen, aber ich kann kaum genügend scharfe Worte finden,
1928 3477 3073 3528 um das Vorgehen der Eindringlinge zu geißeln. Meine
1923 3518 3087 3570 Empörung ist wohl um so berechtigter, als die Demonstranten
1921 3570 3087 3630 ohne Rücksicht auf die unten weilenden Personen die
1923 3611 3077 3665 schweren Logenbänke von der Galerie in das
1914 3658 3087 3708 Parterre stürzten; jede einzelne dieser Bänke hätte genügt,
1918 3696 2519 3782 einen Menschen zu erschlagen.“
