<?xml version="1.0" encoding="UTF-8" standalone="yes"?>
<PcGts xmlns="http://schema.primaresearch.org/PAGE/gts/pagecontent/2013-07-15" xmlns:xsi="http://www.w3.org/2001/XMLSchema-instance" xsi:schemaLocation="http://schema.primaresearch.org/PAGE/gts/pagecontent/2013-07-15 http://schema.primaresearch.org/PAGE/gts/pagecontent/2013-07-15/pagecontent.xsd">
    <Metadata>
        <Creator>prov=University of Rostock/Institute of Mathematics/CITlab/Gundram Leifert/gundram.leifert@uni-rostock.de:name=ONB_Newseye_GT_M1+(htr_id=10810)::::v=2.4.3
prov=University of Rostock/Institute of Mathematics/CITlab/Tobias Gruening/tobias.gruening@uni-rostock.de:name=de.uros.citlab.module.baseline2polygon.B2PSeamMultiOriented:v=2.4.3
prov=University of Rostock/Institute of Mathematics/CITlab/Tobias Gruening/tobias.gruening@uni-rostock.de:name=/net_tf/LA73_249_0mod360.pb:de.uros.citlab.segmentation.CITlab_LA_ML:v=2.4.3
Transkribus</Creator>
        <Created>2019-10-07T11:39:44.026+02:00</Created>
        <LastChange>2019-12-04T19:58:23.493+01:00</LastChange>
        <TranskribusMetadata docId="223982" pageId="9503911" pageNr="581" tsid="20411842" status="IN_PROGRESS" userId="40391" imgUrl="https://files.transkribus.eu/Get?id=ARGKHDJUZHXOJRBVIAXGWZRB&amp;fileType=view" xmlUrl="https://files.transkribus.eu/Get?id=COTSBHWWCKDCQJDYSDOVTTUG" imageId="6194125"/>
    </Metadata>
    <Page imageFilename="223982_0581.jpeg" imageWidth="3444" imageHeight="4416">
        <ReadingOrder>
            <OrderedGroup id="ro_1711448531179" caption="Regions reading order">
                <RegionRefIndexed index="0" regionRef="r1"/>
                <RegionRefIndexed index="1" regionRef="r2"/>
                <RegionRefIndexed index="2" regionRef="r3"/>
                <RegionRefIndexed index="3" regionRef="r4"/>
            </OrderedGroup>
        </ReadingOrder>
        <TextRegion orientation="0.0" id="r1" custom="readingOrder {index:0;}">
            <Coords points="282,213 282,367 409,367 409,213"/>
            <TextLine id="r1l1" custom="readingOrder {index:0;}">
                <Coords points="275,331 294,330 325,345 337,338 350,340 376,326 404,345 415,344 416,257 386,267 375,259 362,259 350,246 331,244 318,257 276,263"/>
                <Baseline points="282,317 307,313 332,313 358,315 383,316 409,316"/>
                <TextEquiv>
                    <Unicode>11</Unicode>
                </TextEquiv>
            </TextLine>
            <TextEquiv>
                <Unicode>11</Unicode>
            </TextEquiv>
        </TextRegion>
        <TextRegion orientation="0.0" id="r2" custom="readingOrder {index:1;}">
            <Coords points="481,226 481,377 781,377 781,226"/>
            <TextLine id="r2l1" custom="readingOrder {index:0;}">
                <Coords points="474,341 555,347 589,335 700,334 723,346 788,333 788,275 775,270 740,278 724,265 673,260 646,274 612,253 581,274 548,276 509,253 474,259"/>
                <Baseline points="481,326 506,327 531,327 556,327 581,327 606,327 631,327 656,327 681,327 706,327 731,326 756,326 781,326"/>
                <TextEquiv>
                    <Unicode>Reigen</Unicode>
                </TextEquiv>
            </TextLine>
            <TextEquiv>
                <Unicode>Reigen</Unicode>
            </TextEquiv>
        </TextRegion>
        <TextRegion orientation="0.0" id="r3" custom="readingOrder {index:2;}">
            <Coords points="728,281 728,4074 1876,4074 1876,281"/>
            <TextLine id="r3l1" custom="readingOrder {index:0;}">
                <Coords points="978,324 1238,315 1307,332 1340,304 1404,317 1404,260 1334,239 1312,254 1229,243 1165,281 1123,258 1029,267 1009,248 978,254"/>
                <Baseline points="985,306 1010,307 1036,308 1062,308 1088,309 1113,309 1139,310 1165,310 1191,310 1216,311 1242,310 1268,310 1294,310 1319,309 1345,308 1371,307 1397,305"/>
                <TextEquiv>
                    <Unicode>box 17/6</Unicode>
                </TextEquiv>
            </TextLine>
            <TextLine id="r3l2" custom="readingOrder {index:1;}">
                <Coords points="1020,835 1056,826 1087,842 1112,835 1142,850 1173,839 1199,851 1215,847 1238,862 1281,847 1286,803 1270,798 1247,805 1224,785 1120,779 1079,763 1046,775 1028,770"/>
                <Baseline points="1030,821 1057,823 1084,825 1111,829 1138,832 1165,836 1192,839 1219,843 1246,846 1274,849"/>
                <TextEquiv>
                    <Unicode>A4FEE 1321</Unicode>
                </TextEquiv>
            </TextLine>
            <TextLine id="r3l3" custom="readingOrder {index:2;}">
                <Coords points="1439,879 1552,890 1648,860 1679,878 1714,867 1758,886 1802,876 1792,712 1665,688 1609,702 1572,685 1529,702 1426,676"/>
                <Baseline points="1446,869 1472,870 1499,870 1526,869 1553,868 1579,866 1606,865 1633,862 1660,860 1686,857 1713,855 1740,854 1767,853 1794,852"/>
                <TextEquiv>
                    <Unicode>Am 14,</Unicode>
                </TextEquiv>
            </TextLine>
            <TextLine id="r3l4" custom="readingOrder {index:3;}">
                <Coords points="773,926 795,922 819,933 837,923 852,929 873,919 893,926 913,919 920,927 931,921 945,933 960,929 961,875 937,869 902,881 896,874 840,869 821,883 802,871 775,872"/>
                <Baseline points="781,911 809,909 838,909 867,910 895,911 924,913 953,913"/>
                <TextEquiv>
                    <Unicode>beite 2</Unicode>
                </TextEquiv>
            </TextLine>
            <TextLine id="r3l5" custom="readingOrder {index:4;}">
                <Coords points="1430,926 1487,919 1515,939 1548,921 1597,931 1616,917 1663,919 1715,937 1717,883 1678,885 1629,869 1609,883 1592,871 1556,890 1511,883 1495,894 1467,873 1431,872"/>
                <Baseline points="1438,907 1465,910 1492,912 1519,913 1546,914 1573,914 1600,914 1627,914 1654,915 1681,916 1708,919"/>
                <TextEquiv>
                    <Unicode>Wien, Montag</Unicode>
                </TextEquiv>
            </TextLine>
            <TextLine id="r3l6" custom="readingOrder {index:5;}">
                <Coords points="739,1014 1031,1048 1871,1017 1871,950 739,947"/>
                <Baseline points="746,1011 801,1010 857,1010 913,1010 969,1011 1025,1011 1081,1011 1137,1011 1193,1011 1249,1011 1305,1012 1360,1012 1416,1012 1472,1012 1528,1012 1584,1012 1640,1011 1696,1011 1752,1010 1808,1010 1864,1009"/>
                <TextEquiv>
                    <Unicode>Der Kompetenzkonflikt wegen des „Reigen“.</Unicode>
                </TextEquiv>
            </TextLine>
            <TextLine id="r3l7" custom="readingOrder {index:6;}">
                <Coords points="1191,1093 1221,1097 1249,1089 1288,1102 1305,1090 1354,1099 1378,1087 1396,1093 1411,1080 1427,1083 1427,1035 1400,1035 1384,1021 1359,1033 1342,1025 1330,1036 1300,1035 1290,1025 1249,1036 1225,1023 1191,1022"/>
                <Baseline points="1198,1076 1225,1075 1253,1075 1281,1075 1309,1075 1336,1075 1364,1075 1392,1075 1420,1076"/>
                <TextEquiv>
                    <Unicode>Verbotes.</Unicode>
                </TextEquiv>
            </TextLine>
            <TextLine id="r3l8" custom="readingOrder {index:7;}">
                <Coords points="1067,1154 1134,1157 1160,1140 1180,1153 1198,1138 1323,1163 1443,1138 1556,1141 1556,1096 1444,1079 1245,1106 1197,1091 1067,1096"/>
                <Baseline points="1074,1131 1099,1131 1124,1133 1149,1133 1174,1133 1199,1133 1224,1133 1249,1133 1274,1133 1299,1133 1324,1132 1349,1132 1374,1132 1399,1132 1424,1132 1449,1132 1474,1132 1499,1132 1524,1133 1549,1134"/>
                <TextEquiv>
                    <Unicode>Von einem Rechtslehrer.</Unicode>
                </TextEquiv>
            </TextLine>
            <TextLine id="r3l9" custom="readingOrder {index:8;}">
                <Coords points="1473,1203 1490,1210 1543,1190 1627,1215 1677,1190 1784,1221 1829,1199 1847,1209 1847,1160 1792,1150 1781,1160 1717,1146 1695,1159 1678,1150 1555,1164 1474,1149"/>
                <Baseline points="1480,1189 1505,1189 1531,1190 1557,1190 1582,1191 1608,1191 1634,1191 1660,1192 1685,1192 1711,1192 1737,1192 1762,1192 1788,1192 1814,1192 1840,1192"/>
                <TextEquiv>
                    <Unicode>Wien, 14. Februar.</Unicode>
                </TextEquiv>
            </TextLine>
            <TextLine id="r3l10" custom="readingOrder {index:9;}">
                <Coords points="840,1251 1869,1255 1869,1206 1829,1199 1490,1211 1231,1177 926,1218 840,1191"/>
                <Baseline points="847,1244 897,1244 948,1243 999,1243 1050,1243 1100,1243 1151,1243 1202,1242 1253,1242 1303,1242 1354,1242 1405,1243 1456,1243 1506,1243 1557,1243 1608,1243 1659,1243 1709,1243 1760,1243 1811,1243 1862,1243"/>
                <TextEquiv>
                    <Unicode>Die parlamentarische Auseinandersetzung über das</Unicode>
                </TextEquiv>
            </TextLine>
            <TextLine id="r3l11" custom="readingOrder {index:10;}">
                <Coords points="737,1301 1882,1300 1882,1255 1800,1242 984,1273 737,1227"/>
                <Baseline points="744,1292 800,1292 857,1292 913,1292 970,1292 1027,1292 1083,1292 1140,1292 1196,1292 1253,1292 1310,1292 1366,1292 1423,1292 1479,1291 1536,1291 1593,1291 1649,1291 1706,1291 1762,1291 1819,1290 1876,1290"/>
                <TextEquiv>
                    <Unicode>Verbot der „Reigen"=Aufführungen zeigte einen politischen</Unicode>
                </TextEquiv>
            </TextLine>
            <TextLine id="r3l12" custom="readingOrder {index:11;}">
                <Coords points="744,1342 1870,1352 1869,1303 1757,1296 744,1304"/>
                <Baseline points="751,1339 806,1339 862,1340 917,1340 973,1340 1028,1340 1084,1340 1139,1340 1195,1340 1250,1340 1306,1340 1362,1340 1417,1340 1473,1339 1528,1339 1584,1339 1639,1339 1695,1339 1750,1338 1806,1338 1862,1338"/>
                <TextEquiv>
                    <Unicode>Kampf ethischer, ästhetischer, verfassungs= und verwaltungs¬</Unicode>
                </TextEquiv>
            </TextLine>
            <TextLine id="r3l13" custom="readingOrder {index:12;}">
                <Coords points="748,1402 1878,1392 1878,1352 1807,1345 748,1351"/>
                <Baseline points="755,1387 810,1388 866,1388 922,1388 978,1388 1033,1388 1089,1388 1145,1388 1201,1388 1256,1388 1312,1388 1368,1388 1424,1388 1479,1388 1535,1387 1591,1387 1647,1387 1702,1387 1758,1387 1814,1387 1870,1386"/>
                <TextEquiv>
                    <Unicode>juristischer Anschauungen seltsamster Art. Es gäbe keinen</Unicode>
                </TextEquiv>
            </TextLine>
            <TextLine id="r3l14" custom="readingOrder {index:13;}">
                <Coords points="740,1442 1872,1451 1871,1398 1812,1391 740,1401"/>
                <Baseline points="747,1435 802,1435 858,1436 914,1436 970,1436 1026,1436 1082,1436 1138,1436 1194,1436 1250,1436 1306,1436 1361,1436 1417,1436 1473,1436 1529,1435 1585,1435 1641,1435 1697,1435 1753,1435 1809,1435 1865,1435"/>
                <TextEquiv>
                    <Unicode>besseren Beweis für die außerordentlichen Schwierigkeiten</Unicode>
                </TextEquiv>
            </TextLine>
            <TextLine id="r3l15" custom="readingOrder {index:14;}">
                <Coords points="758,1491 1871,1490 1871,1450 1810,1440 758,1446"/>
                <Baseline points="765,1483 819,1483 874,1483 929,1483 984,1483 1039,1483 1094,1483 1149,1483 1204,1483 1259,1483 1314,1483 1368,1483 1423,1483 1478,1483 1533,1483 1588,1482 1643,1482 1698,1482 1753,1482 1808,1482 1863,1481"/>
                <TextEquiv>
                    <Unicode>in einem Uebergangszeitalter, wie es das unsere in jedem</Unicode>
                </TextEquiv>
            </TextLine>
            <TextLine id="r3l16" custom="readingOrder {index:15;}">
                <Coords points="747,1537 1877,1545 1877,1491 1685,1480 1466,1512 747,1491"/>
                <Baseline points="754,1530 809,1530 865,1531 921,1531 977,1531 1033,1531 1088,1531 1144,1531 1200,1531 1256,1531 1312,1531 1367,1531 1423,1530 1479,1530 1535,1530 1591,1529 1646,1529 1702,1529 1758,1529 1814,1528 1870,1528"/>
                <TextEquiv>
                    <Unicode>Sinne ist, auf irgendeinem Gebiete zu entscheiden, was</Unicode>
                </TextEquiv>
            </TextLine>
            <TextLine id="r3l17" custom="readingOrder {index:16;}">
                <Coords points="747,1593 770,1591 806,1611 832,1609 852,1590 890,1583 916,1592 949,1584 961,1594 973,1584 991,1585 992,1537 959,1531 929,1547 899,1539 878,1549 821,1535 747,1537"/>
                <Baseline points="754,1575 779,1576 805,1577 830,1577 856,1577 881,1577 907,1577 932,1577 958,1577 984,1577"/>
                <TextEquiv>
                    <Unicode>Rechtens ist.</Unicode>
                </TextEquiv>
            </TextLine>
            <TextLine id="r3l18" custom="readingOrder {index:17;}">
                <Coords points="860,1622 1882,1639 1881,1565 1844,1560 1682,1593 1597,1565 860,1590"/>
                <Baseline points="867,1623 917,1623 967,1624 1018,1624 1068,1624 1119,1625 1169,1625 1219,1625 1270,1625 1320,1625 1371,1624 1421,1624 1471,1624 1522,1623 1572,1623 1623,1622 1673,1622 1723,1621 1774,1620 1824,1620 1875,1619"/>
                <TextEquiv>
                    <Unicode>Der Bundesbürger, dem das Schicksal so viele einst</Unicode>
                </TextEquiv>
            </TextLine>
            <TextLine id="r3l19" custom="readingOrder {index:18;}">
                <Coords points="747,1682 1797,1692 1872,1674 1872,1627 747,1628"/>
                <Baseline points="754,1673 809,1673 865,1673 920,1673 976,1673 1032,1673 1087,1673 1143,1673 1198,1673 1254,1673 1310,1673 1365,1673 1421,1673 1476,1673 1532,1673 1588,1672 1643,1672 1699,1671 1754,1670 1810,1669 1866,1668"/>
                <TextEquiv>
                    <Unicode>liebe Freiheiten genommen hat, ist doppelt reizsam und</Unicode>
                </TextEquiv>
            </TextLine>
            <TextLine id="r3l20" custom="readingOrder {index:19;}">
                <Coords points="752,1724 1799,1733 1877,1723 1877,1676 751,1682"/>
                <Baseline points="758,1718 813,1718 869,1718 924,1718 980,1718 1036,1718 1091,1718 1147,1718 1202,1718 1258,1718 1314,1718 1369,1717 1425,1717 1480,1717 1536,1717 1592,1717 1647,1716 1703,1716 1758,1716 1814,1716 1870,1716"/>
                <TextEquiv>
                    <Unicode>eifersüchtig, wenn das letzte Gebiet freien Auslebens, das</Unicode>
                </TextEquiv>
            </TextLine>
            <TextLine id="r3l21" custom="readingOrder {index:20;}">
                <Coords points="748,1772 1872,1774 1861,1719 748,1725"/>
                <Baseline points="756,1764 811,1764 867,1764 922,1765 978,1765 1033,1765 1089,1765 1144,1765 1200,1765 1255,1765 1311,1765 1366,1765 1422,1765 1477,1764 1533,1764 1588,1764 1644,1763 1699,1763 1755,1763 1810,1762 1866,1762"/>
                <TextEquiv>
                    <Unicode>der politischen Rechte, angetastet scheint. So droht ein</Unicode>
                </TextEquiv>
            </TextLine>
            <TextLine id="r3l22" custom="readingOrder {index:21;}">
                <Coords points="746,1831 1869,1822 1869,1779 1805,1762 746,1771"/>
                <Baseline points="753,1811 808,1811 863,1811 919,1811 974,1812 1030,1812 1085,1812 1141,1812 1196,1812 1252,1812 1307,1812 1362,1812 1418,1812 1473,1812 1529,1811 1584,1811 1640,1811 1695,1810 1751,1810 1806,1809 1862,1808"/>
                <TextEquiv>
                    <Unicode>Zensurverbot, wie es in früheren Zeiten gar nicht selten</Unicode>
                </TextEquiv>
            </TextLine>
            <TextLine id="r3l23" custom="readingOrder {index:22;}">
                <Coords points="741,1862 1353,1855 1443,1887 1859,1869 1868,1823 741,1833"/>
                <Baseline points="748,1858 803,1859 859,1859 914,1859 970,1860 1026,1860 1081,1860 1137,1860 1192,1860 1248,1859 1304,1859 1359,1859 1415,1858 1470,1858 1526,1858 1582,1857 1637,1857 1693,1856 1748,1856 1804,1855 1860,1855"/>
                <TextEquiv>
                    <Unicode>erging und jeweils nur das Aergernis der betroffenen</Unicode>
                </TextEquiv>
            </TextLine>
            <TextLine id="r3l24" custom="readingOrder {index:23;}">
                <Coords points="738,1913 1801,1920 1875,1912 1875,1860 1448,1889 1353,1855 1259,1883 738,1862"/>
                <Baseline points="745,1904 801,1905 857,1905 913,1905 969,1906 1025,1906 1081,1906 1138,1906 1194,1906 1250,1906 1306,1906 1362,1905 1418,1905 1474,1905 1531,1904 1587,1904 1643,1903 1699,1902 1755,1902 1811,1901 1868,1900"/>
                <TextEquiv>
                    <Unicode>Dichter und Bühnenleiter, vielleicht auch noch eines nicht</Unicode>
                </TextEquiv>
            </TextLine>
            <TextLine id="r3l25" custom="readingOrder {index:24;}">
                <Coords points="743,1962 1869,1970 1869,1912 743,1928"/>
                <Baseline points="750,1954 805,1953 861,1952 916,1952 972,1952 1028,1951 1083,1951 1139,1951 1194,1951 1250,1951 1306,1951 1361,1951 1417,1950 1472,1950 1528,1950 1584,1950 1639,1949 1695,1949 1750,1948 1806,1948 1862,1947"/>
                <TextEquiv>
                    <Unicode>gar großen Kreises von Schauspielern und Literaturfreunden</Unicode>
                </TextEquiv>
            </TextLine>
            <TextLine id="r3l26" custom="readingOrder {index:25;}">
                <Coords points="746,2013 1861,1999 1804,1952 746,1963"/>
                <Baseline points="754,1998 809,1999 864,1999 919,2000 974,2000 1029,2000 1084,2000 1139,2000 1194,1999 1249,1999 1304,1998 1359,1998 1414,1997 1469,1997 1524,1996 1579,1996 1634,1996 1689,1995 1744,1995 1799,1995 1854,1996"/>
                <TextEquiv>
                    <Unicode>bildete, Anlaß zu einem Verfassungsstreit zu bieten. Oeste</Unicode>
                </TextEquiv>
            </TextLine>
            <TextLine id="r3l27" custom="readingOrder {index:26;}">
                <Coords points="742,2057 1877,2047 1877,2010 1805,1992 965,2035 742,2005"/>
                <Baseline points="749,2044 805,2045 861,2046 917,2046 973,2047 1029,2047 1085,2047 1141,2046 1197,2046 1253,2046 1310,2045 1366,2045 1422,2044 1478,2044 1534,2043 1590,2043 1646,2043 1702,2042 1758,2042 1814,2041 1871,2041"/>
                <TextEquiv>
                    <Unicode>reich mag sich schmeicheln, daß ein Bühnenwerk Auf¬</Unicode>
                </TextEquiv>
            </TextLine>
            <TextLine id="r3l28" custom="readingOrder {index:27;}">
                <Coords points="742,2097 1872,2103 1871,2048 1766,2042 742,2057"/>
                <Baseline points="749,2091 804,2091 860,2092 916,2092 972,2092 1028,2092 1083,2092 1139,2092 1195,2091 1251,2091 1307,2091 1362,2091 1418,2090 1474,2090 1530,2090 1586,2089 1641,2089 1697,2089 1753,2089 1809,2089 1865,2089"/>
                <TextEquiv>
                    <Unicode>regungen wachruft, wie nur eine Komödie des Aristophanes</Unicode>
                </TextEquiv>
            </TextLine>
            <TextLine id="r3l29" custom="readingOrder {index:28;}">
                <Coords points="745,2153 791,2160 859,2142 956,2160 976,2141 1003,2157 1045,2159 1071,2141 1099,2154 1099,2111 1079,2102 975,2093 943,2109 889,2099 799,2116 745,2095"/>
                <Baseline points="752,2138 778,2138 804,2138 830,2138 856,2138 882,2138 908,2138 935,2138 961,2137 987,2137 1013,2137 1039,2137 1065,2137 1092,2138"/>
                <TextEquiv>
                    <Unicode>im antiken Athen.</Unicode>
                </TextEquiv>
            </TextLine>
            <TextLine id="r3l30" custom="readingOrder {index:29;}">
                <Coords points="832,2195 1874,2200 1874,2122 1713,2151 1425,2123 1034,2164 832,2144"/>
                <Baseline points="839,2185 890,2184 941,2184 993,2184 1044,2184 1096,2184 1147,2184 1198,2184 1250,2184 1301,2184 1353,2184 1404,2184 1455,2183 1507,2183 1558,2183 1610,2183 1661,2183 1712,2182 1764,2182 1815,2181 1867,2180"/>
                <TextEquiv>
                    <Unicode>Wäre der Kampf nicht so hart und giftig entbrannt,</Unicode>
                </TextEquiv>
            </TextLine>
            <TextLine id="r3l31" custom="readingOrder {index:30;}">
                <Coords points="745,2244 1868,2245 1852,2191 874,2203 745,2174"/>
                <Baseline points="753,2232 808,2232 863,2232 919,2231 974,2231 1030,2231 1085,2230 1140,2230 1196,2230 1251,2230 1307,2229 1362,2229 1417,2229 1473,2229 1528,2229 1584,2228 1639,2228 1694,2228 1750,2227 1805,2227 1861,2227"/>
                <TextEquiv>
                    <Unicode>stünden nicht so wichtige und für die Zukunft richtung¬</Unicode>
                </TextEquiv>
            </TextLine>
            <TextLine id="r3l32" custom="readingOrder {index:31;}">
                <Coords points="739,2293 1832,2289 1868,2246 739,2248"/>
                <Baseline points="746,2279 801,2279 857,2278 913,2278 969,2278 1024,2277 1080,2277 1136,2277 1192,2277 1247,2277 1303,2276 1359,2276 1415,2276 1470,2276 1526,2275 1582,2275 1638,2275 1693,2274 1749,2274 1805,2273 1861,2272"/>
                <TextEquiv>
                    <Unicode>gebende Fragen vor ihrer Klärung, so müßte die erhabene</Unicode>
                </TextEquiv>
            </TextLine>
            <TextLine id="r3l33" custom="readingOrder {index:32;}">
                <Coords points="739,2331 1788,2343 1874,2324 1874,2280 738,2294"/>
                <Baseline points="745,2326 801,2325 857,2325 913,2324 969,2324 1025,2323 1081,2323 1137,2323 1193,2323 1249,2322 1306,2322 1362,2322 1418,2322 1474,2322 1530,2322 1586,2321 1642,2321 1698,2320 1754,2319 1810,2318 1867,2317"/>
                <TextEquiv>
                    <Unicode>Jurisprudenz ein Lächeln ankommen, wie seltsam die Ironie</Unicode>
                </TextEquiv>
            </TextLine>
            <TextLine id="r3l34" custom="readingOrder {index:33;}">
                <Coords points="737,2375 1873,2381 1858,2324 737,2333"/>
                <Baseline points="744,2372 800,2371 856,2371 912,2371 968,2370 1024,2370 1080,2370 1136,2369 1192,2369 1248,2369 1304,2369 1360,2368 1416,2368 1472,2368 1528,2368 1584,2367 1640,2367 1696,2367 1752,2366 1808,2366 1865,2365"/>
                <TextEquiv>
                    <Unicode>des verbotenen Bühnenwerkes und seines Verfassers auch</Unicode>
                </TextEquiv>
            </TextLine>
            <TextLine id="r3l35" custom="readingOrder {index:34;}">
                <Coords points="740,2416 1883,2415 1882,2378 1783,2363 740,2377"/>
                <Baseline points="747,2417 803,2417 859,2417 916,2417 972,2417 1029,2417 1085,2416 1142,2416 1198,2415 1255,2415 1311,2414 1367,2414 1424,2413 1480,2413 1537,2412 1593,2412 1650,2411 1706,2411 1763,2411 1819,2410 1876,2410"/>
                <TextEquiv>
                    <Unicode>in alle rechtswissenschaftlichen Auseinandersetzungen über</Unicode>
                </TextEquiv>
            </TextLine>
            <TextLine id="r3l36" custom="readingOrder {index:35;}">
                <Coords points="741,2472 1881,2463 1880,2430 1769,2411 740,2417"/>
                <Baseline points="748,2466 804,2465 860,2464 916,2464 973,2463 1029,2462 1085,2461 1142,2461 1198,2460 1254,2460 1311,2460 1367,2459 1423,2459 1479,2459 1536,2458 1592,2458 1648,2458 1705,2458 1761,2458 1817,2458 1874,2458"/>
                <TextEquiv>
                    <Unicode>die „Maßnahme der Sicherheitsbehörde“ hineinzuspielen</Unicode>
                </TextEquiv>
            </TextLine>
            <TextLine id="r3l37" custom="readingOrder {index:36;}">
                <Coords points="738,2522 1877,2510 1876,2472 1807,2465 738,2471"/>
                <Baseline points="746,2511 802,2511 858,2511 914,2511 970,2510 1027,2510 1083,2509 1139,2509 1195,2508 1251,2508 1308,2507 1364,2507 1420,2506 1476,2506 1532,2505 1589,2505 1645,2504 1701,2504 1757,2504 1813,2503 1870,2503"/>
                <TextEquiv>
                    <Unicode>droht. Geradezu mutwillig sind Gesetze durchemander¬</Unicode>
                </TextEquiv>
            </TextLine>
            <TextLine id="r3l38" custom="readingOrder {index:37;}">
                <Coords points="743,2576 1869,2566 1868,2511 743,2526"/>
                <Baseline points="750,2558 805,2558 861,2558 916,2557 972,2557 1028,2557 1083,2556 1139,2556 1194,2555 1250,2555 1306,2554 1361,2554 1417,2553 1472,2553 1528,2552 1584,2552 1639,2551 1695,2551 1750,2550 1806,2549 1862,2549"/>
                <TextEquiv>
                    <Unicode>gewürfelt, die aus schroff einander entgegengesetzten Zeiten</Unicode>
                </TextEquiv>
            </TextLine>
            <TextLine id="r3l39" custom="readingOrder {index:38;}">
                <Coords points="756,2615 1811,2621 1869,2605 1869,2567 756,2573"/>
                <Baseline points="763,2604 820,2604 878,2603 936,2603 994,2603 1052,2603 1110,2602 1167,2602 1225,2602 1283,2601 1341,2601 1399,2600 1457,2600 1514,2599 1572,2598 1630,2598 1688,2597 1746,2595 1804,2594 1862,2592"/>
                <TextEquiv>
                    <Unicode>tammen. Der Entstehung nach trennen fast sieben Jahr¬</Unicode>
                </TextEquiv>
            </TextLine>
            <TextLine id="r3l40" custom="readingOrder {index:39;}">
                <Coords points="736,2666 1661,2663 1804,2652 1804,2615 735,2624"/>
                <Baseline points="743,2653 795,2652 848,2651 901,2650 953,2650 1006,2649 1059,2649 1111,2649 1164,2648 1217,2648 1270,2647 1322,2647 1375,2647 1428,2646 1480,2646 1533,2646 1586,2645 1638,2644 1691,2643 1744,2643 1797,2642"/>
                <TextEquiv>
                    <Unicode>zehnte die Bestimmungen, mit denen die Regierungen</Unicode>
                </TextEquiv>
            </TextLine>
            <TextLine id="r3l41" custom="readingOrder {index:40;}">
                <Coords points="747,2706 1879,2702 1878,2661 1804,2643 747,2656"/>
                <Baseline points="755,2696 810,2696 866,2696 922,2696 978,2696 1034,2696 1089,2696 1145,2695 1201,2695 1257,2694 1313,2694 1368,2693 1424,2693 1480,2692 1536,2691 1592,2691 1647,2690 1703,2689 1759,2689 1815,2688 1871,2688"/>
                <TextEquiv>
                    <Unicode>Bundesregierung und Landesregierung — ihren Rechts¬</Unicode>
                </TextEquiv>
            </TextLine>
            <TextLine id="r3l42" custom="readingOrder {index:41;}">
                <Coords points="750,2761 1845,2752 1879,2705 749,2702"/>
                <Baseline points="756,2744 811,2744 867,2744 923,2743 979,2743 1035,2742 1090,2742 1146,2741 1202,2741 1258,2740 1314,2740 1369,2739 1425,2739 1481,2738 1537,2737 1593,2737 1648,2737 1704,2736 1760,2736 1816,2735 1872,2735"/>
                <TextEquiv>
                    <Unicode>standpunkt begründen. Auf Grund des Bundesverfassungs¬</Unicode>
                </TextEquiv>
            </TextLine>
            <TextLine id="r3l43" custom="readingOrder {index:42;}">
                <Coords points="738,2804 1871,2798 1871,2741 738,2763"/>
                <Baseline points="745,2791 800,2790 856,2789 912,2788 968,2788 1024,2787 1080,2787 1136,2787 1192,2787 1248,2786 1304,2786 1359,2786 1415,2786 1471,2786 1527,2786 1583,2785 1639,2785 1695,2784 1751,2783 1807,2782 1863,2781"/>
                <TextEquiv>
                    <Unicode>gesetzes von 1920 — eines Gesetzes, das sich eine parla¬</Unicode>
                </TextEquiv>
            </TextLine>
            <TextLine id="r3l44" custom="readingOrder {index:43;}">
                <Coords points="740,2844 1868,2843 1867,2800 1820,2786 740,2805"/>
                <Baseline points="748,2836 803,2836 859,2836 914,2836 970,2836 1026,2836 1081,2835 1137,2835 1193,2835 1248,2834 1304,2834 1360,2833 1415,2833 1471,2832 1527,2831 1582,2831 1638,2830 1694,2829 1749,2828 1805,2827 1861,2826"/>
                <TextEquiv>
                    <Unicode>mentarische Republik gegeben — macht der Bundesminister</Unicode>
                </TextEquiv>
            </TextLine>
            <TextLine id="r3l45" custom="readingOrder {index:44;}">
                <Coords points="734,2889 1870,2889 1870,2845 1726,2832 734,2845"/>
                <Baseline points="742,2884 798,2883 854,2883 910,2883 966,2882 1022,2882 1078,2882 1134,2881 1190,2881 1246,2881 1302,2880 1358,2880 1414,2880 1470,2879 1526,2878 1582,2878 1638,2877 1694,2877 1750,2876 1806,2875 1863,2875"/>
                <TextEquiv>
                    <Unicode>von seinem Aufsichtsrechte Gebrauch, wohingegen sich der</Unicode>
                </TextEquiv>
            </TextLine>
            <TextLine id="r3l46" custom="readingOrder {index:45;}">
                <Coords points="736,2939 1850,2939 1870,2888 736,2892"/>
                <Baseline points="743,2930 799,2930 855,2930 911,2929 967,2929 1023,2929 1079,2928 1135,2928 1191,2928 1247,2927 1303,2927 1359,2926 1415,2926 1471,2925 1527,2925 1583,2924 1639,2923 1695,2923 1751,2922 1807,2921 1863,2920"/>
                <TextEquiv>
                    <Unicode>Landeshauptmann von Wien, der sozialdemokratische</Unicode>
                </TextEquiv>
            </TextLine>
            <TextLine id="r3l47" custom="readingOrder {index:46;}">
                <Coords points="732,2991 1872,2973 1871,2929 1796,2922 732,2937"/>
                <Baseline points="739,2977 795,2976 851,2976 907,2975 964,2975 1020,2975 1076,2974 1132,2974 1189,2974 1245,2973 1301,2973 1357,2972 1414,2972 1470,2971 1526,2971 1582,2970 1639,2970 1695,2969 1751,2968 1807,2967 1864,2966"/>
                <TextEquiv>
                    <Unicode>Bürgermeister Reumann, unter Berufung auf eine Ver¬</Unicode>
                </TextEquiv>
            </TextLine>
            <TextLine id="r3l48" custom="readingOrder {index:47;}">
                <Coords points="740,3029 1875,3034 1866,2974 740,2993"/>
                <Baseline points="748,3023 806,3022 865,3022 924,3021 983,3021 1042,3021 1101,3021 1160,3021 1219,3020 1278,3020 1336,3020 1395,3020 1454,3019 1513,3018 1572,3018 1631,3017 1690,3016 1749,3015 1808,3013 1867,3011"/>
                <TextEquiv>
                    <Unicode>ordnung des Ministers Bach vom Jahre 1850 zur</Unicode>
                </TextEquiv>
            </TextLine>
            <TextLine id="r3l49" custom="readingOrder {index:48;}">
                <Coords points="743,3081 775,3087 791,3099 826,3074 855,3079 869,3069 888,3084 907,3074 923,3086 957,3077 957,3030 927,3025 913,3036 892,3030 866,3052 818,3029 785,3036 775,3027 757,3033 743,3027"/>
                <Baseline points="750,3071 775,3069 800,3069 825,3069 850,3070 875,3070 900,3070 925,3070 950,3068"/>
                <TextEquiv>
                    <Unicode>Wehre setzt.</Unicode>
                </TextEquiv>
            </TextLine>
            <TextLine id="r3l50" custom="readingOrder {index:49;}">
                <Coords points="823,3123 1877,3122 1876,3061 1810,3057 1521,3094 1225,3058 1154,3088 823,3075"/>
                <Baseline points="831,3115 882,3115 934,3115 986,3115 1038,3115 1090,3114 1142,3114 1194,3114 1246,3113 1298,3113 1350,3112 1401,3111 1453,3111 1505,3110 1557,3110 1609,3109 1661,3108 1713,3107 1765,3107 1817,3106 1869,3105"/>
                <TextEquiv>
                    <Unicode>Dieses seltsame Zusammentreffen zeigt besonders</Unicode>
                </TextEquiv>
            </TextLine>
            <TextLine id="r3l51" custom="readingOrder {index:50;}">
                <Coords points="734,3177 1882,3157 1847,3113 733,3122"/>
                <Baseline points="740,3163 796,3163 853,3163 910,3163 966,3163 1023,3162 1080,3162 1136,3161 1193,3161 1250,3160 1307,3159 1363,3159 1420,3158 1477,3157 1533,3156 1590,3156 1647,3155 1703,3155 1760,3154 1817,3154 1874,3154"/>
                <TextEquiv>
                    <Unicode>drastisch das Uebergangsstadium, in dem sich unser Staat be¬</Unicode>
                </TextEquiv>
            </TextLine>
            <TextLine id="r3l52" custom="readingOrder {index:51;}">
                <Coords points="738,3230 1621,3228 1871,3213 1871,3165 738,3170"/>
                <Baseline points="745,3211 803,3211 862,3210 921,3210 980,3210 1039,3209 1098,3209 1157,3208 1216,3208 1275,3207 1333,3207 1392,3206 1451,3206 1510,3205 1569,3205 1628,3204 1687,3203 1746,3203 1805,3202 1864,3202"/>
                <TextEquiv>
                    <Unicode>findet. Noch ist alles im Werden. Aelteste Gesetze, nach denen</Unicode>
                </TextEquiv>
            </TextLine>
            <TextLine id="r3l53" custom="readingOrder {index:52;}">
                <Coords points="739,3263 1829,3269 1861,3208 738,3231"/>
                <Baseline points="746,3258 801,3258 856,3258 912,3257 967,3257 1023,3257 1078,3256 1133,3256 1189,3255 1244,3254 1300,3254 1355,3253 1410,3253 1466,3252 1521,3252 1577,3251 1632,3251 1687,3251 1743,3250 1798,3250 1854,3250"/>
                <TextEquiv>
                    <Unicode>monarchische Behörden mehr als ein halbes Jahrhundert</Unicode>
                </TextEquiv>
            </TextLine>
            <TextLine id="r3l54" custom="readingOrder {index:53;}">
                <Coords points="737,3318 1860,3310 1860,3262 1800,3256 1070,3286 737,3261"/>
                <Baseline points="744,3306 799,3306 854,3306 910,3306 965,3305 1021,3305 1076,3304 1132,3304 1187,3303 1243,3302 1298,3301 1353,3301 1409,3300 1464,3299 1520,3299 1575,3299 1631,3298 1686,3298 1742,3298 1797,3298 1853,3298"/>
                <TextEquiv>
                    <Unicode>lang verwalteten, müssen noch immer Anwendung finden,</Unicode>
                </TextEquiv>
            </TextLine>
            <TextLine id="r3l55" custom="readingOrder {index:54;}">
                <Coords points="732,3355 1821,3367 1870,3358 1870,3311 732,3321"/>
                <Baseline points="739,3353 795,3352 851,3352 907,3351 963,3351 1020,3350 1076,3350 1132,3349 1188,3349 1244,3349 1301,3348 1357,3348 1413,3347 1469,3347 1525,3346 1582,3346 1638,3346 1694,3346 1750,3345 1806,3345 1863,3345"/>
                <TextEquiv>
                    <Unicode>weil wir in einem Bundesstaate leben, für dessen wichtigste</Unicode>
                </TextEquiv>
            </TextLine>
            <TextLine id="r3l56" custom="readingOrder {index:55;}">
                <Coords points="724,3407 1856,3405 1855,3360 1722,3349 724,3367"/>
                <Baseline points="731,3398 786,3398 842,3398 898,3398 954,3398 1010,3397 1066,3397 1121,3397 1177,3396 1233,3396 1289,3396 1345,3395 1401,3395 1457,3394 1512,3394 1568,3394 1624,3393 1680,3393 1736,3393 1792,3392 1848,3392"/>
                <TextEquiv>
                    <Unicode>Verwaltungsfragen ein sogenanntes „Uebergangsgesetz“ aus</Unicode>
                </TextEquiv>
            </TextLine>
            <TextLine id="r3l57" custom="readingOrder {index:56;}">
                <Coords points="747,3451 1870,3446 1870,3411 1776,3390 747,3408"/>
                <Baseline points="754,3445 809,3445 864,3445 920,3445 975,3444 1031,3444 1086,3444 1141,3444 1197,3443 1252,3443 1308,3442 1363,3442 1418,3442 1474,3441 1529,3441 1585,3441 1640,3440 1695,3440 1751,3440 1806,3440 1862,3440"/>
                <TextEquiv>
                    <Unicode>schlaggebend ist. So viele Gesetze auch in den Jahren seit dem</Unicode>
                </TextEquiv>
            </TextLine>
            <TextLine id="r3l58" custom="readingOrder {index:57;}">
                <Coords points="731,3505 1855,3508 1861,3448 731,3452"/>
                <Baseline points="738,3492 793,3493 849,3493 905,3493 961,3493 1017,3493 1072,3492 1128,3492 1184,3491 1240,3491 1296,3490 1351,3490 1407,3489 1463,3489 1519,3488 1575,3488 1630,3488 1686,3488 1742,3487 1798,3488 1854,3488"/>
                <TextEquiv>
                    <Unicode>Umsturz geschaffen wurden und werden, sind dennoch</Unicode>
                </TextEquiv>
            </TextLine>
            <TextLine id="r3l59" custom="readingOrder {index:58;}">
                <Coords points="732,3546 1862,3546 1815,3495 732,3504"/>
                <Baseline points="739,3540 794,3540 850,3540 906,3539 962,3539 1017,3539 1073,3539 1129,3538 1185,3538 1240,3537 1296,3537 1352,3537 1408,3536 1463,3536 1519,3535 1575,3535 1631,3535 1686,3535 1742,3535 1798,3535 1854,3535"/>
                <TextEquiv>
                    <Unicode>wichtigste ausständig. Darum scheint es noch nicht an der</Unicode>
                </TextEquiv>
            </TextLine>
            <TextLine id="r3l60" custom="readingOrder {index:59;}">
                <Coords points="739,3603 1860,3595 1860,3545 738,3546"/>
                <Baseline points="745,3589 800,3588 855,3587 911,3586 966,3585 1021,3585 1077,3584 1132,3584 1187,3584 1243,3584 1298,3583 1353,3583 1409,3583 1464,3583 1519,3583 1575,3583 1630,3582 1685,3582 1741,3582 1796,3581 1852,3580"/>
                <TextEquiv>
                    <Unicode>Zeit, schwierige Kompetenzkonflikte zu suchen und aus¬</Unicode>
                </TextEquiv>
            </TextLine>
            <TextLine id="r3l61" custom="readingOrder {index:60;}">
                <Coords points="736,3647 1684,3652 1854,3639 1854,3594 735,3603"/>
                <Baseline points="743,3634 798,3634 853,3633 908,3632 963,3632 1019,3631 1074,3631 1129,3630 1184,3630 1239,3629 1295,3629 1350,3629 1405,3629 1460,3628 1515,3628 1571,3628 1626,3628 1681,3628 1736,3628 1791,3628 1847,3628"/>
                <TextEquiv>
                    <Unicode>zutragen. § 42 des Verfassungsgesetzes vom 1. Oktober 1920,</Unicode>
                </TextEquiv>
            </TextLine>
            <TextLine id="r3l62" custom="readingOrder {index:61;}">
                <Coords points="736,3683 1642,3698 1854,3683 1854,3639 735,3647"/>
                <Baseline points="742,3678 797,3678 852,3678 907,3678 963,3678 1018,3678 1073,3678 1128,3677 1184,3677 1239,3677 1294,3677 1349,3677 1405,3676 1460,3676 1515,3676 1570,3676 1626,3676 1681,3675 1736,3675 1791,3675 1847,3675"/>
                <TextEquiv>
                    <Unicode>St. G. Bl. Nr. 451, betreffend den Uebergang zur bundes¬</Unicode>
                </TextEquiv>
            </TextLine>
            <TextLine id="r3l63" custom="readingOrder {index:62;}">
                <Coords points="740,3736 1861,3738 1861,3688 1824,3681 740,3683"/>
                <Baseline points="747,3724 802,3725 857,3725 913,3726 968,3726 1023,3726 1079,3726 1134,3726 1189,3726 1245,3726 1300,3725 1355,3725 1411,3725 1466,3724 1521,3724 1577,3724 1632,3723 1687,3723 1743,3723 1798,3722 1854,3722"/>
                <TextEquiv>
                    <Unicode>staatlichen Verfassung sieht nämlich drei wichtige Ver¬</Unicode>
                </TextEquiv>
            </TextLine>
            <TextLine id="r3l64" custom="readingOrder {index:63;}">
                <Coords points="733,3784 1862,3785 1862,3738 1792,3728 733,3734"/>
                <Baseline points="740,3773 795,3773 851,3773 907,3773 962,3773 1018,3773 1074,3772 1129,3772 1185,3772 1241,3771 1297,3771 1352,3771 1408,3770 1464,3770 1519,3770 1575,3770 1631,3770 1686,3770 1742,3771 1798,3771 1854,3772"/>
                <TextEquiv>
                    <Unicode>fassungsgesetze vor, bis zu deren Inkrafttreten auf dem</Unicode>
                </TextEquiv>
            </TextLine>
            <TextLine id="r3l65" custom="readingOrder {index:64;}">
                <Coords points="1768,3826 1776,3828 1782,3822 1789,3829 1806,3825 1812,3831 1820,3828 1835,3836 1856,3834 1855,3780 1840,3777 1825,3784 1799,3777 1785,3788 1767,3788"/>
                <Baseline points="1775,3819 1812,3819 1849,3817"/>
                <TextEquiv>
                    <Unicode>Ab¬</Unicode>
                </TextEquiv>
            </TextLine>
            <TextLine id="r3l66" custom="readingOrder {index:65;}">
                <Coords points="729,3823 1768,3836 1768,3781 1728,3778 729,3786"/>
                <Baseline points="735,3818 786,3818 837,3819 888,3819 940,3819 991,3819 1042,3819 1093,3819 1145,3819 1196,3818 1247,3818 1298,3818 1350,3818 1401,3818 1452,3818 1503,3818 1555,3818 1606,3818 1657,3818 1708,3819 1760,3819"/>
                <TextEquiv>
                    <Unicode>Gebiete der Gesetzgebung und Vollziehung, wie es im</Unicode>
                </TextEquiv>
            </TextLine>
            <TextLine id="r3l67" custom="readingOrder {index:66;}">
                <Coords points="742,3874 1794,3879 1784,3822 742,3826"/>
                <Baseline points="749,3866 800,3866 852,3866 904,3866 956,3866 1008,3866 1060,3866 1111,3865 1163,3865 1215,3865 1267,3865 1319,3865 1371,3865 1423,3865 1474,3865 1526,3865 1578,3865 1630,3866 1682,3866 1734,3867 1786,3867"/>
                <TextEquiv>
                    <Unicode>satz 2, lit. a dieses Paragraphen heißt, die Verteilung</Unicode>
                </TextEquiv>
            </TextLine>
            <TextLine id="r3l68" custom="readingOrder {index:67;}">
                <Coords points="740,3934 1855,3932 1855,3885 1801,3873 740,3877"/>
                <Baseline points="747,3914 802,3914 857,3913 912,3912 967,3912 1022,3912 1077,3912 1132,3912 1187,3912 1242,3912 1297,3912 1352,3912 1407,3912 1462,3913 1517,3913 1572,3913 1627,3914 1682,3914 1737,3915 1792,3915 1847,3915"/>
                <TextEquiv>
                    <Unicode>Zuständigkeiten zwischen Bund und Ländern gegenüber der</Unicode>
                </TextEquiv>
            </TextLine>
            <TextLine id="r3l69" custom="readingOrder {index:68;}">
                <Coords points="734,3961 1845,3972 1845,3928 1793,3918 734,3922"/>
                <Baseline points="740,3958 794,3958 849,3958 904,3958 959,3959 1014,3959 1069,3959 1124,3959 1179,3959 1234,3959 1289,3959 1343,3959 1398,3959 1453,3960 1508,3960 1563,3960 1618,3961 1673,3961 1728,3961 1783,3962 1838,3963"/>
                <TextEquiv>
                    <Unicode>bestehenden zwischen Staat und Ländern nicht geändert wird.</Unicode>
                </TextEquiv>
            </TextLine>
            <TextLine id="r3l70" custom="readingOrder {index:69;}">
                <Coords points="728,4010 1853,4022 1853,3972 729,3968"/>
                <Baseline points="736,4005 791,4005 846,4005 902,4005 957,4005 1013,4005 1068,4005 1124,4005 1179,4006 1235,4006 1290,4006 1345,4006 1401,4006 1456,4007 1512,4007 1567,4008 1623,4008 1678,4009 1734,4010 1789,4010 1845,4011"/>
                <TextEquiv>
                    <Unicode>Bis dahin sind auch die Artikel 10 bis 13 und 15 des</Unicode>
                </TextEquiv>
            </TextLine>
            <TextLine id="r3l71" custom="readingOrder {index:70;}">
                <Coords points="721,4058 1871,4063 1871,4014 722,4012"/>
                <Baseline points="728,4051 784,4052 841,4054 898,4054 955,4055 1012,4055 1068,4055 1125,4056 1182,4056 1239,4056 1296,4056 1352,4056 1409,4056 1466,4056 1523,4057 1580,4057 1636,4058 1693,4059 1750,4060 1807,4061 1864,4063"/>
                <TextEquiv>
                    <Unicode>Bundesverfassungsgesetzes, in denen die Kompetenzfragen des</Unicode>
                </TextEquiv>
            </TextLine>
            <TextEquiv>
                <Unicode>box 17/6
A4FEE 1321
Am 14,
beite 2
Wien, Montag
Der Kompetenzkonflikt wegen des „Reigen“.
Verbotes.
Von einem Rechtslehrer.
Wien, 14. Februar.
Die parlamentarische Auseinandersetzung über das
Verbot der „Reigen"=Aufführungen zeigte einen politischen
Kampf ethischer, ästhetischer, verfassungs= und verwaltungs¬
juristischer Anschauungen seltsamster Art. Es gäbe keinen
besseren Beweis für die außerordentlichen Schwierigkeiten
in einem Uebergangszeitalter, wie es das unsere in jedem
Sinne ist, auf irgendeinem Gebiete zu entscheiden, was
Rechtens ist.
Der Bundesbürger, dem das Schicksal so viele einst
liebe Freiheiten genommen hat, ist doppelt reizsam und
eifersüchtig, wenn das letzte Gebiet freien Auslebens, das
der politischen Rechte, angetastet scheint. So droht ein
Zensurverbot, wie es in früheren Zeiten gar nicht selten
erging und jeweils nur das Aergernis der betroffenen
Dichter und Bühnenleiter, vielleicht auch noch eines nicht
gar großen Kreises von Schauspielern und Literaturfreunden
bildete, Anlaß zu einem Verfassungsstreit zu bieten. Oeste
reich mag sich schmeicheln, daß ein Bühnenwerk Auf¬
regungen wachruft, wie nur eine Komödie des Aristophanes
im antiken Athen.
Wäre der Kampf nicht so hart und giftig entbrannt,
stünden nicht so wichtige und für die Zukunft richtung¬
gebende Fragen vor ihrer Klärung, so müßte die erhabene
Jurisprudenz ein Lächeln ankommen, wie seltsam die Ironie
des verbotenen Bühnenwerkes und seines Verfassers auch
in alle rechtswissenschaftlichen Auseinandersetzungen über
die „Maßnahme der Sicherheitsbehörde“ hineinzuspielen
droht. Geradezu mutwillig sind Gesetze durchemander¬
gewürfelt, die aus schroff einander entgegengesetzten Zeiten
tammen. Der Entstehung nach trennen fast sieben Jahr¬
zehnte die Bestimmungen, mit denen die Regierungen
Bundesregierung und Landesregierung — ihren Rechts¬
standpunkt begründen. Auf Grund des Bundesverfassungs¬
gesetzes von 1920 — eines Gesetzes, das sich eine parla¬
mentarische Republik gegeben — macht der Bundesminister
von seinem Aufsichtsrechte Gebrauch, wohingegen sich der
Landeshauptmann von Wien, der sozialdemokratische
Bürgermeister Reumann, unter Berufung auf eine Ver¬
ordnung des Ministers Bach vom Jahre 1850 zur
Wehre setzt.
Dieses seltsame Zusammentreffen zeigt besonders
drastisch das Uebergangsstadium, in dem sich unser Staat be¬
findet. Noch ist alles im Werden. Aelteste Gesetze, nach denen
monarchische Behörden mehr als ein halbes Jahrhundert
lang verwalteten, müssen noch immer Anwendung finden,
weil wir in einem Bundesstaate leben, für dessen wichtigste
Verwaltungsfragen ein sogenanntes „Uebergangsgesetz“ aus
schlaggebend ist. So viele Gesetze auch in den Jahren seit dem
Umsturz geschaffen wurden und werden, sind dennoch
wichtigste ausständig. Darum scheint es noch nicht an der
Zeit, schwierige Kompetenzkonflikte zu suchen und aus¬
zutragen. § 42 des Verfassungsgesetzes vom 1. Oktober 1920,
St. G. Bl. Nr. 451, betreffend den Uebergang zur bundes¬
staatlichen Verfassung sieht nämlich drei wichtige Ver¬
fassungsgesetze vor, bis zu deren Inkrafttreten auf dem
Ab¬
Gebiete der Gesetzgebung und Vollziehung, wie es im
satz 2, lit. a dieses Paragraphen heißt, die Verteilung
Zuständigkeiten zwischen Bund und Ländern gegenüber der
bestehenden zwischen Staat und Ländern nicht geändert wird.
Bis dahin sind auch die Artikel 10 bis 13 und 15 des
Bundesverfassungsgesetzes, in denen die Kompetenzfragen des</Unicode>
            </TextEquiv>
        </TextRegion>
        <TextRegion orientation="0.0" id="r4" custom="readingOrder {index:3;}">
            <Coords points="1919,779 1919,2040 3052,2040 3052,779"/>
            <TextLine id="r4l1" custom="readingOrder {index:0;}">
                <Coords points="2164,843 2187,827 2239,845 2261,829 2276,839 2403,815 2470,773 2513,767 2510,707 2416,723 2275,666 2156,697"/>
                <Baseline points="2170,821 2195,820 2221,818 2247,816 2273,814 2299,813 2325,811 2351,809 2377,808 2403,807 2429,806 2455,806 2481,805 2507,806"/>
                <TextEquiv>
                    <Unicode>stun¬</Unicode>
                </TextEquiv>
            </TextLine>
            <TextLine id="r4l2" custom="readingOrder {index:1;}">
                <Coords points="2594,855 2619,856 2662,826 2708,811 2743,829 2812,825 2805,691 2773,687 2762,698 2716,700 2656,660 2584,642"/>
                <Baseline points="2600,821 2625,816 2651,813 2676,812 2702,811 2727,811 2753,810 2778,810 2804,808"/>
                <TextEquiv>
                    <Unicode>##</Unicode>
                </TextEquiv>
            </TextLine>
            <TextLine id="r4l3" custom="readingOrder {index:2;}">
                <Coords points="2153,935 2795,935 2796,895 2459,869 2153,888"/>
                <Baseline points="2160,912 2191,913 2222,914 2254,915 2285,915 2317,916 2348,916 2380,916 2411,916 2443,916 2474,916 2505,917 2537,917 2568,917 2600,917 2631,917 2663,918 2694,918 2726,919 2757,920 2789,921"/>
                <TextEquiv>
                    <Unicode>Wothe Preie Presse.</Unicode>
                </TextEquiv>
            </TextLine>
            <TextLine id="r4l4" custom="readingOrder {index:3;}">
                <Coords points="1926,1009 3059,1023 3059,960 1927,945"/>
                <Baseline points="1934,998 1989,999 2045,1000 2101,1001 2157,1001 2213,1001 2269,1002 2325,1002 2381,1002 2437,1002 2493,1002 2548,1002 2604,1002 2660,1002 2716,1003 2772,1003 2828,1003 2884,1004 2940,1005 2996,1005 3052,1007"/>
                <TextEquiv>
                    <Unicode>künftigen Bundesstaates geregelt sind, noch nicht wirksam.</Unicode>
                </TextEquiv>
            </TextLine>
            <TextLine id="r4l5" custom="readingOrder {index:4;}">
                <Coords points="1931,1059 3050,1063 3002,1009 1931,1006"/>
                <Baseline points="1938,1048 1993,1048 2048,1048 2103,1049 2159,1049 2214,1049 2269,1049 2324,1049 2380,1049 2435,1049 2490,1049 2545,1049 2601,1050 2656,1050 2711,1050 2766,1051 2822,1051 2877,1052 2932,1052 2987,1053 3043,1054"/>
                <TextEquiv>
                    <Unicode>Der Minister des Innern bleibt also bis dahin unleugbar</Unicode>
                </TextEquiv>
            </TextLine>
            <TextLine id="r4l6" custom="readingOrder {index:5;}">
                <Coords points="1927,1102 3050,1109 3050,1064 2913,1053 1928,1050"/>
                <Baseline points="1934,1093 1989,1093 2044,1094 2100,1094 2155,1095 2211,1095 2266,1095 2322,1096 2377,1096 2433,1097 2488,1097 2543,1097 2599,1098 2654,1098 2710,1098 2765,1098 2821,1099 2876,1099 2932,1099 2987,1100 3043,1100"/>
                <TextEquiv>
                    <Unicode>der oberste Chef der Sicherheitsbehörde, wie sie Minister</Unicode>
                </TextEquiv>
            </TextLine>
            <TextLine id="r4l7" custom="readingOrder {index:6;}">
                <Coords points="1917,1158 3057,1160 3057,1109 2877,1098 1917,1101"/>
                <Baseline points="1924,1140 1980,1141 2036,1141 2092,1142 2149,1142 2205,1143 2261,1143 2318,1143 2374,1144 2430,1144 2487,1145 2543,1145 2599,1145 2655,1145 2712,1146 2768,1146 2824,1146 2881,1147 2937,1147 2993,1147 3050,1148"/>
                <TextEquiv>
                    <Unicode>Bach vor Augen hatte, als er die Theaterordnung Anno 1850</Unicode>
                </TextEquiv>
            </TextLine>
            <TextLine id="r4l8" custom="readingOrder {index:7;}">
                <Coords points="1916,1194 3042,1206 3042,1166 2993,1154 1917,1157"/>
                <Baseline points="1924,1187 1979,1188 2035,1188 2090,1188 2146,1189 2201,1189 2257,1189 2312,1190 2368,1190 2423,1191 2479,1191 2535,1192 2590,1192 2646,1193 2701,1193 2757,1194 2812,1195 2868,1195 2923,1196 2979,1197 3035,1198"/>
                <TextEquiv>
                    <Unicode>unterzeichnete. Und diese Theaterordnung sagt in der</Unicode>
                </TextEquiv>
            </TextLine>
            <TextLine id="r4l9" custom="readingOrder {index:8;}">
                <Coords points="1924,1245 3053,1257 3027,1199 1925,1199"/>
                <Baseline points="1932,1239 1987,1238 2043,1237 2099,1237 2154,1237 2210,1237 2266,1237 2321,1237 2377,1237 2433,1238 2489,1238 2544,1239 2600,1239 2656,1240 2711,1240 2767,1241 2823,1242 2878,1242 2934,1242 2990,1243 3046,1243"/>
                <TextEquiv>
                    <Unicode>„Instruktion an die Statthalter“ klipp und klar: In</Unicode>
                </TextEquiv>
            </TextLine>
            <TextLine id="r4l10" custom="readingOrder {index:9;}">
                <Coords points="1919,1287 3053,1308 3054,1261 2979,1242 1920,1246"/>
                <Baseline points="1926,1282 1982,1282 2038,1283 2094,1283 2150,1283 2206,1283 2262,1284 2318,1284 2374,1284 2430,1285 2486,1285 2542,1286 2598,1286 2654,1287 2710,1287 2766,1288 2822,1289 2878,1289 2934,1290 2990,1291 3046,1292"/>
                <TextEquiv>
                    <Unicode>dringenden Fällen ist selbst den Staatssicherheitsbehörden</Unicode>
                </TextEquiv>
            </TextLine>
            <TextLine id="r4l11" custom="readingOrder {index:10;}">
                <Coords points="1922,1333 3053,1372 3053,1308 2948,1293 1922,1286"/>
                <Baseline points="1929,1330 1984,1330 2040,1330 2096,1330 2152,1330 2208,1330 2264,1330 2319,1331 2375,1332 2431,1332 2487,1333 2543,1334 2599,1335 2655,1335 2710,1336 2766,1337 2822,1337 2878,1338 2934,1338 2990,1338 3046,1338"/>
                <TextEquiv>
                    <Unicode>die Vollmacht erteilt, die weitere Aufführung eines der öffent¬</Unicode>
                </TextEquiv>
            </TextLine>
            <TextLine id="r4l12" custom="readingOrder {index:11;}">
                <Coords points="1923,1385 2797,1404 2788,1344 1924,1335"/>
                <Baseline points="1931,1376 1974,1377 2017,1377 2060,1378 2103,1378 2146,1379 2189,1379 2232,1379 2275,1379 2318,1379 2361,1379 2404,1380 2447,1380 2490,1380 2533,1380 2576,1381 2619,1381 2662,1382 2705,1382 2748,1383 2791,1384"/>
                <TextEquiv>
                    <Unicode>lichen Ruhe gefährlichen Stückes zu untersagen.</Unicode>
                </TextEquiv>
            </TextLine>
            <TextLine id="r4l13" custom="readingOrder {index:12;}">
                <Coords points="2008,1431 2958,1453 3047,1441 3048,1407 2009,1384"/>
                <Baseline points="2015,1423 2066,1424 2117,1425 2168,1426 2220,1426 2271,1427 2322,1428 2374,1428 2425,1429 2476,1429 2528,1429 2579,1430 2630,1430 2681,1431 2733,1431 2784,1431 2835,1432 2887,1433 2938,1433 2989,1434 3041,1434"/>
                <TextEquiv>
                    <Unicode>Die Demokratisierung der Verwaltung ist in Oester¬</Unicode>
                </TextEquiv>
            </TextLine>
            <TextLine id="r4l14" custom="readingOrder {index:13;}">
                <Coords points="1922,1482 3042,1495 3011,1436 1923,1426"/>
                <Baseline points="1929,1472 1984,1472 2039,1472 2094,1473 2150,1473 2205,1473 2260,1474 2316,1474 2371,1475 2426,1475 2482,1476 2537,1476 2592,1477 2647,1477 2703,1478 2758,1478 2813,1479 2869,1480 2924,1481 2979,1481 3035,1482"/>
                <TextEquiv>
                    <Unicode>reich so weit fortgeschritten, daß an einen schärferen Konflikt</Unicode>
                </TextEquiv>
            </TextLine>
            <TextLine id="r4l15" custom="readingOrder {index:14;}">
                <Coords points="1917,1539 2259,1513 2538,1551 3043,1543 3043,1496 2997,1487 1918,1482"/>
                <Baseline points="1924,1522 1979,1521 2035,1521 2090,1521 2146,1521 2202,1521 2257,1521 2313,1522 2368,1522 2424,1523 2480,1524 2535,1525 2591,1526 2646,1526 2702,1527 2758,1528 2813,1529 2869,1529 2924,1530 2980,1530 3036,1530"/>
                <TextEquiv>
                    <Unicode>zwischen Minister und Landeshauptmann kaum zu glauben</Unicode>
                </TextEquiv>
            </TextLine>
            <TextLine id="r4l16" custom="readingOrder {index:15;}">
                <Coords points="1923,1571 3037,1593 3037,1543 3002,1537 1923,1540"/>
                <Baseline points="1930,1567 1985,1567 2040,1567 2095,1567 2150,1568 2205,1568 2260,1569 2315,1569 2370,1570 2425,1571 2480,1572 2535,1573 2590,1574 2645,1575 2700,1575 2755,1576 2810,1576 2865,1577 2920,1577 2975,1578 3030,1577"/>
                <TextEquiv>
                    <Unicode>ist. Beide sind Volksbeauftragte. Mag auch der derzeitige</Unicode>
                </TextEquiv>
            </TextLine>
            <TextLine id="r4l17" custom="readingOrder {index:16;}">
                <Coords points="1919,1632 3045,1632 3045,1596 2927,1582 2370,1603 1920,1569"/>
                <Baseline points="1926,1613 1981,1614 2037,1614 2092,1615 2148,1616 2203,1616 2259,1617 2314,1617 2370,1618 2425,1619 2481,1619 2537,1620 2592,1620 2648,1621 2703,1622 2759,1622 2814,1623 2870,1624 2925,1624 2981,1625 3037,1626"/>
                <TextEquiv>
                    <Unicode>Minister des Innern aus dem Beamtenstande hervor¬</Unicode>
                </TextEquiv>
            </TextLine>
            <TextLine id="r4l18" custom="readingOrder {index:17;}">
                <Coords points="1925,1678 3049,1696 3031,1631 1926,1628"/>
                <Baseline points="1932,1663 1987,1664 2043,1664 2098,1664 2154,1665 2209,1665 2265,1666 2320,1666 2376,1666 2431,1667 2487,1667 2542,1668 2598,1669 2653,1669 2709,1670 2764,1671 2820,1671 2875,1672 2931,1674 2986,1675 3042,1676"/>
                <TextEquiv>
                    <Unicode>gegangen sein, so gilt doch auch für ihn der Ausspruch</Unicode>
                </TextEquiv>
            </TextLine>
            <TextLine id="r4l19" custom="readingOrder {index:18;}">
                <Coords points="1917,1718 3041,1725 3011,1679 1917,1672"/>
                <Baseline points="1924,1709 1979,1709 2035,1710 2090,1711 2146,1711 2201,1712 2257,1713 2312,1713 2368,1714 2423,1715 2479,1716 2534,1716 2590,1717 2645,1718 2701,1719 2756,1719 2812,1720 2867,1721 2923,1721 2978,1722 3034,1723"/>
                <TextEquiv>
                    <Unicode>von Professor Dr. Kelsen: „Das Prinzip der parla¬</Unicode>
                </TextEquiv>
            </TextLine>
            <TextLine id="r4l20" custom="readingOrder {index:19;}">
                <Coords points="1913,1762 3011,1787 3036,1725 2884,1755 2799,1721 1913,1727"/>
                <Baseline points="1920,1755 1975,1755 2030,1756 2086,1756 2141,1757 2197,1758 2252,1758 2308,1759 2363,1760 2419,1761 2474,1762 2529,1762 2585,1763 2640,1764 2696,1765 2751,1766 2807,1767 2862,1768 2918,1769 2973,1770 3029,1770"/>
                <TextEquiv>
                    <Unicode>mentarischen Regierung bewirkt, daß die Minister, also die</Unicode>
                </TextEquiv>
            </TextLine>
            <TextLine id="r4l21" custom="readingOrder {index:20;}">
                <Coords points="1913,1812 3037,1835 3038,1782 2995,1776 1914,1763"/>
                <Baseline points="1920,1803 1975,1804 2031,1804 2086,1805 2142,1805 2197,1806 2253,1807 2308,1807 2364,1808 2419,1809 2475,1810 2530,1811 2586,1811 2641,1812 2697,1813 2752,1814 2808,1814 2863,1815 2919,1816 2974,1817 3030,1818"/>
                <TextEquiv>
                    <Unicode>Ressortchefs der Verwaltung, unter dem entscheidenden Ein¬</Unicode>
                </TextEquiv>
            </TextLine>
            <TextLine id="r4l22" custom="readingOrder {index:21;}">
                <Coords points="1924,1858 3045,1881 3045,1833 2955,1817 2700,1847 2629,1816 1924,1813"/>
                <Baseline points="1931,1852 1986,1852 2041,1853 2097,1853 2152,1854 2207,1854 2263,1855 2318,1856 2373,1856 2429,1857 2484,1858 2539,1859 2595,1860 2650,1861 2705,1862 2761,1862 2816,1863 2871,1865 2927,1865 2982,1866 3038,1867"/>
                <TextEquiv>
                    <Unicode>fluß der Volksvertretung berufen werden. Jeder der beiden</Unicode>
                </TextEquiv>
            </TextLine>
            <TextLine id="r4l23" custom="readingOrder {index:22;}">
                <Coords points="1920,1912 3033,1939 3034,1884 2960,1868 1921,1862"/>
                <Baseline points="1928,1899 1982,1899 2037,1900 2092,1901 2147,1901 2202,1902 2257,1903 2312,1904 2367,1905 2422,1906 2477,1907 2531,1907 2586,1908 2641,1909 2696,1910 2751,1910 2806,1911 2861,1912 2916,1912 2971,1913 3026,1913"/>
                <TextEquiv>
                    <Unicode>Funktionäre kann sich darauf berufen, daß ihn Bundes¬</Unicode>
                </TextEquiv>
            </TextLine>
            <TextLine id="r4l24" custom="readingOrder {index:23;}">
                <Coords points="1912,1963 2836,1988 2862,1934 2786,1909 1913,1912"/>
                <Baseline points="1919,1948 1965,1948 2012,1948 2059,1949 2106,1949 2152,1950 2199,1951 2246,1952 2293,1953 2339,1954 2386,1955 2433,1956 2480,1956 2526,1957 2573,1958 2620,1959 2667,1959 2713,1959 2760,1959 2807,1958 2854,1957"/>
                <TextEquiv>
                    <Unicode>bürger Oesterreichs auf seine Stelle berufen haben.</Unicode>
                </TextEquiv>
            </TextLine>
            <TextLine id="r4l25" custom="readingOrder {index:24;}">
                <Coords points="1953,2043 1985,2036 1997,2043 2007,2035 2027,2042 2034,2034 2078,2050 2102,2039 2100,1986 2084,1980 2070,1977 2045,1991 2026,1990 2013,1978 1994,1990 1951,1989"/>
                <Baseline points="1959,2027 1986,2025 2013,2024 2040,2022 2067,2022 2094,2022"/>
                <TextEquiv>
                    <Unicode>S</Unicode>
                </TextEquiv>
            </TextLine>
            <TextEquiv>
                <Unicode>stun¬
##
Wothe Preie Presse.
künftigen Bundesstaates geregelt sind, noch nicht wirksam.
Der Minister des Innern bleibt also bis dahin unleugbar
der oberste Chef der Sicherheitsbehörde, wie sie Minister
Bach vor Augen hatte, als er die Theaterordnung Anno 1850
unterzeichnete. Und diese Theaterordnung sagt in der
„Instruktion an die Statthalter“ klipp und klar: In
dringenden Fällen ist selbst den Staatssicherheitsbehörden
die Vollmacht erteilt, die weitere Aufführung eines der öffent¬
lichen Ruhe gefährlichen Stückes zu untersagen.
Die Demokratisierung der Verwaltung ist in Oester¬
reich so weit fortgeschritten, daß an einen schärferen Konflikt
zwischen Minister und Landeshauptmann kaum zu glauben
ist. Beide sind Volksbeauftragte. Mag auch der derzeitige
Minister des Innern aus dem Beamtenstande hervor¬
gegangen sein, so gilt doch auch für ihn der Ausspruch
von Professor Dr. Kelsen: „Das Prinzip der parla¬
mentarischen Regierung bewirkt, daß die Minister, also die
Ressortchefs der Verwaltung, unter dem entscheidenden Ein¬
fluß der Volksvertretung berufen werden. Jeder der beiden
Funktionäre kann sich darauf berufen, daß ihn Bundes¬
bürger Oesterreichs auf seine Stelle berufen haben.
S</Unicode>
            </TextEquiv>
        </TextRegion>
    </Page>
</PcGts>
