3444 4448
329 90 490 180 11.
533 108 844 199 Reigen
1037 96 1439 184 box 18/1
819 1102 1892 1225 „Reigen“ mit Hindernissen.
1034 1214 1690 1303 Kleines Schauspielhaus.
818 1284 1934 1361 Der Vorhang teilt sich. Gertrud Eysoldt, die Direktorin, tritt
788 1340 1839 1404 in schöner menschlicher Erregung zu einer Ansprache heraus.
822 1368 1934 1445 Ihr Hauswirt, mit Vor= und Zunamen: Hochschule für Musik,
793 1425 1945 1484 wende auf Arthur Schnitlexs „Reigen“ den Paragraphen
791 1469 1948 1532 des Mietvertrages an, der unzumtige=Stücke verbiete. So sei drei
789 1513 1949 1577 Stunden vor der Aufführung eine Verfügung gekommen: Verbot
789 1555 1947 1626 bei Androhung von sechs Wochen Haft für die Direktion Sladek¬
802 1605 1946 1678 Eysoldt. Wir spielen doch. Wir stehen für die Kunst und für
797 1658 1110 1718 Arthur Schnitzler.
838 1677 1942 1757 Hm. Es bedarf keiner Beteuerung. Ich bin gegen verkappte
791 1737 1938 1796 Zensur, gegen Theaterstörung im letzten Moment, gegen das Ein¬
794 1785 1942 1843 sperren von Künstlerinnen. Aber Frau Eysoldt sagt es ja selbst,
796 1830 1940 1881 daß dieser Fall nicht entschieden werden kann, bevor der Vor¬
790 1876 1175 1936 hang hochgezogen sei.
835 1919 1950 1979 Schnitzlers Dialoge freilich bedürfen der Aufführung nicht, um
793 1956 1943 2024 populär zu werden. Wer sie, als Erwachsener, lesen darf, kennt
796 2001 1947 2068 sie längst und wer sie nicht lesen darf, kennt sie erst recht. Ihre
797 2041 1941 2113 Paare, mit wechselnden Partnern, werfen sich den Ball zu. Wenn
794 2081 1940 2156 er von der Straßendirne Leokadia zur Straßendirne Leokadia zu¬
791 2134 1941 2199 rückgekehrt ist, so haben sich Welt, Halbwelt, Kleinbürgertum, so
795 2175 1941 2243 haben sich Naivität, Blasiertheit. Pose, Eitelkeit, bewußte und un¬
798 2213 1949 2287 bewußte Gefühlslüge im Reigen gedreht. Immer nur ein Paar.
803 2274 1948 2329 Stets vor, in und nach jener Situation, die sich selbst im zensur¬
806 2306 1944 2372 losen Freistaat nicht auf der Bühne zeigt. Gedankenstriche, so
802 2368 1456 2418 drückt jeder Dialog seine Pointe aus.
843 2385 1951 2459 Sollen diese Dialoge, an Glanz und Witz ohne Plumpheit ein
795 2436 1946 2503 beneidetes Besitztum der deutschen Literatur, auf die Bühne
805 2478 1951 2555 kommen? Ich halte mich an den einzig maßgebenden Zensor,
803 2529 1955 2589 nämlich an Arthur Schnitzler selbst. Fünfundzwanzig Jahre lang
810 2580 1950 2639 hat er mit scharfen Verwahrungen jede Aufführung seines
807 2625 1133 2690 „Reigen“ verboten.
839 2654 1957 2718 Wenn er selbst jetzt seinen Spruch umstößt, so hat er
810 2703 1948 2768 der Bühne eine schwere Verantwortung aufgeladen. Denn den
814 2747 1957 2815 Glanz und den Witz seines Dialogs zu treffen, und die Schlingen
811 2789 1952 2864 der Plumpheit zu vermeiden, das ist die delikateste Aufgabe für
807 2833 1961 2904 ein intimes Theater. Nur eine Bühne, die sich dazu berufen fühlt.
811 2890 1364 2948 darf das Wagnis unternehmen.
845 2917 1952 2984 Das Kleine Schauspielhaus ist diese Bühne nicht. Niemand
822 2960 1968 3032 wird, so höre ich einen weihnachtlichen Friedensengel flöten, nie¬
821 3003 1956 3075 mand wird so grausam sein, mit der Haftstrafe Ernst zu machen.
812 3051 1958 3130 So brauchen wir alle also nicht die Dezenz der Aufführung zu
1985 1044 3140 1122 bezeugen. Sie ging bis über die Grenze der Illusion hinaus.
1988 1106 3143 1150 Denn Schnitzlers Gedankenstriche übersetzte der Regisseur Hubert
1993 1147 3142 1199 Rensch in einen grünen Florvorhang, der bei sanfter Musik
1987 1196 3141 1248 für wenige Sekunden über den Paaren zusammenschlug. Ein
1995 1242 3150 1290 Augenblick, gelebt im Paradiese, so konnten sie, mit der Uhr in
1991 1278 3141 1334 der Hand, konstatieren, wenn sie, aufs ehrbarste angezogen, wieder
1991 1321 3135 1383 zum Vorschein kamen. Mit dem Polizeiblick läßt sich also nicht
1998 1374 2606 1426 an der Direktion Sladek aussetzen.
2031 1398 3143 1462 Der Kunst aber und dem Dichter geschah mit dieser Aufführung
1993 1449 3149 1514 kein Gefallen. Das Leben ein Spiel, so heißt Schnitzlers Devise,
2004 1502 3151 1553 und ein Spiel ist ihm auch das Erotische. Wir aber haben in¬
1987 1534 3140 1592 zwischen in Wedekinds und Strindbergs Wert das Stöhnen aus
2003 1583 3147 1650 den Tiefen vernommen und so will Witz und Glanz des Worts
1990 1628 2195 1689 verbleichen.
2028 1640 3140 1726 Zudem bestätigte es sich auf der Bühne, daß diese Dialoge
1999 1704 3149 1762 nicht etwa für das Theater gedacht sind. Was beim Lesen der
1997 1756 3147 1809 Reigen=Novelle auf der Zunge vergeht, versagt auf der Szene und
1997 1805 3148 1854 das saftige Wort zur saftigen Situation werden jene Kunstfreunde
2003 1841 3154 1901 schmerzlich vermissen, die Arthur Schnitzler von nun an als einen
2008 1881 2548 1945 konfiszierten Autor hochschätzen.
2036 1920 3147 1981 Vor allem aber sind die Dialoge nicht für ein Theater gedacht, das
2004 1964 3140 2025 solche Darstellerinnen zu Tänzerinnen im Reigen bestellt! Wenn
1997 2023 3138 2072 sie, im rosaroten Morgenkleid, die Arme ausstreckten, so war das
1997 2063 3144 2117 Niveau dieser Vorstellung klar: Folies Sladek! Für ihre Partner
2001 2102 3144 2159 hatten sich würdigere Kräfte gefunden, darunter die drei dichtenden
2010 2147 3151 2199 Schauspieler Kurt Götz, Karl Etlinger aus Wien und Robert
1994 2191 3141 2247 Forster=Larrinaga. Doch selbst Göt als junger Herr und
1999 2241 3150 2290 Forster Larrinaga als ein famoser Aristokrat konnten den Wider¬
2010 2275 3143 2325 stand ihrer Damen nicht überwinden. Solange in so fragwürdiget
2016 2324 3155 2380 Schauspielkunst das Glitzernde stumpf und das Graziöse platt
1998 2360 3152 2416 wird, so lange sollte der „Reigen“ nicht gewagt werden. Nicht
2011 2397 3148 2454 wegen eines Haftbefehls. Aber um der Kunst und um Schnitzlers
2004 2446 3156 2520 willen, für die ein Theater nun einmal wirksamer eintreten muß
2012 2507 2904 2567 als in Ansprachen vor ind nach der Aufführung.
2771 2510 3119 2609 Monty Jacobs.
2470 2594 3148 2669 Ein Märchennachmittag für die
2044 2600 2461 2678 Aus ben Theatern.
2009 2658 3146 2704 „Deutsche Kinderhilfe“ findet im Künstkertheater, am
2007 2699 3148 2737 30. Dezember, nachmittags ½3 Uhr, statt. Die besten Kräfte der Bar¬
2010 2725 3158 2778 nowsky=Bühnen wirken mit. Den Anfang bildet das Märchenspiel von
2686 2761 2948 2810 Himmelschneider“
3021 2763 3096 2805 In
2007 2766 2652 2808 Max Jungnickel „Fizzli=Fiz der
2011 2803 3156 2866 Zwischenpause werden Damen der Gesellschaft Erfrischungen anbieten.
2055 2829 3150 2890 Leo Ascher leitet in der Komischen Oper die Uraufführung
2011 2868 3154 2921 seiner neuen Opereite „Baroneßchen Sarah“ am 1. Weihnachts¬
2016 2916 3153 2956 feiertag wie auch die Wiederholungen am 1. und 2. Feiertag. Direktor
2009 2948 3146 2990 Charlé hat die Neuheit inszeniert, während die musikalische Einstudierung
2011 2986 3151 3028 Kapellmeister Guttmann besorgte. Die Hauptrollen werden von den
2013 3011 3163 3066 Gästen Paul Heidemann und Pepi Zampa und den übrigen
2021 3041 2667 3101 ersten Kräften des Ensembles dargestellt.
2799 3042 3117 3111 ## Sped s
