3336 4320
216 133 341 206 11.
409 139 511 202 Re
399 155 717 229 igen
662 584 742 642 12
907 146 1318 228 box 18/1
1606 594 1984 661 Der Reigen.
1825 723 2841 803 Anmerkung der Schriftleitung: An dieser Stelle wurde die
780 729 1609 821 Der Reigen. — Von Arthur Schnitzler.
1780 768 2847 842 Bühne dunkel. Soldat und Dirne verschwanden an der Donau¬
1097 798 1306 867 10 Dialoge.
1779 812 2845 882 brücke in den Anlagen. Man hörte Slöhnseufzer. — Die Bühne
1783 861 2838 916 wird hell. Der Soldak kommt aus den Anlagen an der Donau¬
864 856 1521 932 1. Dialog: Die Dirne und der Soldat.
1779 893 2849 971 brücke herausgelaufen und ordnet, dem Publikum zugewandt,
861 918 1536 982 Spät Abends. An der Augartenbrücke.
1783 927 2031 982 sein Beinkleid.
1820 972 2846 1040 Wahrlich, die Aufführung dieser Schweinerei ist eine „siltliche
700 963 1433 1047 Soldat (kommt pfeifend, will nach Hause).
1777 999 1898 1066 Tat'!!
707 1016 1303 1080 Dirne: Komm, mein schöner Engel.
707 1057 1514 1131 Soldat (wendet sich um und geht wieder weiter).
1823 1081 2672 1161 Dirne: Auf der Bank wär's schon besser gewesen.
701 1095 1398 1155 Dirne: Willst du nicht mit mir kommen?
1817 1127 2538 1194 Soldat: Da oder da . . . Na, krall' aufi.
706 1135 1348 1194 Soldat: Ah, ich bin der schöne Engel?
1822 1167 2231 1222 Dirne: Was laufst denn
2238 1172 2299 1222 so —
712 1176 1721 1239 Dirne: Freilich, wer denn? Geh', komm zu mir. Ich wohne
1818 1206 2843 1265 Soldak: Ich muß in die Kasern', ich komm' eh schon zu spät.
671 1210 978 1268 gleich in der Näh.
1820 1245 2394 1300 Dirne: Geh', du, wie heißt denn?
717 1252 1601 1311 Soldat: Ich hab' keine Zeit. Ich muß in die Kasern'!
1823 1284 2711 1360 Soldat: Was interessiert dich denn das, wie ich heiß?
705 1291 1727 1379 Dirne: In die Kasern' kommst immer noch zurecht. Bei mir
1823 1319 2248 1377 Dirne: Ich heiß Leocadia.
666 1324 817 1379 is besser.
1817 1363 2842 1432 Soldat: Ha! — So an' Namen hab' ich auch noch nie gehört.
700 1367 1391 1435 Soldat (ihr nahe): Das ist schon möglich.
1812 1402 2006 1452 Dirne: Du!
700 1410 1724 1476 Dirne: Pst. Jeden Momenk kann ein Wachmann kommen.
1819 1428 2325 1498 Soldat: Na, was willst denn?
704 1450 1725 1522 Soldat: Lächerlich! Wachmann! Ich hab auch mein Seiten¬
660 1487 797 1549 g’wehr!
1810 1482 2848 1560 Dirne: Geh, ein Sechserl für'n Hausmeister gib mir wenig¬
1774 1515 1871 1573 stens!
707 1505 1117 1583 Dirne: Geh', komm mit.
1815 1552 2832 1637 Soldat: Hal . . . . Glaubst, ich bin deine Wurzen ....
704 1550 1588 1649 Soldat: Laß mich in Ruh'. Geld hab' ich eh kein's.
1778 1586 2082 1649 Servus! Leocadia
2081 1617 2148 1647 **
697 1607 1205 1662 Dirne: Ich brauch' kein Geld.
1807 1638 2200 1707 Dirne: Strizzi! Fallot!
707 1637 1723 1726 Soldat bleibt stehen. (Sie sind bei einer Laterne.) Du brauchst
659 1666 1341 1741 kein Geld? Wer bist denn du nachher?
2111 1704 2495 1775 (Er ist verschwunden).
703 1724 1718 1800 Dirne: Zahlen kun mir die Zivilisten. So einer wie du,
656 1764 1302 1830 kann's immer umsonst bei mir haben.
694 1807 1727 1886 Soldat: Du bist am End' die, von der mir der Huber erzählt
1816 1805 2827 1887 Nun fragen wir unsere Leser: Haben wir nicht mit
666 1842 741 1900 hat?
1763 1849 2821 1933 Fug und Recht in der Dezembernummer unserer
704 1865 1295 1935 Dirne: Ich kenn' kein' Huber nicht.
1772 1910 2826 1978 Volkswacht geschrieben: „Hier zeigt sich nur zu deut¬
706 1923 1714 1994 Soldat: Du wirst schon die sein. Weißt — in dem Kaffeehaus
707 1961 1716 2030 der Schiffsgassen — von dort ist er mit dir z'Haus gangen.
1766 1952 2816 2024 lich, daß die Besucher, die betreffende Theater¬
705 1999 1718 2075 Dirne: Von dem Kaffeehaus bin ich schon mit gar vielen
1763 2002 2839 2079 direktion, die Schauspieler und Schauspielerinnen vom
655 2037 1211 2104 z'Haus gangen . . . . .. ohl oh!
1769 2054 2827 2132 Bordell- und Hurengeist beseelt sind Die Kunst muß
701 2079 1285 2146 Soldat: Also geh'n wir, geh'n wir.
1757 2107 2825 2170 in Scham ihr Haupt verhüllen vor solchem Schma¬
697 2118 1206 2176 Dirne: Was, jetzt hast's eilig?
694 2158 1718 2241 Soldat: Na, worauf soll'n wir noch warten? Und um Zehn
1771 2167 2827 2226 roßersum, getrieben von der Ausbeutegier, das auf
660 2195 1122 2253 muß ich in der Kasern' sein.
1767 2201 2818 2280 einer Stufe steht mit dem des Bordellunternehmer¬
699 2231 1328 2285 Dirne: Wie lange dienst denn schon?
1767 2255 2824 2327 tums.“ Und doch muß hier gesagt werden, daß die
700 2276 1599 2343 Soldat: Was geht denn das dich an? Wohnst weit?
1762 2304 2821 2380 übrigen neun Dialoge an Gemeinheit und Nieder¬
696 2316 1266 2375 Dirne: Zehn Minuken zum geh'n.
698 2350 1546 2419 Soldat: Das ist mir zu weit. Gib mir ein Pussel.
1755 2356 2832 2429 trächtigkeil #m ersten nicht nachstehen. Wir haben
694 2394 1715 2483 Dirne (küßt ih..): Das ist mir eh das Liebste, wenn ich einen
1762 2408 2825 2479 uns an de opf gefaßt und uns gefragk: Ist es wirk¬
655 2427 828 2491 gern' hab'
1758 2454 2821 2531 lich mögs# daß solche Schweinerei Jahr und Tag
697 2471 1703 2547 Soldat: Mir nicht. Nein, ich geh' nicht mit dir, es ist mir zu
645 2492 729 2559 weit.
1759 2502 2817 2585 über Deutschlands Bühnen eht? Findet sich kein
693 2536 1552 2637 Dirne: Weißt was, komm' morgen am Nachmittag.
1767 2552 2821 2621 starker Mann in Regierungskreisen, der dieser Bor¬
691 2591 1378 2652 Soldat: Guk is. Gib mir deine Adresse.
1759 2603 2818 2668 dellkunst ein Ende macht? Vom Großstadtpublikum
686 2627 1372 2695 Dirne: Aber du kommst am End' nicht.
1752 2653 2822 2727 kann man nichts anderes erwarten, es ist groß ge¬
690 2667 1176 2723 Soldat: Wenn ich dir's sag'!
1758 2708 2823 2769 wachsen in engsten Räumlichkeiten, mitten unter
689 2705 1706 2773 Dirne: Du, weißt was, wenn's dir zu weit ist heut' Abend
655 2750 1491 2798 zu mir — da . . . da ... (weist auf die Donau).
1761 2750 2828 2823 dem Dirnentum der Bordellstraßen und mußte es
686 2780 1041 2841 Soldat: Was ist das?
1756 2811 2808 2862 von Jugend auf sehen, wie z. B. in einer Hambur¬
682 2829 1704 2897 Dirne: Da ist auch schön ruhig . .. jetzt kommt kein Mensch.
1758 2860 2811 2916 ger Bordellstraße Abend für Abend 50—60 Mäd¬
681 2870 1307 2922 Soldat: Ah, das ist nicht das Rechte.
1759 2905 2817 2973 chen nackt auf der Straße herumlanzen. Hier in diesen
683 2906 1709 2968 Dirne: Bei mir ist immer das Rechte. Geh', bleib' jetzt bei
642 2955 1543 3016 mir. Wer weiß, ob wir morgen noch's Leben haben.
1748 2946 2801 3018 Straßen sahen sie diese Gemeinheit ohne einen Pfen¬
682 2985 1328 3045 Soldat: So komm' — aber g’schwind.
1754 2999 2808 3065 nig dafür ausgeben zu müssen. Aber man kann das
688 3023 1695 3102 Dirne: Gib Obacht, da ist so dunkel. Wennst ausrutsch'st,
1771 3044 2815 3121 Verlangen verstehen, auch diese Niederträchtigkeit
651 3061 973 3112 liegst in der Donau.
690 3096 1172 3158 Soldat: Wär' eh das Beste.
1752 3102 2803 3157 noch einmal auf der Bühne zu sehen, mag es dann
687 3142 1713 3207 Dirne: Pst, so wark' nur ein bissel. Gleich kommen wir zu
1748 3143 2812 3215 kosten, was es will. Deutschlands alte Regierung (wir
641 3177 853 3228 einer Bank.
1752 3201 2807 3276 verteidigen sie hier nicht) war wenigstens stark genug,
690 3206 1220 3271 Soldat: Kennst dich da gut aus?
1746 3242 2738 3312 diese Bordellkunst von der Bühne fernzuhalten.
676 3262 1584 3320 Dirne: So einen wie dich möcht' ich zum Geliebten.
681 3300 1250 3355 Soldak: Ich tät' dir zu viel eifern.
1751 3294 2801 3352 Heute findet sich ein Justizminister a. D., Rechtsanwalt
688 3339 1450 3403 Dirne: Das möcht' ich dir schon abgewöhnen.
1746 3340 2809 3415 Wolfgang Heine bereit, diese Bordellschweinerei
682 3377 875 3425 Soldat: Ha
1746 3389 2806 3457 öffentlich zu verteidigen. Wir lehnen ihn nicht ab,
688 3412 1692 3470 Dirne: Nicht so laut. Manchmal is doch, daß sich ein
1743 3440 2801 3513 weil er Sozialist ist (da sei sich jeder seiner Meinung
639 3450 1692 3529 Wachter her verirrk. Sollk man glauben, daß wir da mitten in
645 3492 1004 3550 der Wienerstadt sind?
1743 3494 2805 3562 gewiß), wir lehnen ihn aber ab, weil er sich zum . ..
681 3536 1179 3589 Soldat: Daher komm', daher.
1852 3541 2803 3600 hirten erniedrigt. Wir bedauern den Stand der
677 3570 1699 3634 Dirne: Aber was fällt dir denn ein, wenn wir da ausrutschen,
1746 3587 2809 3660 Justizminister und der Rechtsanwälte, daß sie ihn unter
641 3612 1135 3665 liegen wir im Wasser unten.
1740 3642 2809 3695 die Ihrigen zählen müssen. Damik halten wir den
679 3655 1228 3705 Soldat (hat sie gepackt): Ah, du
681 3693 1170 3751 Dirne: Halt dich nur fest an.
1744 3686 2806 3760 Reigen für gerichet. Kein Wort sei mehr über ihn
676 3732 1208 3795 Soldat: Hab' kein' Angst ....
1735 3733 1927 3802 verloren.
2249 3732 2758 3811 Adolf Müller, Hamburg.
2035 3814 2109 3881 B
