3392 4224
275 138 795 243 11. Reigen
971 138 1372 241 box 17/1
1433 297 1847 390 Telephon 12801.
1066 396 2226 473 Alex. Weigl’s Unternehmen für Zeitungs-Ausschnitte
2003 448 2188 522 Ausschnitt
1303 468 1977 606 „OBSERYER“
2070 506 2282 596 Nr. 83
944 583 2353 664 I. österr. behördl. conc. Bureau für Zeitungsberichte u. Personalnachrichten
1214 648 2104 728 Wien, I., Concondiaplatz 4.
942 715 2361 791 Vertretungen in Berlin, Budapest, Chicago, Genf, London, Newyork, Paris, Hom,
1312 774 1991 825 Stockholm, Kristiania, St. Petersburg.
952 902 2127 999 Ausschnitt aus: Deatsches Plett, Emburg
955 1064 1129 1125 vom:
1383 1098 1677 1213 171902
1179 1267 1317 1347 ——
1090 1347 2121 1404 Herr Arthur Schnitzler ein Schmutzler. In einer
987 1385 2120 1457 Besprechung von Schnitzlers „Reigen“ heißt es anläßlich
998 1439 2121 1498 der Aufführung im Münchener atademisch=dramatischen
987 1480 2118 1543 Verein in der „Allgemeinen Ztg.“ u. a. folgendermaßen:
993 1538 2112 1594 „Von den zehn kleinen Gesprächen, die der Wiener Schrift¬
992 1582 2126 1653 steller Arthur Schnitzler im Jahre 1900 als Manuskript,
999 1631 2116 1689 im Jahre 1903 für die Oeffentlichkeit drucken ließ, sind
998 1681 2117 1749 vom akademisch=dramatischen Verein drei vor geladenem
1003 1725 2122 1798 Publikum aufgeführt worden. Schnitzler hat durch seine
992 1776 2115 1838 Schauspiele sowie durch mehrere Novellen sich einen der
988 1829 2130 1894 vorderen Plätze in der gegenwärtigen deutschen Literatur
2165 1852 2332 1912 inclusive
998 1879 2119 1935 errungen. Er ist verschiedentlich ausgezeichnet worden,
2185 1905 2297 1950 Porto.
998 1915 2121 1996 auch durch die höchste Ehrung, die sein Vaterland dem
2172 1939 2308 1988 Zahlbar
992 1970 2115 2043 dramatischen Schriftsteller verleihen kann, den Grill¬
2171 1980 2353 2043 im Voraus.
991 2017 2112 2074 parzer=Preis. (Allerdings! Aber zum Erstaunen weitester
2158 2041 2369 2096 te ist das
984 2068 2107 2137 Kreise. Schr.) Der Mann hat also einen geachteten Na¬
2164 2084 2361 2141 cht es den
988 2115 2121 2169 den durch achtbare Leistungen erworben; er hat diesen
2159 2128 2245 2194 ern.
988 2161 2124 2230 Namen zu bewahren; er darf ihn nicht frivol aufs Spiel
2149 2183 2366 2261 ialtend die
995 2204 2115 2276 setzen. Es ist Schnitzlers gutes Recht, die Liebe aufzu¬
2153 2250 2368 2301 Morgen¬
990 2260 2113 2326 fassen, wie er will. Aber es ist auch unser gutes Recht,
2152 2284 2369 2338 r Zeitung")
986 2308 2119 2372 diese Auffassung als unkünstlerisch, als kultur¬
2149 2327 2372 2382 hschaftliche
988 2353 2113 2415 feindlich, als vom Standpunkt jeder Sittlichkeit als
2178 2366 2380 2421 Diese Mit¬
993 2407 2108 2466 unsittlich zu empfinden. Es stand Schnitzler frei,
991 2451 2117 2523 sein Werk zu verfassen; es stand ihm vollkommen frei, es
988 2500 2103 2577 für einen intimeren Kreis, unter Auuschluß der Oeffent¬
988 2550 2111 2618 lichkeit, drucken zu lassen; wie viel Achtung er seinen
987 2597 2108 2671 Freunden gegenüber aufs Spiel zu setzen hat, muß er
987 2645 2105 2717 selbst wissen. Aber was ihm nicht mehr frei stand, war,
973 2693 2119 2766 die Dialoge in die Oeffentlichkeit zu werfen; denn er
990 2734 2113 2814 hatte einen angesehenen Namen zu verlieren, einen der
983 2787 2108 2847 besten, öffentlich am meisten geehrten Namen. Er hat
980 2829 2118 2907 ihn durch diese Veröffentlichung gefährdet, wenn nicht ver¬
989 2893 2111 2961 loren. Denn wenn seine Verteidiger kommen und sagen,
977 2929 2115 3000 es sei sein Künstlerrecht, zu schreiben und drucken zu lassen,
980 2984 2103 3043 was ihm beliebe, wie es ihm beliebe und wann es ihm
978 3023 2113 3098 beliebe, wenn es nur künstlerisch gearbeitet sei, so erwidern
975 3070 2100 3150 wir ihnen, daß die sittliche Gesundheit und Kraft einer
975 3120 2112 3192 Nation denn doch bedeutend gewichtiger sind als die Ver¬
976 3170 2105 3242 öffentlichung einer noch so virtnos gemachten Alkoven¬
966 3214 2111 3288 studie. Wir können uns kaum mehr retten
972 3270 2102 3340 vorall dem Schmutz, der von Paris und Berlin,
973 3312 2109 3382 Wien und Pest her in Deutschland zusammenströmt; es ist
975 3376 2100 3435 geradezu unheimlich, wie tief und rapid der Stand der
981 3413 2106 3484 öffentlichen Anständigkeit in den letzten zehn Jahren ge¬
979 3473 2097 3532 sunken ist, der Schmutz türmt sich höher und höher; er
980 3509 2100 3584 stinkt zum Himmel; kein Stand, kein Lebensalter sind
973 3564 2101 3630 mehr intakt. Man mag Katholik oder Protestant, Christ
977 3606 2095 3671 oder Atheist, radikal oder konservativ sein: Reinheit des
974 3651 2092 3718 Familienlebens, Kenschheit der Frau. Treue des Mannes,
971 3702 2102 3768 Reinhaltung der Jugend. Gesundheit der Geschlechter
976 3745 2098 3818 stehen auf dem Spiele! Und da geht einer von den ersten
976 3807 2101 3876 und geachtetsten deutschen Schriftsteller hin und überläßt
970 3845 1671 3902 der Oeffentlichkeit ein solches Buch.“
1073 3871 2096 3964 Das fremde Blatt macht sich diese Ausführengen zu
962 3933 2090 4006 eigen und versieht sie mit der Ueberschrift „Gegen das
969 3993 2101 4058 viele Unsaubere in der Literatur.“ — Herr Arthur Schnitz¬
971 4038 1621 4120 ler ist ein jüdischer Arzt in Wien.
