3484 4224
971 99 1382 193 box 17/1
263 99 773 202 11. Reigen
540 1018 1370 1155 eilungsnachrichten-
619 1207 1410 1285 Adolf Schustermann
772 1274 1261 1360 Blumen-Strasse 30-81
392 1336 1646 1409 Tel.-Adr.: Adressenhaus Berlin.  Telephon: Amt VII No. 1555.
436 1461 541 1515 ∆
632 1413 1617 1527 Zehrzeng. Königsberger Hartung'sche Zeitung
446 1494 527 1560 3.5
454 1533 506 1584 2
648 1532 1232 1635 Adrere: Königsberg i. Pr.
503 1566 556 1648 6
469 1605 519 1669 2
1204 1595 1387 1696 18. 7.
496 1652 528 1687 —
437 1638 495 1723 92
648 1662 805 1739 Datum:
468 1685 512 1779 7
1015 1721 1536 1818 Neue Belletristik.
423 1752 560 1816 S 4 5
510 1794 559 1850 8
443 1811 483 1860 5
1221 1801 1331 1849 III.*)
725 1834 1897 1899 „Geh'ns, Sie Schlimmer“ sagt das Wiener Waschermadel
628 1890 1909 1945 wenn ein Kavalier gar zu keck zu ihr wird, und man weiß nicht,
469 1908 508 1940 —
634 1933 1906 1989 ob sie ihn nicht noch schlimmer finden würde, wenn er wirklich
472 1935 515 1986 2
476 1980 516 2016 —
507 1948 565 2020 2
651 1977 1908 2029 ginge. Mit dieser Nuance möchten wir das uns heut zur Auf¬
467 1996 527 2037 ∆
471 2024 517 2072 8
650 2022 1902 2080 arbeitung vorliegende Pensum belletristischer Neuheiten als
646 2060 1912 2123 „schlimme Literatur“ bezeichnen. Es ist eine nackte, mindestens
434 2063 547 2151 8 3
645 2109 1853 2161 überstark dekolletierte, kitzlige, herausfordernde Literatur, die
644 2151 1900 2208 der Absicht nach — mit der Kunst ja noch überall an einem Faden
450 2134 555 2227 24
642 2200 1896 2251 zusammenhängt und die wir keineswegs den Heinzemännern denun¬
473 2221 545 2287 2 5
635 2238 1901 2287 ziert sehen möchten, aber diese Literatur scheint nicht mehr für
644 2276 1903 2337 Junggesellen, sondern nachgerade nur noch für jene Greise be¬
555 2326 622 2374 —
653 2328 1895 2382 timmt, die einst die keusche Susanna im Bade belästigten und auch
644 2372 1903 2424 heute allweil nach einer kleinen Aufmunterung ihres Humors
653 2415 1902 2471 schmachten. Der Wert dieser erstaunlichen und oft noch dazu in
636 2459 1912 2512 erstaunliche Umschläge zehüllten dekadenten Greisenlektüre ist sehr
596 2462 632 2503 I
582 2499 618 2549 2
642 2502 1901 2565 gering und setzt sich zumeist auf großen Bahnhöfen in bare Münze
447 2523 618 2593 Zeit-Abor
637 2552 1531 2599 um, und das ist für das Geure charakteristisch.
718 2573 1896 2636 Arthur Schnitzler, dem obersten Bekenner vornehmster Natur¬
643 2624 1905 2676 wahrheit in Wien,uter den Erzeugern solcher Juxartikel zu be¬
630 2676 1896 2728 gegnen, hat uns nicht erfreut. Wohl kennen wir seinen „Anatol“
642 2715 1896 2762 und wissen daher, wie scharf gespannte Saiten der Autor an¬
639 2759 1904 2810 schlagen kann, wenn er die erotischen Kapricen des Salons be¬
635 2802 1905 2856 singt, aber dieser „Reigen“ (Wiener Verlag, Wien und Leipzig),
642 2847 1899 2899 den Schnitzler ausdrücklich für die literarischen Lüstlinge der raffi¬
639 2887 1908 2946 niertesten Sommerbäder instrumentiert zu haben scheint, ist noch etwas
638 2934 1895 2992 ganz anderes. Mit einem Wort zu sagen: ihn zu charakterisieren
634 2981 1910 3031 gibt es nur ein Wort, welches sich nicht sagen läßt, und welches der
638 3015 1897 3065 Sittenschilderer dieser von keinem kleinsten Feigenblättchen beschatteten
635 3063 1905 3121 Massenorgie zehnmal wiederholen müßte. „Reigen“ ist nämlich
641 3108 1901 3160 eine Kette von zehn kurzen, aber inhaltreichen Dialogen zwischen
638 3151 1906 3208 Männlein und Fräulein, in der Er oder Sie der nächsten Sie oder
631 3195 1907 3244 dem nächsten Er gewissermaßen die vom Vorgänger noch warmen
637 3237 1901 3294 Hände oder Lippen reicht — eine chaine anglaise des Liebes¬
635 3288 1896 3339 genusses. Die Dirne — der Soldat; der Soldat — das Stuben¬
635 3328 1901 3394 mädchen; das Stubenmädchen — der junge Herr; der junge Herr
2000 1706 3144 1786 die junge Frau; die junge Frau — der Gatte; der Gatte
1939 1762 3147 1817 das süße Mädel; das süße Mädel — der Dichter; der Dichter
3228 1774 3309 1835 ant
1941 1810 3191 1860 die Schauspielerin; die Schauspielerin — der Graf; der
3224 1815 3296 1866 Ein
1945 1857 3193 1917 Graf — — die Dirne. Das ist das Personal der zehn Szenen,
3228 1860 3303 1913 abe
1938 1897 3188 1950 die in genialer Gleichmäßigkeit und delektierender Variation auf
3222 1901 3308 1958 von
1940 1942 3190 1995 denselben Punkt und dieselben Gedankenstriche hinausführen. Die
3220 1946 3303 2000 zuf
1942 1988 3189 2043 Gedankenstriche (bald weniger bald mehr) sind die eigentliche
3228 1990 3306 2049 Jan
1945 2031 3190 2088 Handlung und zugleich die Katastrophe in diesen Dramoletchen.
3241 2035 3316 2089 ch
1943 2076 3194 2130 Ihre Exposition kann nicht verständlicher, nicht durchsichtiger sein,
3225 2080 3310 2128 wir
1950 2120 3192 2168 die liebe Natur in ihrer ganzen, teils nackten, teils im Auskleiden
3227 2120 3306 2173 daß
3228 2160 3312 2224 Sti
1940 2161 3194 2211 begriffenen Bedürftigkeit; ihre Steigerung ein ungehemmtes
1947 2205 3194 2255 Aufwallen sehr bekannter, aber in der Kunst bisher
1941 2244 3190 2294 immer noch ein bischen beschönigter Instinkte, und der
3226 2240 3295 2317 anz
1951 2290 3203 2343 Schluß eine Abkühlung, in der selbst das glühendste Du
2707 2334 3191 2392 Omne animal triste
1946 2331 2710 2386 zum eisig konventionellen Sie erfriert.
1940 2382 2364 2428 Die Beobachtung des
2370 2380 3199 2436 — sagen wir Dichters ist von einer benei¬
1938 2424 3195 2470 denswerten Tiefe und Lückenlosigkeit, die Kunst, all diese Pärchen
1946 2466 3195 2522 im süßen Wiener Deutsch der „Situation“ und ihrer Individualität
3227 2430 3278 2530 sal
1950 2516 3197 2569 gemäß mit einander plauschen oder konversieren zu lassen, schlecht¬
3230 2514 3293 2572 alt
1950 2564 3191 2612 hin bewundernswert und auch ein Stückchen moderner Kultur.
3230 2561 3306 2612 erst
1934 2597 3197 2646 Wie das Stubenmädel, die Grisette, wie namentlich die Schau¬
3222 2604 3293 2658 rich
1944 2643 3195 2711 spielerin, eine „berühmte Tragödin“, alles Unsagbare sagt das ist
3228 2650 3306 2704 des
1946 2687 3195 2732 eine Offenbarung dieses Departements der „weiblichen Seele
1942 2729 3191 2775 Die Daseinsberechtigung der Schnitzlerschen Dialoge liegt in ihrem
1937 2770 3204 2820 Dialog. Sonst würden sie sich am Ende doch besser zu einem
1950 2816 3201 2867 Separatdruck für persönliche Freunde geeignet haben. Und nun
3227 2822 3304 2873 nich
1936 2865 3207 2915 gar jene Münchener literarische (!) Gesellschaft, die bereits drei
3229 2866 3304 2921 Wi
1946 2900 3200 2955 dieser intimsten Genrebilder mit Abmeißelung der Pointen auf ihre
3237 2913 3299 2962 Fre
1934 2949 3205 2997 Vereinsbühne gebracht hat! Bedurfte es für den Künstler Arthur
3231 2958 3295 3008 nes
1948 2993 3200 3060 Schnitzler einer Strafe, so ist sie ihm mit dieser Einrichtung seines
3234 2998 3292 3045 Sa
1945 3035 2709 3098 Reigen für Pensionate zu teil geworden.
3227 3040 3290 3100 hin
3220 3085 3285 3140 zu
2018 3067 3189 3150 Der Name eines Schriftstellers von Klang, Octave Mir¬
3227 3131 3303 3179 run
3128 3140 3206 3184 die
1937 3127 3124 3187 beau, steht auch vor dem Bändchen novelli##ischer Stizzev,
1932 3182 3200 3236 unter dem anlockenden Titel „Laster“ in eichen Verlage als
3227 3213 3305 3270 star
1939 3210 3203 3275 Band 5 der „Bibliothek berühmter Autore, erschienen sind. Der
3234 3259 3303 3321 und
1940 3262 3199 3311 Pariser Mirbeau, der in Maupassants und révosts Spuren wan¬
3227 3302 3291 3366 sich
1932 3307 3183 3360 delt, hat mit seinem fast frechen „Tagebuch einer Kammerjungfer
1937 3357 3116 3412 und seinen zum größten Teil brillanten „Bauernnovellen“
3142 3351 3193 3406 in
1926 3376 3302 3463 Deutschland Verständnis gefunden. Für die hier vorliegende! Au
